@article{chen2021pruning,
  title={Pruning of deep spiking neural networks through gradient rewiring},
  author={Chen, Yanqi and Yu, Zhaofei and Fang, Wei and Huang, Tiejun and Tian, Yonghong},
  journal={arXiv preprint arXiv:2105.04916},
  year={2021}
}





@inproceedings{yin2021energy,
  title={Energy-efficient models for high-dimensional spike train classification using sparse spiking neural networks},
  author={Yin, Hang and Lee, John Boaz and Kong, Xiangnan and Hartvigsen, Thomas and Xie, Sihong},
  booktitle={Proceedings of the 27th ACM SIGKDD conference on knowledge discovery \& data mining},
  pages={2017--2025},
  year={2021}
}

@article{kappel2015network,
  title={Network plasticity as Bayesian inference},
  author={Kappel, David and Habenschuss, Stefan and Legenstein, Robert and Maass, Wolfgang},
  journal={PLoS computational biology},
  volume={11},
  number={11},
  pages={e1004485},
  year={2015},
  publisher={Public Library of Science San Francisco, CA USA}
}

@inproceedings{qi2018jointly,
  title={Jointly learning network connections and link weights in spiking neural networks.},
  author={Qi, Yu and Shen, Jiangrong and Wang, Yueming and Tang, Huajin and Yu, Hang and Wu, Zhaohui and Pan, Gang and others},
  booktitle={IJCAI},
  pages={1597--1603},
  year={2018}
}

@inproceedings{shen2023esl,
  title={Esl-snns: An evolutionary structure learning strategy for spiking neural networks},
  author={Shen, Jiangrong and Xu, Qi and Liu, Jian K and Wang, Yueming and Pan, Gang and Tang, Huajin},
  booktitle={Proceedings of the AAAI Conference on Artificial Intelligence},
  volume={37},
  pages={86--93},
  year={2023}
}

@inproceedings{kim2022exploring,
  title={Exploring lottery ticket hypothesis in spiking neural networks},
  author={Kim, Youngeun and Li, Yuhang and Park, Hyoungseob and Venkatesha, Yeshwanth and Yin, Ruokai and Panda, Priyadarshini},
  booktitle={European Conference on Computer Vision},
  pages={102--120},
  year={2022},
  organization={Springer}
}

@article{yin2024workload,
  title={Workload-balanced pruning for sparse spiking neural networks},
  author={Yin, Ruokai and Kim, Youngeun and Li, Yuhang and Moitra, Abhishek and Satpute, Nitin and Hambitzer, Anna and Panda, Priyadarshini},
  journal={IEEE Transactions on Emerging Topics in Computational Intelligence},
  year={2024},
  publisher={IEEE}
}


@inproceedings{wu2019direct,
  title={{Direct Training for Spiking Neural Networks: Faster, Larger, Better}},
  author={Wu, Yujie and Deng, Lei and Li, Guoqi and Zhu, Jun and Xie, Yuan and Shi, Luping},
  booktitle={Proceedings of the AAAI Conference on Artificial Intelligence},
  volume={33},
  pages={1311--1318},
  year={2019}
}

@article{diao2023pruning,
  title={Pruning deep neural networks from a sparsity perspective},
  author={Diao, Enmao and Wang, Ganghua and Zhan, Jiawei and Yang, Yuhong and Ding, Jie and Tarokh, Vahid},
  journal={arXiv preprint arXiv:2302.05601},
  year={2023}
}


% ---- CIL APPROCHES PART ---- %
@inproceedings{rebuffi2017icarl,
  title={icarl: Incremental classifier and representation learning},
  author={Rebuffi, Sylvestre-Alvise and Kolesnikov, Alexander and Sperl, Georg and Lampert, Christoph H},
  booktitle={Proceedings of the IEEE conference on Computer Vision and Pattern Recognition},
  pages={2001--2010},
  year={2017}
}

@article{shin2017continual,
  title={Continual learning with deep generative replay},
  author={Shin, Hanul and Lee, Jung Kwon and Kim, Jaehong and Kim, Jiwon},
  journal={Advances in neural information processing systems},
  volume={30},
  year={2017}
}

@inproceedings{lesort2019generative,
  title={Generative models from the perspective of continual learning},
  author={Lesort, Timoth{\'e}e and Caselles-Dupr{\'e}, Hugo and Garcia-Ortiz, Michael and Stoian, Andrei and Filliat, David},
  booktitle={2019 International Joint Conference on Neural Networks (IJCNN)},
  pages={1--8},
  year={2019},
  organization={IEEE}
}

@inproceedings{hou2019learning,
  title={Learning a unified classifier incrementally via rebalancing},
  author={Hou, Saihui and Pan, Xinyu and Loy, Chen Change and Wang, Zilei and Lin, Dahua},
  booktitle={Proceedings of the IEEE/CVF conference on computer vision and pattern recognition},
  pages={831--839},
  year={2019}
}

@article{rajasegaran2019random,
  title={Random path selection for continual learning},
  author={Rajasegaran, Jathushan and Hayat, Munawar and Khan, Salman H and Khan, Fahad Shahbaz and Shao, Ling},
  journal={Advances in neural information processing systems},
  volume={32},
  year={2019}
}

@article{van2020brain,
  title={Brain-inspired replay for continual learning with artificial neural networks},
  author={Van de Ven, Gido M and Siegelmann, Hava T and Tolias, Andreas S},
  journal={Nature communications},
  volume={11},
  number={1},
  pages={4069},
  year={2020},
  publisher={Nature Publishing Group UK London}
}

@inproceedings{douillard2020podnet,
  title={Podnet: Pooled outputs distillation for small-tasks incremental learning},
  author={Douillard, Arthur and Cord, Matthieu and Ollion, Charles and Robert, Thomas and Valle, Eduardo},
  booktitle={Computer vision--ECCV 2020: 16th European conference, Glasgow, UK, August 23--28, 2020, proceedings, part XX 16},
  pages={86--102},
  year={2020},
  organization={Springer}
}

@inproceedings{zhao2020maintaining,
  title={Maintaining discrimination and fairness in class incremental learning},
  author={Zhao, Bowen and Xiao, Xi and Gan, Guojun and Zhang, Bin and Xia, Shu-Tao},
  booktitle={Proceedings of the IEEE/CVF conference on computer vision and pattern recognition},
  pages={13208--13217},
  year={2020}
}

@inproceedings{yan2021dynamically,
  title={DER: Dynamically Expandable Representation for Class Incremental Learning},
  author={Yan, Shipeng and Xie, Jiangwei and He, Xuming},
  booktitle={2021 IEEE/CVF Conference on Computer Vision and Pattern Recognition (CVPR)},
  pages={3013--3022},
  year={2021},
  organization={IEEE}
}

@article{li2021preserving,
  title={Preserving earlier knowledge in continual learning with the help of all previous feature extractors},
  author={Li, Zhuoyun and Zhong, Changhong and Liu, Sijia and Wang, Ruixuan and Zheng, Wei-Shi},
  journal={arXiv preprint arXiv:2104.13614},
  year={2021}
}

@inproceedings{wang2022foster,
  title={Foster: Feature boosting and compression for class-incremental learning},
  author={Wang, Fu-Yun and Zhou, Da-Wei and Ye, Han-Jia and Zhan, De-Chuan},
  booktitle={European conference on computer vision},
  pages={398--414},
  year={2022},
  organization={Springer}
}

@inproceedings{douillard2022dytox,
  title={Dytox: Transformers for continual learning with dynamic token expansion},
  author={Douillard, Arthur and Ram{\'e}, Alexandre and Couairon, Guillaume and Cord, Matthieu},
  booktitle={Proceedings of the IEEE/CVF Conference on Computer Vision and Pattern Recognition},
  pages={9285--9295},
  year={2022}
}

@inproceedings{hu2023dense,
  title={Dense network expansion for class incremental learning},
  author={Hu, Zhiyuan and Li, Yunsheng and Lyu, Jiancheng and Gao, Dashan and Vasconcelos, Nuno},
  booktitle={Proceedings of the IEEE/CVF Conference on Computer Vision and Pattern Recognition},
  pages={11858--11867},
  year={2023}
}

% ---- not-rehearsal CIL method PART ---- %
@article{kirkpatrick2017overcoming,
  title={Overcoming catastrophic forgetting in neural networks},
  author={Kirkpatrick, James and Pascanu, Razvan and Rabinowitz, Neil and Veness, Joel and Desjardins, Guillaume and Rusu, Andrei A and Milan, Kieran and Quan, John and Ramalho, Tiago and Grabska-Barwinska, Agnieszka and others},
  journal={Proceedings of the national academy of sciences},
  volume={114},
  number={13},
  pages={3521--3526},
  year={2017},
  publisher={National Acad Sciences}
}

@inproceedings{zenke2017continual,
  title={Continual learning through synaptic intelligence},
  author={Zenke, Friedemann and Poole, Ben and Ganguli, Surya},
  booktitle={International conference on machine learning},
  pages={3987--3995},
  year={2017},
  organization={PMLR}
}

@article{yoon2017lifelong,
  title={Lifelong learning with dynamically expandable networks},
  author={Yoon, Jaehong and Yang, Eunho and Lee, Jeongtae and Hwang, Sung Ju},
  journal={arXiv preprint arXiv:1708.01547},
  year={2017}
}

@article{fernando2017pathnet,
  title={Pathnet: Evolution channels gradient descent in super neural networks},
  author={Fernando, Chrisantha and Banarse, Dylan and Blundell, Charles and Zwols, Yori and Ha, David and Rusu, Andrei A and Pritzel, Alexander and Wierstra, Daan},
  journal={arXiv preprint arXiv:1701.08734},
  year={2017}
}

@inproceedings{ostapenko2019learning,
  title={Learning to remember: A synaptic plasticity driven framework for continual learning},
  author={Ostapenko, Oleksiy and Puscas, Mihai and Klein, Tassilo and Jahnichen, Patrick and Nabi, Moin},
  booktitle={Proceedings of the IEEE/CVF conference on computer vision and pattern recognition},
  pages={11321--11329},
  year={2019}
}

@inproceedings{golkar2019continual,
  title={Continual Learning via Neural Pruning},
  author={Golkar, Siavash and Kagan, Micheal and Cho, Kyunghyun},
  booktitle={Real Neurons $\{$$\backslash$\&$\}$ Hidden Units: Future directions at the intersection of neuroscience and artificial intelligence@ NeurIPS 2019},
  year={2019}
}

@inproceedings{yu2020semantic,
  title={Semantic drift compensation for class-incremental learning},
  author={Yu, Lu and Twardowski, Bartlomiej and Liu, Xialei and Herranz, Luis and Wang, Kai and Cheng, Yongmei and Jui, Shangling and Weijer, Joost van de},
  booktitle={Proceedings of the IEEE/CVF conference on computer vision and pattern recognition},
  pages={6982--6991},
  year={2020}
}

@inproceedings{kang2022forget,
  title={Forget-free continual learning with winning subnetworks},
  author={Kang, Haeyong and Mina, Rusty John Lloyd and Madjid, Sultan Rizky Hikmawan and Yoon, Jaehong and Hasegawa-Johnson, Mark and Hwang, Sung Ju and Yoo, Chang D},
  booktitle={International Conference on Machine Learning},
  pages={10734--10750},
  year={2022},
  organization={PMLR}
}

@inproceedings{kang2022class,
  title={Class-incremental learning by knowledge distillation with adaptive feature consolidation},
  author={Kang, Minsoo and Park, Jaeyoo and Han, Bohyung},
  booktitle={Proceedings of the IEEE/CVF conference on computer vision and pattern recognition},
  pages={16071--16080},
  year={2022}
}

@inproceedings{zhu2022self,
  title={Self-sustaining representation expansion for non-exemplar class-incremental learning},
  author={Zhu, Kai and Zhai, Wei and Cao, Yang and Luo, Jiebo and Zha, Zheng-Jun},
  booktitle={Proceedings of the IEEE/CVF Conference on Computer Vision and Pattern Recognition},
  pages={9296--9305},
  year={2022}
}

@inproceedings{petit2023fetril,
  title={Fetril: Feature translation for exemplar-free class-incremental learning},
  author={Petit, Gr{\'e}goire and Popescu, Adrian and Schindler, Hugo and Picard, David and Delezoide, Bertrand},
  booktitle={Proceedings of the IEEE/CVF Winter Conference on Applications of Computer Vision},
  pages={3911--3920},
  year={2023}
}

@article{bricken2023sparse,
  title={Sparse distributed memory is a continual learner},
  author={Bricken, Trenton and Davies, Xander and Singh, Deepak and Krotov, Dmitry and Kreiman, Gabriel},
  journal={arXiv preprint arXiv:2303.11934},
  year={2023}
}

% ---- CIL PART ---- %
@article{french1999catastrophic,
  title={Catastrophic forgetting in connectionist networks},
  author={French, Robert M},
  journal={Trends in cognitive sciences},
  volume={3},
  number={4},
  pages={128--135},
  year={1999},
  publisher={Elsevier}
}

@inproceedings{castro2018end,
  title={End-to-end incremental learning},
  author={Castro, Francisco M and Mar{\'\i}n-Jim{\'e}nez, Manuel J and Guil, Nicol{\'a}s and Schmid, Cordelia and Alahari, Karteek},
  booktitle={Proceedings of the European conference on computer vision (ECCV)},
  pages={233--248},
  year={2018}
}

@article{van2019three,
  title={Three scenarios for continual learning},
  author={Van de Ven, Gido M and Tolias, Andreas S},
  journal={arXiv preprint arXiv:1904.07734},
  year={2019}
}

@inproceedings{hayes2020remind,
  title={Remind your neural network to prevent catastrophic forgetting},
  author={Hayes, Tyler L and Kafle, Kushal and Shrestha, Robik and Acharya, Manoj and Kanan, Christopher},
  booktitle={European Conference on Computer Vision},
  pages={466--483},
  year={2020},
  organization={Springer}
}

@inproceedings{iscen2020memory,
  title={Memory-efficient incremental learning through feature adaptation},
  author={Iscen, Ahmet and Zhang, Jeffrey and Lazebnik, Svetlana and Schmid, Cordelia},
  booktitle={Computer Vision--ECCV 2020: 16th European Conference, Glasgow, UK, August 23--28, 2020, Proceedings, Part XVI 16},
  pages={699--715},
  year={2020},
  organization={Springer}
}

@article{tadros2022sleep,
  title={Sleep-like unsupervised replay reduces catastrophic forgetting in artificial neural networks},
  author={Tadros, Timothy and Krishnan, Giri P and Ramyaa, Ramyaa and Bazhenov, Maxim},
  journal={Nature communications},
  volume={13},
  number={1},
  pages={7742},
  year={2022},
  publisher={Nature Publishing Group UK London}
}

@inproceedings{kim2023stability,
  title={On the stability-plasticity dilemma of class-incremental learning},
  author={Kim, Dongwan and Han, Bohyung},
  booktitle={Proceedings of the IEEE/CVF Conference on Computer Vision and Pattern Recognition},
  pages={20196--20204},
  year={2023}
}

@inproceedings{luo2023class,
  title={Class-incremental exemplar compression for class-incremental learning},
  author={Luo, Zilin and Liu, Yaoyao and Schiele, Bernt and Sun, Qianru},
  booktitle={Proceedings of the IEEE/CVF Conference on Computer Vision and Pattern Recognition},
  pages={11371--11380},
  year={2023}
}

% ---- SNN PART ---- %
@article{esser2016cover,
  title={From the cover: Convolutional networks for fast, energy-efficient neuromorphic computing},
  author={Esser, Steven K and Merolla, Paul A and Arthur, John V and Cassidy, Andrew S and Appuswamy, Rathinakumar and Andreopoulos, Alexander and Berg, David J and McKinstry, Jeffrey L and Melano, Timothy and Barch, Davis R and others},
  journal={Proceedings of the National Academy of Sciences of the United States of America},
  volume={113},
  number={41},
  pages={11441},
  year={2016},
  publisher={National Academy of Sciences}
}

@article{wu2018spatio,
  title={Spatio-temporal backpropagation for training high-performance spiking neural networks},
  author={Wu, Yujie and Deng, Lei and Li, Guoqi and Shi, Luping},
  journal={Frontiers in neuroscience},
  volume={12},
  pages={323875},
  year={2018},
  publisher={Frontiers}
}

@article{rathi2020diet,
  title={Diet-snn: Direct input encoding with leakage and threshold optimization in deep spiking neural networks},
  author={Rathi, Nitin and Roy, Kaushik},
  journal={arXiv preprint arXiv:2008.03658},
  year={2020}
}

@inproceedings{zheng2021going,
  title={Going deeper with directly-trained larger spiking neural networks},
  author={Zheng, Hanle and Wu, Yujie and Deng, Lei and Hu, Yifan and Li, Guoqi},
  booktitle={Proceedings of the AAAI conference on artificial intelligence},
  volume={35},
  number={12},
  pages={11062--11070},
  year={2021}
}

@article{fang2021deep,
  title={Deep residual learning in spiking neural networks},
  author={Fang, Wei and Yu, Zhaofei and Chen, Yanqi and Huang, Tiejun and Masquelier, Timoth{\'e}e and Tian, Yonghong},
  journal={Advances in Neural Information Processing Systems},
  volume={34},
  pages={21056--21069},
  year={2021}
}

@inproceedings{deng2021temporal,
  title={Temporal Efficient Training of Spiking Neural Network via Gradient Re-weighting},
  author={Deng, Shikuang and Li, Yuhang and Zhang, Shanghang and Gu, Shi},
  booktitle={International Conference on Learning Representations},
  year={2021}
}

@inproceedings{han2023enhancing,
  title={Enhancing efficient continual learning with dynamic structure development of spiking neural networks},
  author={Han, Bing and Zhao, Feifei and Zeng, Yi and Pan, Wenxuan and Shen, Guobin},
  booktitle={Proceedings of the Thirty-Second International Joint Conference on Artificial Intelligence},
  pages={2993--3001},
  year={2023}
}

@article{han2023adaptive,
  title={Adaptive Reorganization of Neural Pathways for Continual Learning with Spiking Neural Networks},
  author={Han, Bing and Zhao, Feifei and Pan, Wenxuan and Zhao, Zhaoya and Li, Xianqi and Kong, Qingqun and Zeng, Yi},
  journal={arXiv e-prints},
  pages={arXiv--2309},
  year={2023}
}

@article{yang2009stably,
  title={Stably maintained dendritic spines are associated with lifelong memories},
  author={Yang, Guang and Pan, Feng and Gan, Wen-Biao},
  journal={Nature},
  volume={462},
  number={7275},
  pages={920--924},
  year={2009},
  publisher={Nature Publishing Group UK London}
}

@article{flesch2023continual,
  title={Continual task learning in natural and artificial agents},
  author={Flesch, Timo and Saxe, Andrew and Summerfield, Christopher},
  journal={Trends in Neurosciences},
  volume={46},
  number={3},
  pages={199--210},
  year={2023},
  publisher={Elsevier}
}

@article{wang2024comprehensive,
  title={A comprehensive survey of continual learning: Theory, method and application},
  author={Wang, Liyuan and Zhang, Xingxing and Su, Hang and Zhu, Jun},
  journal={IEEE Transactions on Pattern Analysis and Machine Intelligence},
  year={2024},
  publisher={IEEE}
}

@article{chung2013astrocytes,
  title={Astrocytes mediate synapse elimination through MEGF10 and MERTK pathways},
  author={Chung, Won-Suk and Clarke, Laura E and Wang, Gordon X and Stafford, Benjamin K and Sher, Alexander and Chakraborty, Chandrani and Joung, Julia and Foo, Lynette C and Thompson, Andrew and Chen, Chinfei and others},
  journal={Nature},
  volume={504},
  number={7480},
  pages={394--400},
  year={2013},
  publisher={Nature Publishing Group UK London}
}

@article{maass1997networks,
  title={Networks of spiking neurons: the third generation of neural network models},
  author={Maass, Wolfgang},
  journal={Neural networks},
  volume={10},
  number={9},
  pages={1659--1671},
  year={1997},
  publisher={Elsevier}
}

@article{subbulakshmi2021biomimetic,
  title={A biomimetic neural encoder for spiking neural network},
  author={Subbulakshmi Radhakrishnan, Shiva and Sebastian, Amritanand and Oberoi, Aaryan and Das, Sarbashis and Das, Saptarshi},
  journal={Nature communications},
  volume={12},
  number={1},
  pages={2143},
  year={2021},
  publisher={Nature Publishing Group UK London}
}

@article{pei2019towards,
  title={Towards artificial general intelligence with hybrid Tianjic chip architecture},
  author={Pei, Jing and Deng, Lei and Song, Sen and Zhao, Mingguo and Zhang, Youhui and Wu, Shuang and Wang, Guanrui and Zou, Zhe and Wu, Zhenzhi and He, Wei and others},
  journal={Nature},
  volume={572},
  number={7767},
  pages={106--111},
  year={2019},
  publisher={Nature Publishing Group UK London}
}

@article{yang2023cross,
  title={Cross domain lifelong learning based on task similarity},
  author={Yang, Shuojin and Cai, Zhanchuan},
  journal={IEEE transactions on pattern analysis and machine intelligence},
  year={2023},
  publisher={IEEE}
}

@article{kudithipudi2022biological,
  title={Biological underpinnings for lifelong learning machines},
  author={Kudithipudi, Dhireesha and Aguilar-Simon, Mario and Babb, Jonathan and Bazhenov, Maxim and Blackiston, Douglas and Bongard, Josh and Brna, Andrew P and Chakravarthi Raja, Suraj and Cheney, Nick and Clune, Jeff and others},
  journal={Nature Machine Intelligence},
  volume={4},
  number={3},
  pages={196--210},
  year={2022},
  publisher={Nature Publishing Group UK London}
}

@article{bassett2011dynamic,
  title={Dynamic reconfiguration of human brain networks during learning},
  author={Bassett, Danielle S and Wymbs, Nicholas F and Porter, Mason A and Mucha, Peter J and Carlson, Jean M and Grafton, Scott T},
  journal={Proceedings of the National Academy of Sciences},
  volume={108},
  number={18},
  pages={7641--7646},
  year={2011},
  publisher={National Acad Sciences}
}

@article{fang2023spikingjelly,
  title={SpikingJelly: An open-source machine learning infrastructure platform for spike-based intelligence},
  author={Fang, Wei and Chen, Yanqi and Ding, Jianhao and Yu, Zhaofei and Masquelier, Timoth{\'e}e and Chen, Ding and Huang, Liwei and Zhou, Huihui and Li, Guoqi and Tian, Yonghong},
  journal={Science Advances},
  volume={9},
  number={40},
  pages={eadi1480},
  year={2023},
  publisher={American Association for the Advancement of Science}
}

% ---- perhaps biological part? ---- %
@article{abbott1999lapicque,
  title={Lapicque’s introduction of the integrate-and-fire model neuron (1907)},
  author={Abbott, Larry F},
  journal={Brain research bulletin},
  volume={50},
  number={5-6},
  pages={303--304},
  year={1999},
  publisher={Citeseer}
}

@article{rasch2007maintaining,
  title={Maintaining memories by reactivation},
  author={Rasch, Bj{\"o}rn and Born, Jan},
  journal={Current opinion in neurobiology},
  volume={17},
  number={6},
  pages={698--703},
  year={2007},
  publisher={Elsevier}
}

@inproceedings{chen2022state,
  title={State transition of dendritic spines improves learning of sparse spiking neural networks},
  author={Chen, Yanqi and Yu, Zhaofei and Fang, Wei and Ma, Zhengyu and Huang, Tiejun and Tian, Yonghong},
  booktitle={International Conference on Machine Learning},
  pages={3701--3715},
  year={2022},
  organization={PMLR}
}

@inproceedings{shi2023towards,
  title={Towards Energy Efficient Spiking Neural Networks: An Unstructured Pruning Framework},
  author={Shi, Xinyu and Ding, Jianhao and Hao, Zecheng and Yu, Zhaofei},
  booktitle={The Twelfth International Conference on Learning Representations},
  year={2023}
}

@article{oudiette2013upgrading,
  title={Upgrading the sleeping brain with targeted memory reactivation},
  author={Oudiette, Delphine and Paller, Ken A},
  journal={Trends in cognitive sciences},
  volume={17},
  number={3},
  pages={142--149},
  year={2013},
  publisher={Elsevier}
}

@article{van2016hippocampal,
  title={Hippocampal offline reactivation consolidates recently formed cell assembly patterns during sharp wave-ripples},
  author={Van de Ven, Gido M and Trouche, Stephanie and McNamara, Colin G and Allen, Kevin and Dupret, David},
  journal={Neuron},
  volume={92},
  number={5},
  pages={968--974},
  year={2016},
  publisher={Elsevier}
}

% ---- Other PART ---- %

@article{kandel1992biological,
  title={The biological basis of learning and individuality},
  author={Kandel, Eric R and Hawkins, Robert D},
  journal={Scientific American},
  volume={267},
  number={3},
  pages={78--87},
  year={1992},
  publisher={JSTOR}
}

@article{french1999catastrophic,
  title={Catastrophic forgetting in connectionist networks},
  author={French, Robert M},
  journal={Trends in cognitive sciences},
  volume={3},
  number={4},
  pages={128--135},
  year={1999},
  publisher={Elsevier}
}


@article{krizhevsky2009learning,
  title={Learning multiple layers of features from tiny images},
  author={Krizhevsky, Alex and Hinton, Geoffrey and others},
  year={2009},
  publisher={Toronto, ON, Canada}
}

@inproceedings{welling2009herding,
  title={Herding dynamical weights to learn},
  author={Welling, Max},
  booktitle={Proceedings of the 26th annual international conference on machine learning},
  pages={1121--1128},
  year={2009}
}

@article{hinton2015distilling,
  title={Distilling the knowledge in a neural network},
  author={Hinton, Geoffrey and Vinyals, Oriol and Dean, Jeff},
  journal={arXiv preprint arXiv:1503.02531},
  year={2015}
}

@inproceedings{wu2019large,
  title={Large scale incremental learning},
  author={Wu, Yue and Chen, Yinpeng and Wang, Lijuan and Ye, Yuancheng and Liu, Zicheng and Guo, Yandong and Fu, Yun},
  booktitle={Proceedings of the IEEE/CVF conference on computer vision and pattern recognition},
  pages={374--382},
  year={2019}
}



@article{kay1999odor,
  title={Odor-and context-dependent modulation of mitral cell activity in behaving rats},
  author={Kay, Leslie M and Laurent, Gilles},
  journal={Nature neuroscience},
  volume={2},
  number={11},
  pages={1003--1009},
  year={1999},
  publisher={Nature Publishing Group}
}

@article{levinson2020context,
  title={Context-dependent odor learning requires the anterior olfactory nucleus},
  author={Levinson, Max and Kolenda, Jacob P and Alexandrou, Gabriella J and Escanilla, Olga and Cleland, Thomas A and Smith, David M and Linster, Christiane},
  journal={Behavioral Neuroscience},
  volume={134},
  number={4},
  pages={332},
  year={2020},
  publisher={American Psychological Association}
}


@article{kandel1992biological,
  title={The biological basis of learning and individuality},
  author={Kandel, Eric R and Hawkins, Robert D},
  journal={Scientific American},
  volume={267},
  number={3},
  pages={78--87},
  year={1992},
  publisher={JSTOR}
}


@article{imam2020rapid,
  title={Rapid online learning and robust recall in a neuromorphic olfactory circuit},
  author={Imam, Nabil and Cleland, Thomas A},
  journal={Nature Machine Intelligence},
  volume={2},
  number={3},
  pages={181--191},
  year={2020},
  publisher={Nature Publishing Group UK London}
}



@article{deng2021comprehensive,
  title={Comprehensive snn compression using admm optimization and activity regularization},
  author={Deng, Lei and Wu, Yujie and Hu, Yifan and Liang, Ling and Li, Guoqi and Hu, Xing and Ding, Yufei and Li, Peng and Xie, Yuan},
  journal={IEEE transactions on neural networks and learning systems},
  year={2021},
  publisher={IEEE}
}

@inproceedings{zhu2023exploring,
  title={Exploring Loss Functions for Time-based Training Strategy in Spiking Neural Networks},
  author={Zhu, Yaoyu and Fang, Wei and Xie, Xiaodong and Huang, Tiejun and Yu, Zhaofei},
  booktitle={Thirty-seventh Conference on Neural Information Processing Systems},
  year={2023}
}

@article{yin2023accurate,
  title={Accurate online training of dynamical spiking neural networks through forward propagation through time},
  author={Yin, Bojian and Corradi, Federico and Bohte, Sander M},
  journal={Nature Machine Intelligence},
  pages={1--10},
  year={2023},
  publisher={Nature Publishing Group UK London}
}



@article{kudithipudi2022biological,
  title={Biological underpinnings for lifelong learning machines},
  author={Kudithipudi, Dhireesha and Aguilar-Simon, Mario and Babb, Jonathan and Bazhenov, Maxim and Blackiston, Douglas and Bongard, Josh and Brna, Andrew P and Chakravarthi Raja, Suraj and Cheney, Nick and Clune, Jeff and others},
  journal={Nature Machine Intelligence},
  volume={4},
  number={3},
  pages={196--210},
  year={2022},
  publisher={Nature Publishing Group UK London}
}




@article{markram1997regulation,
  title={Regulation of synaptic efficacy by coincidence of postsynaptic APs and EPSPs},
  author={Markram, Henry and L{\"u}bke, Joachim and Frotscher, Michael and Sakmann, Bert},
  journal={Science},
  volume={275},
  number={5297},
  pages={213--215},
  year={1997},
  publisher={American Association for the Advancement of Science}
}

@article{dan2004spike,
  title={Spike timing-dependent plasticity of neural circuits},
  author={Dan, Yang and Poo, Mu-ming},
  journal={Neuron},
  volume={44},
  number={1},
  pages={23--30},
  year={2004},
  publisher={Elsevier}
}

@article{orchard2015converting,
  title={Converting static image datasets to spiking neuromorphic datasets using saccades},
  author={Orchard, Garrick and Jayawant, Ajinkya and Cohen, Gregory K and Thakor, Nitish},
  journal={Frontiers in neuroscience},
  volume={9},
  pages={437},
  year={2015},
  publisher={Frontiers Media SA}
}

@article{morrison2008phenomenological,
  title={Phenomenological models of synaptic plasticity based on spike timing},
  author={Morrison, Abigail and Diesmann, Markus and Gerstner, Wulfram},
  journal={Biological cybernetics},
  volume={98},
  pages={459--478},
  year={2008},
  publisher={Springer}
}

@article{gerstner2018eligibility,
  title={Eligibility traces and plasticity on behavioral time scales: experimental support of neohebbian three-factor learning rules},
  author={Gerstner, Wulfram and Lehmann, Marco and Liakoni, Vasiliki and Corneil, Dane and Brea, Johanni},
  journal={Frontiers in neural circuits},
  volume={12},
  pages={53},
  year={2018},
  publisher={Frontiers Media SA}
}

@article{izhikevich2004model,
  title={Which model to use for cortical spiking neurons?},
  author={Izhikevich, Eugene M},
  journal={IEEE transactions on neural networks},
  volume={15},
  number={5},
  pages={1063--1070},
  year={2004},
  publisher={Ieee}
}

@article{bricken2023sparse,
  title={Sparse Distributed Memory is a Continual Learner},
  author={Bricken, Trenton and Davies, Xander and Singh, Deepak and Krotov, Dmitry and Kreiman, Gabriel},
  journal={arXiv preprint arXiv:2303.11934},
  year={2023}
}

@article{shen2021algorithmic,
  title={Algorithmic insights on continual learning from fruit flies},
  author={Shen, Yang and Dasgupta, Sanjoy and Navlakha, Saket},
  journal={arXiv preprint arXiv:2107.07617},
  year={2021}
}

@article{hammouamri2022mitigating,
  title={Mitigating Catastrophic Forgetting in Spiking Neural Networks through Threshold Modulation},
  author={Hammouamri, Ilyass and Masquelier, Timoth{\'e}e and Wilson, Dennis},
  journal={Transactions on Machine Learning Research},
  year={2022}
}

@article{xiao2019enhancing,
  title={Enhancing adversarial defense by k-winners-take-all},
  author={Xiao, Chang and Zhong, Peilin and Zheng, Changxi},
  journal={arXiv preprint arXiv:1905.10510},
  year={2019}
}

@misc{dale1935pharmacology,
  title={Pharmacology and nerve-endings},
  author={Dale, Henry},
  year={1935},
  publisher={SAGE Publications}
}

@article{kirkpatrick2017overcoming,
  title={Overcoming catastrophic forgetting in neural networks},
  author={Kirkpatrick, James and Pascanu, Razvan and Rabinowitz, Neil and Veness, Joel and Desjardins, Guillaume and Rusu, Andrei A and Milan, Kieran and Quan, John and Ramalho, Tiago and Grabska-Barwinska, Agnieszka and others},
  journal={Proceedings of the national academy of sciences},
  volume={114},
  number={13},
  pages={3521--3526},
  year={2017},
  publisher={National Acad Sciences}
}

@inproceedings{aljundi2018memory,
  title={Memory aware synapses: Learning what (not) to forget},
  author={Aljundi, Rahaf and Babiloni, Francesca and Elhoseiny, Mohamed and Rohrbach, Marcus and Tuytelaars, Tinne},
  booktitle={Proceedings of the European conference on computer vision (ECCV)},
  pages={139--154},
  year={2018}
}

@inproceedings{zenke2017continual,
  title={Continual learning through synaptic intelligence},
  author={Zenke, Friedemann and Poole, Ben and Ganguli, Surya},
  booktitle={International conference on machine learning},
  pages={3987--3995},
  year={2017},
  organization={PMLR}
}

@article{lecun2015deep,
  title={Deep learning},
  author={LeCun, Yann and Bengio, Yoshua and Hinton, Geoffrey},
  journal={nature},
  volume={521},
  number={7553},
  pages={436--444},
  year={2015},
  publisher={Nature Publishing Group UK London}
}

@incollection{mccloskey1989catastrophic,
  title={Catastrophic interference in connectionist networks: The sequential learning problem},
  author={McCloskey, Michael and Cohen, Neal J},
  booktitle={Psychology of learning and motivation},
  volume={24},
  pages={109--165},
  year={1989},
  publisher={Elsevier}
}

@article{french1999catastrophic,
  title={Catastrophic forgetting in connectionist networks},
  author={French, Robert M},
  journal={Trends in cognitive sciences},
  volume={3},
  number={4},
  pages={128--135},
  year={1999},
  publisher={Elsevier}
}



@article{neftci2019surrogate,
  title={Surrogate gradient learning in spiking neural networks: Bringing the power of gradient-based optimization to spiking neural networks},
  author={Neftci, Emre O and Mostafa, Hesham and Zenke, Friedemann},
  journal={IEEE Signal Processing Magazine},
  volume={36},
  number={6},
  pages={51--63},
  year={2019},
  publisher={IEEE}
}

@article{antonov2022continuous,
  title={Continuous learning of spiking networks trained with local rules},
  author={Antonov, DI and Sviatov, KV and Sukhov, Sergey},
  journal={Neural Networks},
  volume={155},
  pages={512--522},
  year={2022},
  publisher={Elsevier}
}

@article{skatchkovsky2022bayesian,
  title={Bayesian continual learning via spiking neural networks},
  author={Skatchkovsky, Nicolas and Jang, Hyeryung and Simeone, Osvaldo},
  journal={arXiv preprint arXiv:2208.13723},
  year={2022}
}

@article{tadros2022sleep,
  title={Sleep-like unsupervised replay reduces catastrophic forgetting in artificial neural networks},
  author={Tadros, Timothy and Krishnan, Giri P and Ramyaa, Ramyaa and Bazhenov, Maxim},
  journal={Nature Communications},
  volume={13},
  number={1},
  pages={7742},
  year={2022},
  publisher={Nature Publishing Group UK London}
}

@article{van2020brain,
  title={Brain-inspired replay for continual learning with artificial neural networks},
  author={Van de Ven, Gido M and Siegelmann, Hava T and Tolias, Andreas S},
  journal={Nature communications},
  volume={11},
  number={1},
  pages={4069},
  year={2020},
  publisher={Nature Publishing Group UK London}
}

@article{arani2022learning,
  title={Learning fast, learning slow: A general continual learning method based on complementary learning system},
  author={Arani, Elahe and Sarfraz, Fahad and Zonooz, Bahram},
  journal={arXiv preprint arXiv:2201.12604},
  year={2022}
}

@inproceedings{kang2022forget,
  title={Forget-free continual learning with winning subnetworks},
  author={Kang, Haeyong and Mina, Rusty John Lloyd and Madjid, Sultan Rizky Hikmawan and Yoon, Jaehong and Hasegawa-Johnson, Mark and Hwang, Sung Ju and Yoo, Chang D},
  booktitle={International Conference on Machine Learning},
  pages={10734--10750},
  year={2022},
  organization={PMLR}
}

@inproceedings{rebuffi2017icarl,
  title={icarl: Incremental classifier and representation learning},
  author={Rebuffi, Sylvestre-Alvise and Kolesnikov, Alexander and Sperl, Georg and Lampert, Christoph H},
  booktitle={Proceedings of the IEEE conference on Computer Vision and Pattern Recognition},
  pages={2001--2010},
  year={2017}
}

@article{yoon2017lifelong,
  title={Lifelong learning with dynamically expandable networks},
  author={Yoon, Jaehong and Yang, Eunho and Lee, Jeongtae and Hwang, Sung Ju},
  journal={arXiv preprint arXiv:1708.01547},
  year={2017}
}

@article{ahmad2019can,
  title={How can we be so dense? The benefits of using highly sparse representations},
  author={Ahmad, Subutai and Scheinkman, Luiz},
  journal={arXiv preprint arXiv:1903.11257},
  year={2019}
}

@article{fedus2022switch,
  title={Switch transformers: Scaling to trillion parameter models with simple and efficient sparsity},
  author={Fedus, William and Zoph, Barret and Shazeer, Noam},
  journal={The Journal of Machine Learning Research},
  volume={23},
  number={1},
  pages={5232--5270},
  year={2022},
  publisher={JMLRORG}
}

@article{karmarkar2006experience,
  title={Experience-dependent plasticity in adult visual cortex},
  author={Karmarkar, Uma R and Dan, Yang},
  journal={Neuron},
  volume={52},
  number={4},
  pages={577--585},
  year={2006},
  publisher={Elsevier}
}

@article{flesch2023modelling,
  title={Modelling continual learning in humans with Hebbian context gating and exponentially decaying task signals},
  author={Flesch, Timo and Nagy, David G and Saxe, Andrew and Summerfield, Christopher},
  journal={PLOS Computational Biology},
  volume={19},
  number={1},
  pages={e1010808},
  year={2023},
  publisher={Public Library of Science San Francisco, CA USA}
}

@article{lecun1998gradient,
  title={Gradient-based learning applied to document recognition},
  author={LeCun, Yann and Bottou, L{\'e}on and Bengio, Yoshua and Haffner, Patrick},
  journal={Proceedings of the IEEE},
  volume={86},
  number={11},
  pages={2278--2324},
  year={1998},
  publisher={Ieee}
}

@article{krizhevsky2009learning,
  title={Learning multiple layers of features from tiny images},
  author={Krizhevsky, Alex and Hinton, Geoffrey and others},
  year={2009},
  publisher={Toronto, ON, Canada}
}

@article{mcinnes2018umap,
  title={Umap: Uniform manifold approximation and projection for dimension reduction},
  author={McInnes, Leland and Healy, John and Melville, James},
  journal={arXiv preprint arXiv:1802.03426},
  year={2018}
}

@article{wu2018spatio,
  title={Spatio-temporal backpropagation for training high-performance spiking neural networks},
  author={Wu, Yujie and Deng, Lei and Li, Guoqi and Zhu, Jun and Shi, Luping},
  journal={Frontiers in neuroscience},
  volume={12},
  pages={331},
  year={2018},
  publisher={Frontiers Media SA}
}

@article{stevens2015fly,
  title={What the fly’s nose tells the fly’s brain},
  author={Stevens, Charles F},
  journal={Proceedings of the National Academy of Sciences},
  volume={112},
  number={30},
  pages={9460--9465},
  year={2015},
  publisher={National Acad Sciences}
}

@article{lin2014sparse,
  title={Sparse, decorrelated odor coding in the mushroom body enhances learned odor discrimination},
  author={Lin, Andrew C and Bygrave, Alexei M and De Calignon, Alix and Lee, Tzumin and Miesenb{\"o}ck, Gero},
  journal={Nature neuroscience},
  volume={17},
  number={4},
  pages={559--568},
  year={2014},
  publisher={Nature Publishing Group US New York}
}





@article{shen2021hybridsnn,
  title={HybridSNN: Combining bio-machine strengths by boosting adaptive spiking neural networks},
  author={Shen, Jiangrong and Zhao, Yu and Liu, Jian K and Wang, Yueming},
  journal={IEEE Transactions on Neural Networks and Learning Systems},
volume={34},
  number={9},
pages={5841 - 5855},
  year={2021},
  publisher={IEEE}
}

@inproceedings{xu2023constructing,
  title={Constructing deep spiking neural networks from artificial neural networks with knowledge distillation},
  author={Xu, Qi and Li, Yaxin and Shen, Jiangrong and Liu, Jian K and Tang, Huajin and Pan, Gang},
  booktitle={Proceedings of the IEEE/CVF Conference on Computer Vision and Pattern Recognition},
  pages={7886--7895},
  year={2023}
}

@article{guo2023joint,
  title={Joint A-SNN: Joint training of artificial and spiking neural networks via self-Distillation and weight factorization},
  author={Guo, Yufei and Peng, Weihang and Chen, Yuanpei and Zhang, Liwen and Liu, Xiaode and Huang, Xuhui and Ma, Zhe},
  journal={Pattern Recognition},
  volume={142},
  pages={109639},
  year={2023},
  publisher={Elsevier}
}

@article{xu2021robust,
  title={Robust transcoding sensory information with neural spikes},
  author={Xu, Qi and Shen, Jiangrong and Ran, Xuming and Tang, Huajin and Pan, Gang and Liu, Jian K},
  journal={IEEE Transactions on Neural Networks and Learning Systems},
  volume={33},
  number={5},
  pages={1935--1946},
  year={2021},
  publisher={IEEE}
}


@inproceedings{bu2023rate,
  title={Rate Gradient Approximation Attack Threats Deep Spiking Neural Networks},
  author={Bu, Tong and Ding, Jianhao and Hao, Zecheng and Yu, Zhaofei},
  booktitle={Proceedings of the IEEE/CVF Conference on Computer Vision and Pattern Recognition},
  pages={7896--7906},
  year={2023}
}


@article{zhang2021rectified,
  title={Rectified linear postsynaptic potential function for backpropagation in deep spiking neural networks},
  author={Zhang, Malu and Wang, Jiadong and Wu, Jibin and Belatreche, Ammar and Amornpaisannon, Burin and Zhang, Zhixuan and Miriyala, Venkata Pavan Kumar and Qu, Hong and Chua, Yansong and Carlson, Trevor E and others},
  journal={IEEE transactions on neural networks and learning systems},
  volume={33},
  number={5},
  pages={1947--1958},
  year={2021},
  publisher={IEEE}
}


@article{Shen_Xu_Liu_Wang_Pan_Tang_2023, title={ESL-SNNs: An Evolutionary Structure Learning Strategy for Spiking Neural Networks}, volume={37}, DOI={10.1609/aaai.v37i1.25079},number={1}, journal={Proceedings of the AAAI Conference on Artificial Intelligence}, author={Shen, Jiangrong and Xu, Qi and Liu, Jian K. and Wang, Yueming and Pan, Gang and Tang, Huajin}, year={2023}, month={Jun.}, pages={86-93} }


@inproceedings{smith2023closer,
title={A closer look at rehearsal-free continual learning},
author={Smith, James Seale and Tian, Junjiao and Halbe, Shaunak and Hsu, Yen-Chang and Kira, Zsolt},
booktitle={Proceedings of the IEEE/CVF Conference on Computer Vision and Pattern Recognition},
pages={2409--2419},
year={2023}
}

@inproceedings{zhu2023exploring,
  title={Exploring Loss Functions for Time-based Training Strategy in Spiking Neural Networks},
  author={Zhu, Yaoyu and Fang, Wei and Xie, Xiaodong and Huang, Tiejun and Yu, Zhaofei},
  booktitle={Thirty-seventh Conference on Neural Information Processing Systems},
  year={2023}
}


%[002]
@article{perkonigg2021dynamic,
title={Dynamic memory to alleviate catastrophic forgetting in continual learning with medical imaging},
author={Perkonigg, Matthias and Hofmanninger, Johannes and Herold, Christian J and Brink, James A and Pianykh, Oleg and Prosch, Helmut and Langs, Georg},
journal={Nature communications},
volume={12},
number={1},
pages={5678},
year={2021},
publisher={Nature Publishing Group UK London}
}

@article{mocanu2018scalable,
  title={{Scalable Training of Artificial Neural Networks with Adaptive Sparse Connectivity Inspired by Network Science}},
  author={Mocanu, Decebal Constantin and Mocanu, Elena and Stone, Peter and Nguyen, Phuong H and Gibescu, Madeleine and Liotta, Antonio},
  journal={Nature communications},
  volume={9},
  number={1},
  pages={1--12},
  year={2018},
  publisher={Nature Publishing Group}
}


@article{wu2021liaf,
  title={{Liaf-net: Leaky Integrate and Analog Fire Network for Lightweight and Efficient Spatiotemporal Information Processing}},
  author={Wu, Zhenzhi and Zhang, Hehui and Lin, Yihan and Li, Guoqi and Wang, Meng and Tang, Ye},
  journal={IEEE Transactions on Neural Networks and Learning Systems},
  year={2021},
  publisher={IEEE}
}

@article{kugele2020efficient,
  title={{Efficient Processing of Spatio-temporal Data Streams with Spiking Neural Networks}},
  author={Kugele, Alexander and Pfeil, Thomas and Pfeiffer, Michael and Chicca, Elisabetta},
  journal={Frontiers in neuroscience},
  volume={14},
  pages={439},
  year={2020},
  publisher={Frontiers}
}


@article{lee_training_2018,
	title = {Training {Deep} {Spiking} {Convolutional} {Neural} {Networks} {With} {STDP}-{Based} {Unsupervised} {Pre}-training {Followed} by {Supervised} {Fine}-{Tuning}},
	volume = {12},
	issn = {1662-453X},
	doi = {10.3389/fnins.2018.00435},
	language = {English},
	urldate = {2020-05-31},
	journal = {Frontiers in Neuroscience},
	author = {Lee, Chankyu and Panda, Priyadarshini and Srinivasan, Gopalakrishnan and Roy, Kaushik},
	month = Aug,
	year = {2018}
}




@article{bellec2018long,
  title={{Long Short-term Memory and Learning-to-learn in Networks of Spiking Neurons}},
  author={Bellec, Guillaume and Salaj, Darjan and Subramoney, Anand and Legenstein, Robert and Maass, Wolfgang},
  journal={Advances in neural information processing systems},
  volume={31},
  year={2018}
}

@article{liu2018memory,
  title={{Memory-efficient Deep Learning on a SpiNNaker 2 Prototype}},
  author={Liu, Chen and Bellec, Guillaume and Vogginger, Bernhard and Kappel, David and Partzsch, Johannes and Neum{\"a}rker, Felix and H{\"o}ppner, Sebastian and Maass, Wolfgang and Furber, Steve B and Legenstein, Robert and others},
  journal={Frontiers in neuroscience},
  pages={840},
  year={2018},
  publisher={Frontiers}
}



@article{wu2018spatio,
  title={{Spatio-temporal Backpropagation for Training High-performance Spiking Neural Networks}},
  author={Wu, Yujie and Deng, Lei and Li, Guoqi and Zhu, Jun and Shi, Luping},
  journal={Frontiers in neuroscience},
  volume={12},
  pages={331},
  year={2018},
  publisher={Frontiers}
}

@article{gutig_tempotron:_2006,
	title = {{The Tempotron: a Neuron that Learns Spike Timing-Based Decisions}},
	volume = {9},
	issn = {1097-6256},
	shorttitle = {The tempotron},
	doi = {10.1038/nn1643},
	language = {en},
	number = {3},
	urldate = {2015-11-18},
	journal = {Nature Neuroscience},
	author = {Gütig, Robert and Sompolinsky, Haim},
	month = mar,
	year = {2006},
	pages = {420--428}
}

@article{gutig_tempotron:_2006,
	title = {{The Tempotron: a Neuron that Learns Spike Timing-Based Decisions}},
	volume = {9},
	issn = {1097-6256},
	shorttitle = {The tempotron},
	doi = {10.1038/nn1643},
	language = {en},
	number = {3},
	urldate = {2015-11-18},
	journal = {Nature Neuroscience},
	author = {Gütig, Robert and Sompolinsky, Haim},
	month = mar,
	year = {2006},
	pages = {420--428}
}


@article{yu2013precise,
  title={{Precise-spike-driven Synaptic Plasticity: Learning Hetero-association of Spatiotemporal Spike Patterns}},
  author={Yu, Qiang and Tang, Huajin and Tan, Kay Chen and Li, Haizhou},
  journal={Plos one},
  volume={8},
  number={11},
  pages={e78318},
  year={2013}
}

@article{barnes2010sensory,
  title={{Sensory Experience and Cortical Rewiring}},
  author={Barnes, Samuel J and Finnerty, Gerald T},
  journal={The Neuroscientist},
  volume={16},
  number={2},
  pages={186--198},
  year={2010},
  publisher={Sage Publications Sage CA: Los Angeles, CA}
}


@article{bennett2018rewiring,
  title={{Rewiring the Connectome: Evidence and Effects}},
  author={Bennett, Sophie H and Kirby, Alastair J and Finnerty, Gerald T},
  journal={Neuroscience \& Biobehavioral Reviews},
  volume={88},
  pages={51--62},
  year={2018},
  publisher={Elsevier}
}

@article{li2017cifar10,
  title={{Cifar10-dvs: an Event-stream Dataset for Object Classification}},
  author={Li, Hongmin and Liu, Hanchao and Ji, Xiangyang and Li, Guoqi and Shi, Luping},
  journal={Frontiers in neuroscience},
  volume={11},
  pages={309},
  year={2017},
  publisher={Frontiers}
}


@article{mostafa_supervised_2018,
	title = {Supervised {Learning} {Based} on {Temporal} {Coding} in {Spiking} {Neural} {Networks}},
	volume = {29},
	issn = {2162-237X},
	doi = {10.1109/TNNLS.2017.2726060},
	number = {7},
	journal = {IEEE Transactions on Neural Networks and Learning Systems},
	author = {Mostafa, H.},
	month = jul,
	year = {2018},
	pages = {3227--3235}
}




@inproceedings{diehl_fast-classifying_2015,
	title = {{Fast-Classifying, High-Accuracy Spiking Deep Networks through Weight and Threshold Balancing}},
	doi = {10.1109/IJCNN.2015.7280696},
	booktitle = {2015 {International} {Joint} {Conference} on {Neural} {Networks}},
	author = {Diehl, P. U. and Neil, D. and Binas, J. and Cook, M. and Liu, S. and Pfeiffer, M.},
	month = jul,
	year = {2015},
	keywords = {Accuracy, ConvNets, convolutional neural networks, deep ANN, firing rates, fully connected deep networks, Handheld computers, low-latency classification, MNIST database, neural nets, Neuromorphics, Neurons, optimization techniques, pattern classification, rectified linear units, ReLU, Robustness, SNN, spiking deep networks, spiking neural networks, spiking neurons, threshold balancing, weight balancing, weight normalization method},
	pages = {1--8}
}


@article{ding2021optimal,
  title={{Optimal Ann-snn Conversion for Fast and Accurate Inference in Deep Spiking Neural Networks}},
  author={Ding, Jianhao and Yu, Zhaofei and Tian, Yonghong and Huang, Tiejun},
  journal={IJCAI},
  year={2021}
}

@article{han2015learning,
  title={{Learning Both Weights and Connections for Efficient Neural Network}},
  author={Han, Song and Pool, Jeff and Tran, John and Dally, William},
  journal={Advances in neural information processing systems},
  volume={28},
  year={2015}
}

@article{such2017deep,
  title={{Deep Neuroevolution: Genetic Algorithms are a Competitive Alternative for Training Deep Neural Networks for Reinforcement Learning}},
  author={Such, Felipe Petroski and Madhavan, Vashisht and Conti, Edoardo and Lehman, Joel and Stanley, Kenneth O and Clune, Jeff},
  journal={arXiv preprint arXiv:1712.06567},
  year={2017}
}


@article{de2017ultrastructural,
  title={{Ultrastructural Evidence for Synaptic Scaling Across the Wake/sleep Cycle}},
  author={De Vivo, Luisa and Bellesi, Michele and Marshall, William and Bushong, Eric A and Ellisman, Mark H and Tononi, Giulio and Cirelli, Chiara},
  journal={Science},
  volume={355},
  number={6324},
  pages={507--510},
  year={2017},
  publisher={American Association for the Advancement of Science}
}

@article{erdHos1960evolution,
  title={{On the Evolution of Random Graphs}},
  author={Erd{\H{o}}s, Paul and R{\'e}nyi, Alfr{\'e}d and others},
  journal={Publ. Math. Inst. Hung. Acad. Sci},
  volume={5},
  number={1},
  pages={17--60},
  year={1960}
}

@article{li2017cifar10,
  title={{Cifar10-dvs: an Event-stream Dataset for Object Classification}},
  author={Li, Hongmin and Liu, Hanchao and Ji, Xiangyang and Li, Guoqi and Shi, Luping},
  journal={Frontiers in neuroscience},
  volume={11},
  pages={309},
  year={2017},
  publisher={Frontiers}
}


@InProceedings{pmlr-v119-evci20a,
  title = 	 {{Rigging the Lottery: Making All Tickets Winners}},
  author =       {Evci, Utku and Gale, Trevor and Menick, Jacob and Castro, Pablo Samuel and Elsen, Erich},
  booktitle = 	 {Proceedings of the 37th International Conference on Machine Learning},
  pages = 	 {2943--2952},
  year = 	 {2020},
  editor = 	 {III, Hal Daumé and Singh, Aarti},
  volume = 	 {119},
  series = 	 {Proceedings of Machine Learning Research},
  month = 	 {13--18 Jul},
  publisher =    {PMLR}
}

@article{DBLP:journals/corr/abs-1907-04840,
  author    = {Tim Dettmers and
               Luke Zettlemoyer},
  title     = {Sparse Networks from Scratch: Faster Training without Losing Performance},
  journal   = {CoRR},
  volume    = {abs/1907.04840},
  year      = {2019},
  url       = {http://arxiv.org/abs/1907.04840},
  eprinttype = {arXiv},
  eprint    = {1907.04840},
  timestamp = {Wed, 17 Jul 2019 10:27:35 +0200},
  biburl    = {https://dblp.org/rec/journals/corr/abs-1907-04840.bib},
  bibsource = {dblp computer science bibliography, https://dblp.org}
}

@article{spikejelly,
author = {Wei Fang  and Yanqi Chen  and Jianhao Ding  and Zhaofei Yu  and Timothée Masquelier  and Ding Chen  and Liwei Huang  and Huihui Zhou  and Guoqi Li  and Yonghong Tian },
title = {SpikingJelly: An open-source machine learning infrastructure platform for spike-based intelligence},
journal = {Science Advances},
volume = {9},
number = {40},
pages = {eadi1480},
year = {2023},
doi = {10.1126/sciadv.adi1480},
URL = {https://www.science.org/doi/abs/10.1126/sciadv.adi1480},
eprint = {https://www.science.org/doi/pdf/10.1126/sciadv.adi1480},
}

@article{stanojevic2024high,
  title={High-performance deep spiking neural networks with 0.3 spikes per neuron},
  author={Stanojevic, Ana and Wo{\'z}niak, Stanis{\l}aw and Bellec, Guillaume and Cherubini, Giovanni and Pantazi, Angeliki and Gerstner, Wulfram},
  journal={Nature Communications},
  volume={15},
  number={1},
  pages={6793},
  year={2024},
  publisher={Nature Publishing Group UK London}
}

@article{zhou2023computational,
  title={Computational event-driven vision sensors for in-sensor spiking neural networks},
  author={Zhou, Yue and Fu, Jiawei and Chen, Zirui and Zhuge, Fuwei and Wang, Yasai and Yan, Jianmin and Ma, Sijie and Xu, Lin and Yuan, Huanmei and Chan, Mansun and others},
  journal={Nature Electronics},
  volume={6},
  number={11},
  pages={870--878},
  year={2023},
  publisher={Nature Publishing Group UK London}
}

@article{tassi2023environmental,
  title={Environmental effects on brain functional networks in a juvenile twin population},
  author={Tassi, Emma and Maggioni, Eleonora and Mauri, Maddalena and Fagnani, Corrado and Agarwal, Nivedita and Bianchi, Anna Maria and Stazi, Maria A and Nobile, Maria and Brambilla, Paolo},
  journal={Scientific Reports},
  volume={13},
  number={1},
  pages={3921},
  year={2023},
  publisher={Nature Publishing Group UK London}
}

@article{tooley2021environmental,
  title={Environmental influences on the pace of brain development},
  author={Tooley, Ursula A and Bassett, Danielle S and Mackey, Allyson P},
  journal={Nature Reviews Neuroscience},
  volume={22},
  number={6},
  pages={372--384},
  year={2021},
  publisher={Nature Publishing Group UK London}
}

@article{neill2020overview,
  title={An overview of neural network compression},
  author={Neill, James O'},
  journal={arXiv preprint arXiv:2006.03669},
  year={2020}
}


@article{ren2024spiking,
  title={Spiking pointnet: Spiking neural networks for point clouds},
  author={Ren, Dayong and Ma, Zhe and Chen, Yuanpei and Peng, Weihang and Liu, Xiaode and Zhang, Yuhan and Guo, Yufei},
  journal={Advances in Neural Information Processing Systems},
  volume={36},
  year={2024}
}


@article{gast2024neural,
  title={Neural heterogeneity controls computations in spiking neural networks},
  author={Gast, Richard and Solla, Sara A and Kennedy, Ann},
  journal={Proceedings of the National Academy of Sciences},
  volume={121},
  number={3},
  pages={e2311885121},
  year={2024},
  publisher={National Acad Sciences}
}


@article{hu2024advancing,
  title={Advancing spiking neural networks toward deep residual learning},
  author={Hu, Yifan and Deng, Lei and Wu, Yujie and Yao, Man and Li, Guoqi},
  journal={IEEE Transactions on Neural Networks and Learning Systems},
  year={2024},
  publisher={IEEE}
}


@article{zheng2024temporal,
  title={Temporal dendritic heterogeneity incorporated with spiking neural networks for learning multi-timescale dynamics},
  author={Zheng, Hanle and Zheng, Zhong and Hu, Rui and Xiao, Bo and Wu, Yujie and Yu, Fangwen and Liu, Xue and Li, Guoqi and Deng, Lei},
  journal={Nature Communications},
  volume={15},
  number={1},
  pages={277},
  year={2024},
  publisher={Nature Publishing Group UK London}
}


@article{yao2024spike,
  title={Spike-driven transformer v2: Meta spiking neural network architecture inspiring the design of next-generation neuromorphic chips},
  author={Yao, Man and Hu, Jiakui and Hu, Tianxiang and Xu, Yifan and Zhou, Zhaokun and Tian, Yonghong and Xu, Bo and Li, Guoqi},
  journal={arXiv preprint arXiv:2404.03663},
  year={2024}
}

@article{han2024adaptive,
  title={Adaptive sparse structure development with pruning and regeneration for spiking neural networks},
  author={Han, Bing and Zhao, Feifei and Pan, Wenxuan and Zeng, Yi},
  journal={Information Sciences},
  pages={121481},
  year={2024},
  publisher={Elsevier}
}

@article{li2024towards,
  title={Towards efficient deep spiking neural networks construction with spiking activity based pruning},
  author={Li, Yaxin and Xu, Qi and Shen, Jiangrong and Xu, Hongming and Chen, Long and Pan, Gang},
  journal={arXiv preprint arXiv:2406.01072},
  year={2024}
}

@inproceedings{liu2024sparsespikformer,
  title={Sparsespikformer: A Co-Design Framework for Token and Weight Pruning in Spiking Transformer},
  author={Liu, Yue and Xiao, Shanlin and Li, Bo and Yu, Zhiyi},
  booktitle={ICASSP 2024-2024 IEEE International Conference on Acoustics, Speech and Signal Processing (ICASSP)},
  pages={6410--6414},
  year={2024},
  organization={IEEE}
}

@article{han2024developmental,
  title={Developmental plasticity-inspired adaptive pruning for deep spiking and artificial neural networks},
  author={Han, Bing and Zhao, Feifei and Zeng, Yi and Shen, Guobin},
  journal={IEEE Transactions on Pattern Analysis and Machine Intelligence},
  year={2024},
  publisher={IEEE}
}


@article{hurley2009comparing,
  title={Comparing measures of sparsity},
  author={Hurley, Niall and Rickard, Scott},
  journal={IEEE Transactions on Information Theory},
  volume={55},
  number={10},
  pages={4723--4741},
  year={2009},
  publisher={IEEE}
}




@inproceedings{liu2024optical,
  title={Optical Flow-Guided 6DoF Object Pose Tracking with an Event Camera},
  author={Liu, Zibin and Guan, Banglei and Shang, Yang and Liang, Shunkun and Yu, Zhenbao and Yu, Qifeng},
  booktitle={Proceedings of the 32nd ACM International Conference on Multimedia},
  pages={6501--6509},
  year={2024}
}

@article{liu2024line,
  title={Line-based 6-DoF object pose estimation and tracking with an event camera},
  author={Liu, Zibin and Guan, Banglei and Shang, Yang and Yu, Qifeng and Kneip, Laurent},
  journal={IEEE Transactions on Image Processing},
  year={2024},
  publisher={IEEE}
}


@article{liu2025stereo,
  title={Stereo Event-based, 6-DOF Pose Tracking for Uncooperative Spacecraft},
  author={Liu, Zibin and Guan, Banglei and Shang, Yang and Bian, Yifei and Sun, Pengju and Yu, Qifeng},
  journal={IEEE Transactions on Geoscience and Remote Sensing},
  year={2025},
  publisher={IEEE}
}

@inproceedings{guan2024six,
  title={Six-Point Method for Multi-camera Systems with Reduced Solution Space},
  author={Guan, Banglei and Zhao, Ji and Kneip, Laurent},
  booktitle={European Conference on Computer Vision},
  pages={109--126},
  year={2024},
  organization={Springer}
}

@inproceedings{liang2024camera,
  title={Camera Calibration using a Collimator System},
  author={Liang, Shunkun and Guan, Banglei and Yu, Zhenbao and Sun, Pengju and Shang, Yang},
  booktitle={European Conference on Computer Vision},
  pages={374--390},
  year={2024},
  organization={Springer}
}


@article{chen2025rethinking,
  title={Rethinking High-speed Image Reconstruction Framework with Spike Camera},
  author={Chen, Kang and Zheng, Yajing and Huang, Tiejun and Yu, Zhaofei},
  journal={arXiv preprint arXiv:2501.04477},
  year={2025}
}


@inproceedings{guan2022relative,
  title={Relative pose estimation for multi-camera systems from point correspondences with scale ratio},
  author={Guan, Banglei and Zhao, Ji},
  booktitle={Proceedings of the 30th ACM International Conference on Multimedia},
  pages={5036--5044},
  year={2022}
}

@article{li2024efficient,
  title={Efficient structure slimming for spiking neural networks},
  author={Li, Yaxin and Fang, Xuanye and Gao, Yuyuan and Zhou, Dongdong and Shen, Jiangrong and Liu, Jian K and Pan, Gang and Xu, Qi},
  journal={IEEE Transactions on Artificial Intelligence},
  year={2024},
  publisher={IEEE}
}

@inproceedings{xu2024reversing,
  title={Reversing structural pattern learning with biologically inspired knowledge distillation for spiking neural networks},
  author={Xu, Qi and Li, Yaxin and Fang, Xuanye and Shen, Jiangrong and Zhang, Qiang and Pan, Gang},
  booktitle={Proceedings of the 32nd ACM International Conference on Multimedia},
  pages={3431--3439},
  year={2024}
}



@inproceedings{jiang2023adaptive,
  title={Adaptive deep spiking neural network with global-local learning via balanced excitatory and inhibitory mechanism},
  author={Jiang, Tingting and Xu, Qi and Ran, Xuming and Shen, Jiangrong and Lv, Pan and Zhang, Qiang and Pan, Gang},
  booktitle={The Twelfth International Conference on Learning Representations},
  year={2023}
}

@inproceedings{shen2024efficient,
  title={Efficient spiking neural networks with sparse selective activation for continual learning},
  author={Shen, Jiangrong and Ni, Wenyao and Xu, Qi and Tang, Huajin},
  booktitle={Proceedings of the AAAI Conference on Artificial Intelligence},
  volume={38},
  number={1},
  pages={611--619},
  year={2024}
}