@article{chen2016high,
  title={High-order resting-state functional connectivity network for MCI classification},
  author={Chen, Xiaobo and Zhang, Han and Gao, Yue and Wee, Chong-Yaw and Li, Gang and Shen, Dinggang and Alzheimer's Disease Neuroimaging Initiative},
  journal={Human brain mapping},
  volume={37},
  number={9},
  pages={3282--3296},
  year={2016},
  publisher={Wiley Online Library}
}

@inproceedings{chen2020convolutional,
  title={Convolutional kernel networks for graph-structured data},
  author={Chen, Dexiong and Jacob, Laurent and Mairal, Julien},
  booktitle={International Conference on Machine Learning},
  pages={1576--1586},
  year={2020},
  organization={PMLR}
}

@article{gupta2021obtaining,
  title={Obtaining leaner deep neural networks for decoding brain functional connectome in a single shot},
  author={Gupta, Sukrit and Chan, Yi Hao and Rajapakse, Jagath C and Alzheimerâ€™s Disease Neuroimaging Initiative and others},
  journal={Neurocomputing},
  volume={453},
  pages={326--336},
  year={2021},
  publisher={Elsevier}
}

@article{huang2025identifying,
  title={Identifying the hierarchical emotional areas in the human brain through information fusion},
  author={Huang, Zhongyu and Du, Changde and Li, Chaozhuo and Fu, Kaicheng and He, Huiguang},
  journal={Information Fusion},
  volume={113},
  pages={102613},
  year={2025},
  publisher={Elsevier}
}

@article{li2022te,
  title={TE-HI-GCN: An ensemble of transfer hierarchical graph convolutional networks for disorder diagnosis},
  author={Li, Lanting and Jiang, Hao and Wen, Guangqi and Cao, Peng and Xu, Mingyi and Liu, Xiaoli and Yang, Jinzhu and Zaiane, Osmar},
  journal={Neuroinformatics},
  pages={1--23},
  year={2022},
  publisher={Springer}
}

@article{liu2019higher,
  title={Higher-order weighted graph convolutional networks},
  author={Liu, Songtao and Chen, Lingwei and Dong, Hanze and Wang, Zihao and Wu, Dinghao and Huang, Zengfeng},
  journal={arXiv preprint arXiv:1911.04129},
  year={2019}
}

@article{liu2024fusing,
  title={Fusing multi-scale fMRI features using a brain-inspired multi-channel graph neural network for major depressive disorder diagnosis},
  author={Liu, Shuai and Gui, Renzhou},
  journal={Biomedical Signal Processing and Control},
  volume={90},
  pages={105837},
  year={2024},
  publisher={Elsevier}
}

@inproceedings{mei2022modular,
  title={Modular graph encoding and hierarchical readout for functional brain network based eMCI diagnosis},
  author={Mei, Lang and Liu, Mianxin and Bian, Lingbin and Zhang, Yuyao and Shi, Feng and Zhang, Han and Shen, Dinggang},
  booktitle={MICCAI Workshop on Imaging Systems for GI Endoscopy},
  pages={69--78},
  year={2022},
  organization={Springer}
}

@inproceedings{michel2023path,
  title={Path neural networks: Expressive and accurate graph neural networks},
  author={Michel, Gaspard and Nikolentzos, Giannis and Lutzeyer, Johannes F and Vazirgiannis, Michalis},
  booktitle={International Conference on Machine Learning},
  pages={24737--24755},
  year={2023},
  organization={PMLR}
}

@inproceedings{qiu2023learning,
  title={Learning High-Order Relationships of Brain Regions},
  author={Qiu, Weikang and Chu, Huangrui and Wang, Selena and Zuo, Haolan and Li, Xiaoxiao and Zhao, Yize and Ying, Rex},
  booktitle={Forty-first International Conference on Machine Learning},
  year={2023}
}

@article{zhang2016topographical,
  title={Topographical information-based high-order functional connectivity and its application in abnormality detection for mild cognitive impairment},
  author={Zhang, Han and Chen, Xiaobo and Shi, Feng and Li, Gang and Kim, Minjeong and Giannakopoulos, Panteleimon and Haller, Sven and Shen, Dinggang},
  journal={Journal of Alzheimer's Disease},
  volume={54},
  number={3},
  pages={1095--1112},
  year={2016},
  publisher={IOS Press}
}

@article{zhao2018diagnosis,
  title={Diagnosis of autism spectrum disorders using multi-level high-order functional networks derived from resting-state functional mri},
  author={Zhao, Feng and Zhang, Han and Rekik, Islem and An, Zhiyong and Shen, Dinggang},
  journal={Frontiers in human neuroscience},
  volume={12},
  pages={184},
  year={2018},
  publisher={Frontiers Media SA}
}

