@book{coddington1955theory,
  title={Theory of ordinary differential equations},
  author={Coddington, Earl A and Levinson, Norman},
  year={1955},
  publisher={McGraw-Hill New York}
}


@article{zhu2023higher,
  title={Higher functional connectivity of ventral attention and visual network to maintain cognitive performance in white matter hyperintensity},
  author={Zhu, Xiao and Zhou, Ying and Zhong, Wansi and Li, Yifei and Wang, Junjun and Chen, Yuping and Zhang, Ruoxia and Sun, Jianzhong and Sun, Yu and Lou, Min},
  journal={Aging and Disease},
  volume={14},
  number={4},
  pages={1472},
  year={2023}
}

@article{hou2023spatiotemporal,
  title={Spatiotemporal dynamics of functional connectivity and association with molecular architecture in schizophrenia},
  author={Hou, Changyue and Jiang, Sisi and Liu, Mei and Li, Hechun and Zhang, Lang and Duan, Mingjun and Yao, Gang and He, Hui and Yao, Dezhong and Luo, Cheng},
  journal={Cerebral Cortex},
  volume={33},
  number={14},
  pages={9095--9104},
  year={2023},
  publisher={Oxford University Press}
}

@article{fan2022aberrant,
  title={Aberrant large-scale brain modules in deficit and non-deficit schizophrenia},
  author={Fan, Linlin and Yu, Miao and Pinkham, Amy and Zhu, Yiyi and Tang, Xiaowei and Wang, Xiang and Zhang, Xiaobin and Ma, Junji and Zhang, Jinbo and Zhang, Xiangrong and others},
  journal={Progress in Neuro-Psychopharmacology and Biological Psychiatry},
  volume={113},
  pages={110461},
  year={2022},
  publisher={Elsevier}
}


@article{ramaekers2022functional,
  title={Functional brain connectomes reflect acute and chronic cannabis use},
  author={Ramaekers, Johannes G and Mason, Natasha L and T{\"o}nnes, Stefan W and Theunissen, Eef L and Amico, Enrico},
  journal={Scientific reports},
  volume={12},
  number={1},
  pages={2449},
  year={2022},
  publisher={Nature Publishing Group UK London}
}


@inproceedings{mei2022modular,
  title={Modular graph encoding and hierarchical readout for functional brain network based eMCI diagnosis},
  author={Mei, Lang and Liu, Mianxin and Bian, Lingbin and Zhang, Yuyao and Shi, Feng and Zhang, Han and Shen, Dinggang},
  booktitle={MICCAI Workshop on Imaging Systems for GI Endoscopy},
  pages={69--78},
  year={2022},
  organization={Springer}
}


@article{li2022te,
  title={TE-HI-GCN: An ensemble of transfer hierarchical graph convolutional networks for disorder diagnosis},
  author={Li, Lanting and Jiang, Hao and Wen, Guangqi and Cao, Peng and Xu, Mingyi and Liu, Xiaoli and Yang, Jinzhu and Zaiane, Osmar},
  journal={Neuroinformatics},
  pages={1--23},
  year={2022},
  publisher={Springer}
}


@article{zhao2018diagnosis,
  title={Diagnosis of autism spectrum disorders using multi-level high-order functional networks derived from resting-state functional mri},
  author={Zhao, Feng and Zhang, Han and Rekik, Islem and An, Zhiyong and Shen, Dinggang},
  journal={Frontiers in human neuroscience},
  volume={12},
  pages={184},
  year={2018},
  publisher={Frontiers Media SA}
}

@article{zhang2016topographical,
  title={Topographical information-based high-order functional connectivity and its application in abnormality detection for mild cognitive impairment},
  author={Zhang, Han and Chen, Xiaobo and Shi, Feng and Li, Gang and Kim, Minjeong and Giannakopoulos, Panteleimon and Haller, Sven and Shen, Dinggang},
  journal={Journal of Alzheimer's Disease},
  volume={54},
  number={3},
  pages={1095--1112},
  year={2016},
  publisher={IOS Press}
}

@article{chen2016high,
  title={High-order resting-state functional connectivity network for MCI classification},
  author={Chen, Xiaobo and Zhang, Han and Gao, Yue and Wee, Chong-Yaw and Li, Gang and Shen, Dinggang and Alzheimer's Disease Neuroimaging Initiative},
  journal={Human brain mapping},
  volume={37},
  number={9},
  pages={3282--3296},
  year={2016},
  publisher={Wiley Online Library}
}


@article{gupta2021obtaining,
  title={Obtaining leaner deep neural networks for decoding brain functional connectome in a single shot},
  author={Gupta, Sukrit and Chan, Yi Hao and Rajapakse, Jagath C and Alzheimer’s Disease Neuroimaging Initiative and others},
  journal={Neurocomputing},
  volume={453},
  pages={326--336},
  year={2021},
  publisher={Elsevier}
}


@article{liu2024fusing,
  title={Fusing multi-scale fMRI features using a brain-inspired multi-channel graph neural network for major depressive disorder diagnosis},
  author={Liu, Shuai and Gui, Renzhou},
  journal={Biomedical Signal Processing and Control},
  volume={90},
  pages={105837},
  year={2024},
  publisher={Elsevier}
}

@article{wen2024multi,
  title={Multi-scale fc-based multi-order gcn: A novel model for predicting individual behavior from fmri},
  author={Wen, Xuyun and Cao, Qumei and Jing, Bin and Zhang, Daoqiang},
  journal={IEEE Transactions on Neural Systems and Rehabilitation Engineering},
  volume={32},
  pages={548--558},
  year={2024},
  publisher={IEEE}
}

@article{ma2022cortexode,
  title={Cortexode: Learning cortical surface reconstruction by neural odes},
  author={Ma, Qiang and Li, Liu and Robinson, Emma C and Kainz, Bernhard and Rueckert, Daniel and Alansary, Amir},
  journal={IEEE Transactions on Medical Imaging},
  volume={42},
  number={2},
  pages={430--443},
  year={2022},
  publisher={IEEE}
}


@article{meunier2009hierarchical,
  title={Hierarchical modularity in human brain functional networks},
  author={Meunier, David and Lambiotte, Renaud and Fornito, Alex and Ersche, Karen and Bullmore, Edward T},
  journal={Frontiers in neuroinformatics},
  volume={3},
  pages={571},
  year={2009},
  publisher={Frontiers}
}


@article{betzel2023hierarchical,
  title={Hierarchical organization of spontaneous co-fluctuations in densely sampled individuals using fMRI},
  author={Betzel, Richard F and Cutts, Sarah A and Tanner, Jacob and Greenwell, Sarah A and Varley, Thomas and Faskowitz, Joshua and Sporns, Olaf},
  journal={Network Neuroscience},
  volume={7},
  number={3},
  pages={926--949},
  year={2023},
  publisher={MIT Press One Broadway, 12th Floor, Cambridge, Massachusetts 02142, USA~…}
}


@article{segal2023regional,
  title={Regional, circuit and network heterogeneity of brain abnormalities in psychiatric disorders},
  author={Segal, Ashlea and Parkes, Linden and Aquino, Kevin and Kia, Seyed Mostafa and Wolfers, Thomas and Franke, Barbara and Hoogman, Martine and Beckmann, Christian F and Westlye, Lars T and Andreassen, Ole A and others},
  journal={Nature Neuroscience},
  volume={26},
  number={9},
  pages={1613--1629},
  year={2023},
  publisher={Nature Publishing Group US New York}
}


@article{boisvert2024patterns,
  title={Patterns of abnormal activations in severe mental disorders a transdiagnostic data-driven meta-analysis of task-based fMRI studies},
  author={Boisvert, M{\'e}lanie and Dugr{\'e}, Jules R and Potvin, St{\'e}phane},
  journal={Psychological Medicine},
  volume={54},
  number={13},
  pages={3612--3623},
  year={2024},
  publisher={Cambridge University Press}
}


@inproceedings{yu2019deep,
  title={Deep metric learning with tuplet margin loss},
  author={Yu, Baosheng and Tao, Dacheng},
  booktitle={Proceedings of the IEEE/CVF international conference on computer vision},
  pages={6490--6499},
  year={2019}
}



@article{zald2017implications,
  title={Implications of the hierarchical structure of psychopathology for psychiatric neuroimaging},
  author={Zald, David H and Lahey, Benjamin B},
  journal={Biological Psychiatry: Cognitive Neuroscience and Neuroimaging},
  volume={2},
  number={4},
  pages={310--317},
  year={2017},
  publisher={Elsevier}
}

@article{zhao2022altered,
  title={Altered dynamic functional connectivity in early psychosis between the salience network and visual network},
  author={Zhao, Lei and Bo, Qijing and Zhang, Zhifang and Chen, Zhenzhu and Wang, Yimeng and Zhang, Douyu and Li, Tian and Yang, Ningbo and Zhou, Yuan and Wang, Chuanyue},
  journal={Neuroscience},
  volume={491},
  pages={166--175},
  year={2022},
  publisher={Elsevier}
}

@article{verma2023machine,
  title={Machine learning techniques for the Schizophrenia diagnosis: a comprehensive review and future research directions},
  author={Verma, Shradha and Goel, Tripti and Tanveer, Muhammad and Ding, Weiping and Sharma, Rahul and Murugan, R},
  journal={Journal of Ambient Intelligence and Humanized Computing},
  volume={14},
  number={5},
  pages={4795--4807},
  year={2023},
  publisher={Springer}
}

@article{kleinhans2020fmri,
  title={FMRI activation to cannabis odor cues is altered in individuals at risk for a cannabis use disorder},
  author={Kleinhans, Natalia M and Sweigert, Julia and Blake, Matthew and Douglass, Bradley and Doane, Braden and Reitz, Fredrick and Larimer, Mary},
  journal={Brain and Behavior},
  volume={10},
  number={10},
  pages={e01764},
  year={2020},
  publisher={Wiley Online Library}
}


@inproceedings{xue2000primal,
  title={Primal-dual algorithms for computing weight-constrained shortest paths and weight-constrained minimum spanning trees},
  author={Xue, Guoliang},
  booktitle={Conference Proceedings of the 2000 IEEE International Performance, Computing, and Communications Conference (Cat. No. 00CH37086)},
  pages={271--277},
  year={2000},
  organization={IEEE}
}

@article{nag2023dynamic,
  title={Dynamic effective connectivity using physiologically informed dynamic causal model with recurrent units: A functional magnetic resonance imaging simulation study},
  author={Nag, Sayan and Uludag, Kamil},
  journal={Frontiers in Human Neuroscience},
  volume={17},
  pages={1001848},
  year={2023},
  publisher={Frontiers Media SA}
}


@article{havlicek2015physiologically,
  title={Physiologically informed dynamic causal modeling of fMRI data},
  author={Havlicek, Martin and Roebroeck, Alard and Friston, Karl and Gardumi, Anna and Ivanov, Dimo and Uludag, Kamil},
  journal={Neuroimage},
  volume={122},
  pages={355--372},
  year={2015},
  publisher={Elsevier}
}


@article{calhoun2012exploring,
  title={Exploring the psychosis functional connectome: aberrant intrinsic networks in schizophrenia and bipolar disorder},
  author={Calhoun, Vince D and Sui, Jing and Kiehl, Kent and Turner, Jessica and Allen, Elena and Pearlson, Godfrey},
  journal={Frontiers in psychiatry},
  volume={2},
  pages={75},
  year={2012},
  publisher={Frontiers Research Foundation}
}



@article{shirer2012decoding,
  title={Decoding subject-driven cognitive states with whole-brain connectivity patterns},
  author={Shirer, William R and Ryali, Srikanth and Rykhlevskaia, Elena and Menon, Vinod and Greicius, Michael D},
  journal={Cerebral cortex},
  volume={22},
  number={1},
  pages={158--165},
  year={2012},
  publisher={Oxford University Press}
}



@article{liu2019higher,
  title={Higher-order weighted graph convolutional networks},
  author={Liu, Songtao and Chen, Lingwei and Dong, Hanze and Wang, Zihao and Wu, Dinghao and Huang, Zengfeng},
  journal={arXiv preprint arXiv:1911.04129},
  year={2019}
}


@inproceedings{qiu2023learning,
  title={Learning High-Order Relationships of Brain Regions},
  author={Qiu, Weikang and Chu, Huangrui and Wang, Selena and Zuo, Haolan and Li, Xiaoxiao and Zhao, Yize and Ying, Rex},
  booktitle={Forty-first International Conference on Machine Learning},
  year={2023}
}


@article{liu2023braintgl,
  title={BrainTGL: A dynamic graph representation learning model for brain network analysis},
  author={Liu, Lingwen and Wen, Guangqi and Cao, Peng and Hong, Tianshun and Yang, Jinzhu and Zhang, Xizhe and Zaiane, Osmar R},
  journal={Computers in Biology and Medicine},
  volume={153},
  pages={106521},
  year={2023},
  publisher={Elsevier}
}

@inproceedings{yin2021graph,
  title={A graph attention neural network for diagnosing ASD with fMRI data},
  author={Yin, Wutao and Li, Longhai and Wu, Fang-Xiang},
  booktitle={2021 IEEE International Conference on Bioinformatics and Biomedicine (BIBM)},
  pages={1131--1136},
  year={2021},
  organization={IEEE}
}

@inproceedings{kazi2019inceptiongcn,
  title={InceptionGCN: receptive field aware graph convolutional network for disease prediction},
  author={Kazi, Anees and Shekarforoush, Shayan and Arvind Krishna, S and Burwinkel, Hendrik and Vivar, Gerome and Kort{\"u}m, Karsten and Ahmadi, Seyed-Ahmad and Albarqouni, Shadi and Navab, Nassir},
  booktitle={Information Processing in Medical Imaging: 26th International Conference, IPMI 2019, Hong Kong, China, June 2--7, 2019, Proceedings 26},
  pages={73--85},
  year={2019},
  organization={Springer}
}

@article{tong2023fmri,
  title={fMRI-based brain disease diagnosis: a graph network approach},
  author={Tong, Wei and Li, Yong-Xia and Zhao, Xiao-Yan and Chen, Qi-Qi and Gao, Yu-Bing and Li, Ping and Wu, Edmond Q},
  journal={IEEE Transactions on Medical Robotics and Bionics},
  volume={5},
  number={2},
  pages={312--322},
  year={2023},
  publisher={IEEE}
}


@article{xu2016network,
  title={Network analysis of functional brain connectivity in borderline personality disorder using resting-state fMRI},
  author={Xu, Tingting and Cullen, Kathryn R and Mueller, Bryon and Schreiner, Mindy W and Lim, Kelvin O and Schulz, S Charles and Parhi, Keshab K},
  journal={NeuroImage: Clinical},
  volume={11},
  pages={302--315},
  year={2016},
  publisher={Elsevier}
}


@article{xu2024abnormal,
  title={Abnormal developmental of structural covariance networks in young adults with heavy cannabis use: a 3-year follow-up study},
  author={Xu, Hui and Li, Jiahao and Huang, Huan and Yin, Bo and Li, Dan-Dong},
  journal={Translational Psychiatry},
  volume={14},
  number={1},
  pages={45},
  year={2024},
  publisher={Nature Publishing Group UK London}
}


@article{ding2024spatial,
  title={Spatial Craving Patterns in Marijuana Users: Insights from fMRI Brain Connectivity Analysis with High-Order Graph Attention Neural Networks},
  author={Ding, Jun-En and Yang, Shihao and Zilverstand, Anna and Kulkarni, Kaustubh R and Gu, Xiaosi and Liu, Feng},
  journal={IEEE Journal of Biomedical and Health Informatics},
  year={2024},
  publisher={IEEE}
}



@article{kulkarni2023interpretable,
  title={An interpretable and predictive connectivity-based neural signature for chronic cannabis use},
  author={Kulkarni, Kaustubh R and Schafer, Matthew and Berner, Laura A and Fiore, Vincenzo G and Heflin, Matt and Hutchison, Kent and Calhoun, Vince and Filbey, Francesca and Pandey, Gaurav and Schiller, Daniela and others},
  journal={Biological Psychiatry: Cognitive Neuroscience and Neuroimaging},
  volume={8},
  number={3},
  pages={320--330},
  year={2023},
  publisher={Elsevier}
}



@article{li2022resting,
  title={A resting state fMRI study of major depressive disorder with and without anxiety},
  author={Li, Gai-zhi and Liu, Peng-hong and Zhang, Ai-xia and Andari, Elissar and Zhang, Ke-Rang},
  journal={Psychiatry research},
  volume={315},
  pages={114697},
  year={2022},
  publisher={Elsevier}
}

@article{zhang2016neural,
  title={Neural, electrophysiological and anatomical basis of brain-network variability and its characteristic changes in mental disorders},
  author={Zhang, Jie and Cheng, Wei and Liu, Zhaowen and Zhang, Kai and Lei, Xu and Yao, Ye and Becker, Benjamin and Liu, Yicen and Kendrick, Keith M and Lu, Guangming and others},
  journal={Brain},
  volume={139},
  number={8},
  pages={2307--2321},
  year={2016},
  publisher={Oxford University Press}
}


@article{niklason2022explainable,
  title={Explainable machine learning analysis reveals sex and gender differences in the phenotypic and neurobiological markers of Cannabis Use Disorder},
  author={Niklason, Gregory R and Rawls, Eric and Ma, Sisi and Kummerfeld, Erich and Maxwell, Andrea M and Brucar, Leyla R and Drossel, Gunner and Zilverstand, Anna},
  journal={Scientific reports},
  volume={12},
  number={1},
  pages={15624},
  year={2022},
  publisher={Nature Publishing Group UK London}
}

@article{borumandnia2022trend,
  title={The trend analysis of neurological disorders as major causes of death and disability according to human development, 1990-2019},
  author={Borumandnia, Nasrin and Majd, Hamid Alavi and Doosti, Hassan and Olazadeh, Keyvan},
  journal={Environmental Science and Pollution Research},
  volume={29},
  number={10},
  pages={14348--14354},
  year={2022},
  publisher={Springer}
}

@article{hollander2020beyond,
  title={Beyond the looking glass: recent advances in understanding the impact of environmental exposures on neuropsychiatric disease},
  author={Hollander, Jonathan A and Cory-Slechta, Deborah A and Jacka, Felice N and Szabo, Steven T and Guilarte, Tom{\'a}s R and Bilbo, Staci D and Mattingly, Carolyn J and Moy, Sheryl S and Haroon, Ebrahim and Hornig, Mady and others},
  journal={Neuropsychopharmacology},
  volume={45},
  number={7},
  pages={1086--1096},
  year={2020},
  publisher={Springer International Publishing Cham}
}


@article{sahakian2015impact,
  title={The impact of neuroscience on society: cognitive enhancement in neuropsychiatric disorders and in healthy people},
  author={Sahakian, Barbara J and Bruhl, Annette B and Cook, Jennifer and Killikelly, Clare and Savulich, George and Piercy, Thomas and Hafizi, Sepehr and Perez, Jesus and Fernandez-Egea, Emilio and Suckling, John and others},
  journal={Philosophical Transactions of the Royal Society B: Biological Sciences},
  volume={370},
  number={1677},
  pages={20140214},
  year={2015},
  publisher={The Royal Society}
}


@inproceedings{chen2020convolutional,
  title={Convolutional kernel networks for graph-structured data},
  author={Chen, Dexiong and Jacob, Laurent and Mairal, Julien},
  booktitle={International Conference on Machine Learning},
  pages={1576--1586},
  year={2020},
  organization={PMLR}
}

@article{oord2018representation,
  title={Representation learning with contrastive predictive coding},
  author={Oord, Aaron van den and Li, Yazhe and Vinyals, Oriol},
  journal={arXiv preprint arXiv:1807.03748},
  year={2018}
}


@article{cao2019functional,
  title={A functional data method for causal dynamic network modeling of task-related fMRI},
  author={Cao, Xuefei and Sandstede, Bj{\"o}rn and Luo, Xi},
  journal={Frontiers in neuroscience},
  volume={13},
  pages={127},
  year={2019},
  publisher={Frontiers Media SA}
}



  title={Spatial Craving Patterns in Marijuana Users: Insights from fMRI Brain Connectivity Analysis with High-Order Graph Attention Neural Networks},
  author={Ding, Jun-En and Yang, Shihao and Zilverstand, Anna and Kulkarni, Kaustubh R and Gu, Xiaosi and Liu, Feng},
  journal={IEEE Journal of Biomedical and Health Informatics},
  year={2024},
  publisher={IEEE}
}

@article{farinha2022increased,
  title={Increased excursions to functional networks in schizophrenia in the absence of task},
  author={Farinha, Miguel and Amado, Concei{\c{c}}{\~a}o and Morgado, Pedro and Cabral, Joana},
  journal={Frontiers in Neuroscience},
  volume={16},
  pages={821179},
  year={2022},
  publisher={Frontiers Media SA}
}

@article{gifford2020resting,
  title={Resting state fMRI based multilayer network configuration in patients with schizophrenia},
  author={Gifford, George and Crossley, Nicolas and Kempton, Matthew J and Morgan, Sarah and Dazzan, Paola and Young, Jonathan and McGuire, Philip},
  journal={NeuroImage: Clinical},
  volume={25},
  pages={102169},
  year={2020},
  publisher={Elsevier}
}


@article{hancock2023metastability,
  title={Metastability as a candidate neuromechanistic biomarker of schizophrenia pathology},
  author={Hancock, Fran and Rosas, Fernando E and McCutcheon, Robert A and Cabral, Joana and Dipasquale, Ottavia and Turkheimer, Federico E},
  journal={Plos one},
  volume={18},
  number={3},
  pages={e0282707},
  year={2023},
  publisher={Public Library of Science San Francisco, CA USA}
}


@article{ding2024mapping,
  title={Mapping Brain Synergy Dysfunction in Schizophrenia: Understanding Individual Differences and Underlying Molecular Mechanisms},
  author={Ding, Chaoyue and Li, Ang and Xie, Sangma and Tian, Xiaohan and Li, Kunchi and Fan, Lingzhong and Yan, Hao and Chen, Jun and Chen, Yunchun and Wang, Huaning and others},
  journal={Advanced Science},
  pages={2400929},
  year={2024},
  publisher={Wiley Online Library}
}

@article{yang2022frequency,
  title={Frequency-specific coactivation patterns in resting-state and their alterations in schizophrenia: An fMRI study},
  author={Yang, Hang and Zhang, Hong and Meng, Chun and Wohlschl{\"a}ger, Afra and Brandl, Felix and Di, Xin and Wang, Shuai and Tian, Lin and Biswal, Bharat},
  journal={Human Brain Mapping},
  volume={43},
  number={12},
  pages={3792--3808},
  year={2022},
  publisher={Wiley Online Library}
}


@article{ishida2024aberrant,
  title={Aberrant brain dynamics of large-scale functional networks across schizophrenia and mood disorder},
  author={Ishida, Takuya and Yamada, Shinichi and Yasuda, Kasumi and Uenishi, Shinya and Tamaki, Atsushi and Tabata, Michiyo and Ikeda, Natsuko and Takahashi, Shun and Kimoto, Sohei},
  journal={NeuroImage: Clinical},
  volume={41},
  pages={103574},
  year={2024},
  publisher={Elsevier}
}

@article{yeo2011organization,
  title={The organization of the human cerebral cortex estimated by intrinsic functional connectivity},
  author={Yeo, BT Thomas and Krienen, Fenna M and Sepulcre, Jorge and Sabuncu, Mert R and Lashkari, Danial and Hollinshead, Marisa and Roffman, Joshua L and Smoller, Jordan W and Z{\"o}llei, Lilla and Polimeni, Jonathan R and others},
  journal={Journal of neurophysiology},
  year={2011},
  publisher={American Physiological Society Bethesda, MD}
}



@inproceedings{michel2023path,
  title={Path neural networks: Expressive and accurate graph neural networks},
  author={Michel, Gaspard and Nikolentzos, Giannis and Lutzeyer, Johannes F and Vazirgiannis, Michalis},
  booktitle={International Conference on Machine Learning},
  pages={24737--24755},
  year={2023},
  organization={PMLR}
}

@article{li2022brain,
  title={Brain connectivity based graph convolutional networks and its application to infant age prediction},
  author={Li, Yu and Zhang, Xin and Nie, Jingxin and Zhang, Guowei and Fang, Ruiyan and Xu, Xiangmin and Wu, Zhengwang and Hu, Dan and Wang, Li and Zhang, Han and others},
  journal={IEEE transactions on medical imaging},
  volume={41},
  number={10},
  pages={2764--2776},
  year={2022},
  publisher={IEEE}
}

@inproceedings{abu2019mixhop,
  title={Mixhop: Higher-order graph convolutional architectures via sparsified neighborhood mixing},
  author={Abu-El-Haija, Sami and Perozzi, Bryan and Kapoor, Amol and Alipourfard, Nazanin and Lerman, Kristina and Harutyunyan, Hrayr and Ver Steeg, Greg and Galstyan, Aram},
  booktitle={international conference on machine learning},
  pages={21--29},
  year={2019},
  organization={PMLR}
}

@inproceedings{zhang2023brainusl,
  title={BrainUSL: U nsupervised Graph S tructure L earning for Functional Brain Network Analysis},
  author={Zhang, Pengshuai and Wen, Guangqi and Cao, Peng and Yang, Jinzhu and Zhang, Jinyu and Zhang, Xizhe and Zhu, Xinrong and Zaiane, Osmar R and Wang, Fei},
  booktitle={International Conference on Medical Image Computing and Computer-Assisted Intervention},
  pages={205--214},
  year={2023},
  organization={Springer}
}


@article{wen2023graph,
  title={Graph Self-supervised Learning with Application to Brain Networks Analysis},
  author={Wen, Guangqi and Cao, Peng and Liu, Lingwen and Yang, Jinzhu and Zhang, Xizhe and Wang, Fei and Zaiane, Osmar R},
  journal={IEEE Journal of Biomedical and Health Informatics},
  year={2023},
  publisher={IEEE}
}

@article{li2021braingnn,
  title={Braingnn: Interpretable brain graph neural network for fmri analysis},
  author={Li, Xiaoxiao and Zhou, Yuan and Dvornek, Nicha and Zhang, Muhan and Gao, Siyuan and Zhuang, Juntang and Scheinost, Dustin and Staib, Lawrence H and Ventola, Pamela and Duncan, James S},
  journal={Medical Image Analysis},
  volume={74},
  pages={102233},
  year={2021},
  publisher={Elsevier}
}

@article{velivckovic2017graph,
  title={Graph attention networks},
  author={Veli{\v{c}}kovi{\'c}, Petar and Cucurull, Guillem and Casanova, Arantxa and Romero, Adriana and Lio, Pietro and Bengio, Yoshua},
  journal={arXiv preprint arXiv:1710.10903},
  year={2017}
}

@article{spira1975finding,
  title={On finding and updating spanning trees and shortest paths},
  author={Spira, Philip M. and Pan, A},
  journal={SIAM Journal on Computing},
  volume={4},
  number={3},
  pages={375--380},
  year={1975},
  publisher={SIAM}
}


@article{kruskal1956shortest,
  title={On the shortest spanning subtree of a graph and the traveling salesman problem},
  author={Kruskal, Joseph B},
  journal={Proceedings of the American Mathematical society},
  volume={7},
  number={1},
  pages={48--50},
  year={1956},
  publisher={JSTOR}
}

@article{huang2025identifying,
  title={Identifying the hierarchical emotional areas in the human brain through information fusion},
  author={Huang, Zhongyu and Du, Changde and Li, Chaozhuo and Fu, Kaicheng and He, Huiguang},
  journal={Information Fusion},
  volume={113},
  pages={102613},
  year={2025},
  publisher={Elsevier}
}


@inproceedings{tang2024interpretable,
  title={Interpretable Spatio-Temporal Embedding for Brain Structural-Effective Network with Ordinary Differential Equation},
  author={Tang, Haoteng and Liu, Guodong and Dai, Siyuan and Ye, Kai and Zhao, Kun and Wang, Wenlu and Yang, Carl and He, Lifang and Leow, Alex and Thompson, Paul and others},
  booktitle={International Conference on Medical Image Computing and Computer-Assisted Intervention},
  pages={227--237},
  year={2024},
  organization={Springer}
}

@inproceedings{wen2024biophysics,
  title={Biophysics-Based Data Assimilation of Longitudinal Tau and Amyloid-$\beta$ PET Scans},
  author={Wen, Zheyu and Ghafouri, Ali and Biros, George},
  booktitle={International Conference on Medical Image Computing and Computer-Assisted Intervention},
  pages={14--24},
  year={2024},
  organization={Springer}
}

@article{sanchez2019estimating,
  title={Estimating feedforward and feedback effective connections from fMRI time series: Assessments of statistical methods},
  author={Sanchez-Romero, Ruben and Ramsey, Joseph D and Zhang, Kun and Glymour, Madelyn RK and Huang, Biwei and Glymour, Clark},
  journal={Network Neuroscience},
  volume={3},
  number={2},
  pages={274--306},
  year={2019},
  publisher={MIT Press One Rogers Street, Cambridge, MA 02142-1209, USA journals-info~…}
}


@inproceedings{langley00,
 author    = {P. Langley},
 title     = {Crafting Papers on Machine Learning},
 year      = {2000},
 pages     = {1207--1216},
 editor    = {Pat Langley},
 booktitle     = {Proceedings of the 17th International Conference
              on Machine Learning (ICML 2000)},
 address   = {Stanford, CA},
 publisher = {Morgan Kaufmann}
}

@TechReport{mitchell80,
  author = 	 "T. M. Mitchell",
  title = 	 "The Need for Biases in Learning Generalizations",
  institution =  "Computer Science Department, Rutgers University",
  year = 	 "1980",
  address =	 "New Brunswick, MA",
}

@phdthesis{kearns89,
  author = {M. J. Kearns},
  title =  {Computational Complexity of Machine Learning},
  school = {Department of Computer Science, Harvard University},
  year =   {1989}
}

@Book{MachineLearningI,
  editor = 	 "R. S. Michalski and J. G. Carbonell and T.
		  M. Mitchell",
  title = 	 "Machine Learning: An Artificial Intelligence
		  Approach, Vol. I",
  publisher = 	 "Tioga",
  year = 	 "1983",
  address =	 "Palo Alto, CA"
}

@Book{DudaHart2nd,
  author =       "R. O. Duda and P. E. Hart and D. G. Stork",
  title =        "Pattern Classification",
  publisher =    "John Wiley and Sons",
  edition =      "2nd",
  year =         "2000"
}

@misc{anonymous,
  title= {Suppressed for Anonymity},
  author= {Author, N. N.},
  year= {2021}
}

@InCollection{Newell81,
  author =       "A. Newell and P. S. Rosenbloom",
  title =        "Mechanisms of Skill Acquisition and the Law of
                  Practice", 
  booktitle =    "Cognitive Skills and Their Acquisition",
  pages =        "1--51",
  publisher =    "Lawrence Erlbaum Associates, Inc.",
  year =         "1981",
  editor =       "J. R. Anderson",
  chapter =      "1",
  address =      "Hillsdale, NJ"
}


@Article{Samuel59,
  author = 	 "A. L. Samuel",
  title = 	 "Some Studies in Machine Learning Using the Game of
		  Checkers",
  journal =	 "IBM Journal of Research and Development",
  year =	 "1959",
  volume =	 "3",
  number =	 "3",
  pages =	 "211--229"
}
