@article{costa2006eeg,
  author = {Costa, Tommaso and Rognoni, Elena and Galati, Dario},
  title = {EEG phase synchronization during emotional response to positive and negative film stimuli},
  journal = {Neuroscience Letters},
  year = {2006},
  volume = {406},
  number = {3},
  pages = {159--164}
}

@article{lee2014classifying,
  author = {Lee, You-Yun and Hsieh, Shulan},
  title = {Classifying different emotional states by means of EEG-based functional connectivity patterns},
  journal = {PloS One},
  year = {2014},
  volume = {9},
  number = {4},
  pages = {e95415}
}

@article{li2018hierarchical,
  author = {Li, Jinpeng and Zhang, Zhaoxiang and He, Huiguang},
  title = {Hierarchical convolutional neural networks for EEG-based emotion recognition},
  journal = {Cognitive Computation},
  year = {2018},
  volume = {10},
  pages = {368--380}
}

@article{liu2017real,
  author = {Liu, Yong-Jin and others},
  title = {Real-time movie-induced discrete emotion recognition from EEG signals},
  journal = {IEEE Transactions on Affective Computing},
  year = {2017},
  volume = {9},
  number = {4},
  pages = {550--562}
}

@article{moon2016implicit,
  author = {Moon, Seong-Eun and Lee, Jong-Seok},
  title = {Implicit analysis of perceptual multimedia experience based on physiological response: A review},
  journal = {IEEE Transactions on Multimedia},
  year = {2016},
  volume = {19},
  number = {2},
  pages = {340--353}
}

@article{moon2020emotional,
  author = {Moon, Seong-Eun and others},
  title = {Emotional EEG classification using connectivity features and convolutional neural networks},
  journal = {Neural Networks},
  year = {2020},
  volume = {132},
  pages = {96--107}
}

@inproceedings{yanagimoto2016convolutional,
  author = {Yanagimoto, Miku and Sugimoto, Chika},
  title = {Convolutional neural networks using supervised pre-training for EEG-based emotion recognition},
  booktitle = {Proceedings of the 8th International Workshop on Biosignal Interpretation},
  year = {2016},
  pages = {72--75}
}

@article{zhang2016approach,
  author = {Zhang, Yong and Ji, Xiaomin and Zhang, Suhua},
  title = {An approach to EEG-based emotion recognition using combined feature extraction method},
  journal = {Neuroscience Letters},
  year = {2016},
  volume = {633},
  pages = {152--157}
}

