@article{dolan2002emotion,
  author = {Dolan, Raymond J.},
  title = {Emotion, cognition, and behavior},
  journal = {Science},
  year = {2002},
  volume = {298},
  number = {5596},
  pages = {1191--1194}
}

@article{moon2016implicit,
  author = {Moon, Seong-Eun and Lee, Jong-Seok},
  title = {Implicit analysis of perceptual multimedia experience based on physiological response: A review},
  journal = {IEEE Transactions on Multimedia},
  year = {2016},
  volume = {19},
  number = {2},
  pages = {340--353}
}

@article{horwitz2003elusive,
  author = {Horwitz, Barry},
  title = {The elusive concept of brain connectivity},
  journal = {Neuroimage},
  year = {2003},
  volume = {19},
  number = {2},
  pages = {466--470}
}

@inproceedings{jang2018eeg,
  author = {Jang, Soobeom and Moon, Seong-Eun and Lee, Jong-Seok},
  title = {EEG-based video identification using graph signal modeling and graph convolutional neural network},
  booktitle = {2018 IEEE International Conference on Acoustics, Speech and Signal Processing (ICASSP)},
  year = {2018},
  pages = {3066--3070},
  publisher = {IEEE}
}

@article{jang2021eeg,
  author = {Jang, Soobeom and Moon, Seong-Eun and Lee, Jong-Seok},
  title = {EEG-based emotional video classification via learning connectivity structure},
  journal = {IEEE Transactions on Affective Computing},
  year = {2021},
  volume = {14},
  number = {2},
  pages = {1586--1597}
}

@article{moon2020emotional,
  author = {Moon, Seong-Eun and others},
  title = {Emotional EEG classification using connectivity features and convolutional neural networks},
  journal = {Neural Networks},
  year = {2020},
  volume = {132},
  pages = {96--107}
}

@article{liu2017real,
  author = {Liu, Yong-Jin and others},
  title = {Real-time movie-induced discrete emotion recognition from EEG signals},
  journal = {IEEE Transactions on Affective Computing},
  year = {2017},
  volume = {9},
  number = {4},
  pages = {550--562}
}

@article{zhang2016approach,
  author = {Zhang, Yong and Ji, Xiaomin and Zhang, Suhua},
  title = {An approach to EEG-based emotion recognition using combined feature extraction method},
  journal = {Neuroscience Letters},
  year = {2016},
  volume = {633},
  pages = {152--157}
}

@inproceedings{yanagimoto2016convolutional,
  author = {Yanagimoto, Miku and Sugimoto, Chika},
  title = {Convolutional neural networks using supervised pre-training for EEG-based emotion recognition},
  booktitle = {Proceedings of the 8th International Workshop on Biosignal Interpretation},
  year = {2016},
  pages = {72--75}
}

@article{li2018hierarchical,
  author = {Li, Jinpeng and Zhang, Zhaoxiang and He, Huiguang},
  title = {Hierarchical convolutional neural networks for EEG-based emotion recognition},
  journal = {Cognitive Computation},
  year = {2018},
  volume = {10},
  pages = {368--380}
}

@article{costa2006eeg,
  author = {Costa, Tommaso and Rognoni, Elena and Galati, Dario},
  title = {EEG phase synchronization during emotional response to positive and negative film stimuli},
  journal = {Neuroscience Letters},
  year = {2006},
  volume = {406},
  number = {3},
  pages = {159--164}
}

@article{lee2014classifying,
  author = {Lee, You-Yun and Hsieh, Shulan},
  title = {Classifying different emotional states by means of EEG-based functional connectivity patterns},
  journal = {PloS One},
  year = {2014},
  volume = {9},
  number = {4},
  pages = {e95415}
}

@article{jasper1958electrode,
  author = {Jasper, Herbert H.},
  title = {Ten-twenty electrode system of the international federation},
  journal = {Electroencephalography and Clinical Neurophysiology},
  year = {1958},
  volume = {10},
  number = {2},
  pages = {371--375}
}

@article{krizhevsky2009learning,
  title={Learning multiple layers of features from tiny images},
  author={Krizhevsky, Alex and Hinton, Geoffrey},
  booktitle={Computer Vision and Pattern Recognition (CVPR) Workshops, 2009 IEEE Conference on},
  pages={1--8},
  year={2009},
  organization={IEEE}
}


@article{koelstra2011deap,
  author = {Koelstra, Sander and Muhl, Thomas and Soleymani, Mohammad and Chang, Chen and Chen, Li and Lan, Zhiyuan and Zhong, Ming and Ebrahimi, Touradj},
  title = {DEAP: A Database for Emotion Analysis; Using Physiological Signals},
  journal = {IEEE Transactions on Affective Computing},
  year = {2011},
  volume = {3},
  number = {1},
  pages = {18--31}
}


