@inproceedings{GLEM,
  title={Learning on Large-scale Text-attributed Graphs via Variational Inference},
  author={Zhao, Jianan and Qu, Meng and Li, Chaozhuo and Yan, Hao and Liu, Qian and Li, Rui and Xie, Xing and Tang, Jian},
  booktitle={The Eleventh International Conference on Learning Representations},
  year={2022}
}

@inproceedings{GPT3,
 author = {Brown, Tom and Mann, Benjamin and Ryder, Nick and Subbiah, Melanie and Kaplan, Jared D and Dhariwal, Prafulla and Neelakantan, Arvind and Shyam, Pranav and Sastry, Girish and Askell, Amanda and Agarwal, Sandhini and Herbert-Voss, Ariel and Krueger, Gretchen and Henighan, Tom and Child, Rewon and Ramesh, Aditya and Ziegler, Daniel and Wu, Jeffrey and Winter, Clemens and Hesse, Chris and Chen, Mark and Sigler, Eric and Litwin, Mateusz and Gray, Scott and Chess, Benjamin and Clark, Jack and Berner, Christopher and McCandlish, Sam and Radford, Alec and Sutskever, Ilya and Amodei, Dario},
 booktitle = {Advances in Neural Information Processing Systems},
 editor = {H. Larochelle and M. Ranzato and R. Hadsell and M.F. Balcan and H. Lin},
 pages = {1877--1901},
 publisher = {Curran Associates, Inc.},
 title = {Language Models are Few-Shot Learners},
 volume = {33},
 year = {2020}
}

@inproceedings{LDS,
	title = 	 {Learning Discrete Structures for Graph Neural Networks},
	author =       {Franceschi, Luca and Niepert, Mathias and Pontil, Massimiliano and He, Xiao},
	booktitle = 	 {Proceedings of the 36th International Conference on Machine Learning},
	pages = 	 {1972--1982},
	year = 	 {2019},
}

@article{LU2021107758,
    title = {Low-rank adaptive graph embedding for unsupervised feature extraction},
    journal = {Pattern Recognition},
    volume = {113},
    pages = {107758},
    year = {2021},
    issn = {0031-3203},
    author = {Jianglin Lu and Hailing Wang and Jie Zhou and Yudong Chen and Zhihui Lai and Qinghua Hu},
    keywords = {Low-rank regression, Jointly sparse learning, Adaptive graph embedding, Unsupervised feature extraction},
}

@inproceedings{SLAPS,
	author = {Fatemi, Bahare and El Asri, Layla and Kazemi, Seyed Mehran},
	booktitle = {Advances in Neural Information Processing Systems},
	pages = {22667--22681},
	title = {SLAPS: Self-Supervision Improves Structure Learning for Graph Neural Networks},
	year = {2021}
}

@article{duan2023simteg,
  title={SimTeG: A Frustratingly Simple Approach Improves Textual Graph Learning}, 
  author={Keyu Duan and Qian Liu and Tat-Seng Chua and Shuicheng Yan and Wei Tsang Ooi and Qizhe Xie and Junxian He},
  year={2023},
  volume={abs/2308.02565},
  journal={arXiv},
  primaryClass={cs.CL}
}

@article{he2023harnessing,
  title={Harnessing Explanations: LLM-to-LM Interpreter for Enhanced Text-Attributed Graph Representation Learning}, 
  author={Xiaoxin He and Xavier Bresson and Thomas Laurent and Adam Perold and Yann LeCun and Bryan Hooi},
  year={2024},
  journal={International Conference on Learning Representations},
  primaryClass={cs.LG}
}

@INPROCEEDINGS{jianglin2023LGI,
    title={Latent Graph Inference with Limited Supervision},
    author={Lu, Jianglin and Xu, Yi and Wang, Huan and Bai, Yue and Fu, Yun},
    booktitle={Advances in Neural Information Processing Systems},
    year={2023}
}

@misc{li2024surveygraphmeetslarge,
      title={A Survey of Graph Meets Large Language Model: Progress and Future Directions}, 
      author={Yuhan Li and Zhixun Li and Peisong Wang and Jia Li and Xiangguo Sun and Hong Cheng and Jeffrey Xu Yu},
      year={2024},
      eprint={2311.12399},
      archivePrefix={arXiv},
      primaryClass={cs.LG},
      url={https://arxiv.org/abs/2311.12399}, 
}

@article{lu2018subspace,
  title={Subspace clustering by block diagonal representation},
  author={Lu, Canyi and Feng, Jiashi and Lin, Zhouchen and Mei, Tao and Yan, Shuicheng},
  journal={IEEE transactions on pattern analysis and machine intelligence},
  volume={41},
  number={2},
  pages={487--501},
  year={2018},
  publisher={IEEE}
}

@article{lu2021target,
  title={Target redirected regression with dynamic neighborhood structure},
  author={Lu, Jianglin and Lin, Jingxu and Lai, Zhihui and Wang, Hailing and Zhou, Jie},
  journal={Information Sciences},
  volume={544},
  pages={564--584},
  year={2021},
  publisher={Elsevier}
}

@inproceedings{nie2016unsupervised,
  title={Unsupervised feature selection with structured graph optimization},
  author={Nie, Feiping and Zhu, Wei and Li, Xuelong},
  booktitle={Proceedings of the AAAI conference on artificial intelligence},
  year={2016}
}

@inproceedings{yu2023empower,
  title={Leveraging Large Language Models for Node Generation in Few-Shot Learning on Text-Attributed Graphs},
  author={Yu, Jianxiang and Ren, Yuxiang and Gong, Chenghua and Tan, Jiaqi and Li, Xiang and Zhang, Xuecang},
  booktitle={Proceedings of the AAAI conference on artificial intelligence},
  year={2025}
}

@article{zhang2010graph,
  title={Graph-optimized locality preserving projections},
  author={Zhang, Limei and Qiao, Lishan and Chen, Songcan},
  journal={Pattern Recognition},
  volume={43},
  number={6},
  pages={1993--2002},
  year={2010},
  publisher={Elsevier}
}

