@article{BigBench,
  title={Beyond the Imitation Game: Quantifying and extrapolating the capabilities of language models},
  author={Srivastava, Aarohi and Rastogi, Abhinav and Rao, Abhishek and Shoeb, Abu Awal Md and Abid, Abubakar and Fisch, Adam and Brown, Adam R and Santoro, Adam and Gupta, Aditya and Garriga-Alonso, Adri{\`a} and others},
  journal={Transactions on Machine Learning Research},
  issn={2835-8856},
  year={2023},
  url={https://openreview.net/forum?id=uyTL5Bvosj},
  note={}
}

@misc{BloombergGPT,
      title={BloombergGPT: A Large Language Model for Finance}, 
      author={Shijie Wu and Ozan Irsoy and Steven Lu and Vadim Dabravolski and Mark Dredze and Sebastian Gehrmann and Prabhanjan Kambadur and David Rosenberg and Gideon Mann},
      year={2023},
      eprint={2303.17564},
      archivePrefix={arXiv},
      primaryClass={cs.LG}
}

@misc{ChatLaw,
      title={ChatLaw: Open-Source Legal Large Language Model with Integrated External Knowledge Bases}, 
      author={Jiaxi Cui and Zongjian Li and Yang Yan and Bohua Chen and Li Yuan},
      year={2023},
      eprint={2306.16092},
      archivePrefix={arXiv},
      primaryClass={cs.CL}
}

@article{Hallucination_Survey,
author = {Ji, Ziwei and Lee, Nayeon and Frieske, Rita and Yu, Tiezheng and Su, Dan and Xu, Yan and Ishii, Etsuko and Bang, Ye Jin and Madotto, Andrea and Fung, Pascale},
title = {Survey of Hallucination in Natural Language Generation},
year = {2023},
issue_date = {December 2023},
publisher = {Association for Computing Machinery},
address = {New York, NY, USA},
volume = {55},
number = {12},
issn = {0360-0300},
url = {https://doi.org/10.1145/3571730},
doi = {10.1145/3571730},
journal = {ACM Comput. Surv.},
month = {mar},
articleno = {248},
numpages = {38},
}

@inproceedings{TruthfulQA,
    title = "{T}ruthful{QA}: Measuring How Models Mimic Human Falsehoods",
    author = "Lin, Stephanie  and
      Hilton, Jacob  and
      Evans, Owain",
    booktitle = "Proceedings of the 60th Annual Meeting of the Association for Computational Linguistics (Volume 1: Long Papers)",
    month = may,
    year = "2022",
    address = "Dublin, Ireland",
    publisher = "Association for Computational Linguistics",
    url = "https://aclanthology.org/2022.acl-long.229",
    doi = "10.18653/v1/2022.acl-long.229",
    pages = "3214--3252",
}

@misc{WebGPT,
      title={WebGPT: Browser-assisted question-answering with human feedback}, 
      author={Reiichiro Nakano and Jacob Hilton and Suchir Balaji and Jeff Wu and Long Ouyang and Christina Kim and Christopher Hesse and Shantanu Jain and Vineet Kosaraju and William Saunders and Xu Jiang and Karl Cobbe and Tyna Eloundou and Gretchen Krueger and Kevin Button and Matthew Knight and Benjamin Chess and John Schulman},
      year={2022},
      eprint={2112.09332},
      archivePrefix={arXiv},
      primaryClass={cs.CL}
}

@inproceedings{Wei2024MeasuringSF,
  title={Measuring short-form factuality in large language models},
  author={Jason Wei and Nguyen Karina and Hyung Won Chung and Yunxin Joy Jiao and Spencer Papay and Amelia Glaese and John Schulman and William Fedus},
  year={2024},
  url={https://api.semanticscholar.org/CorpusID:273877483}
}

@article{Zhang2024CMMMUAC,
  title={CMMMU: A Chinese Massive Multi-discipline Multimodal Understanding Benchmark},
  author={Ge Zhang and Xinrun Du and Bei Chen and Yiming Liang and Tongxu Luo and Tianyu Zheng and Kang Zhu and Yuyang Cheng and Chunpu Xu and Shuyue Guo and Haoran Zhang and Xingwei Qu and Junjie Wang and Ruibin Yuan and Yizhi Li and Zekun Wang and Yudong Liu and Yu-Hsuan Tsai and Fengji Zhang and Chenghua Lin and Wenhao Huang and Wenhu Chen and Jie Fu},
  journal={ArXiv},
  year={2024},
  volume={abs/2401.11944},
  url={https://api.semanticscholar.org/CorpusID:267068665}
}

@misc{chen2023journey,
      title={Journey to the Center of the Knowledge Neurons: Discoveries of Language-Independent Knowledge Neurons and Degenerate Knowledge Neurons}, 
      author={Yuheng Chen and Pengfei Cao and Yubo Chen and Kang Liu and Jun Zhao},
      year={2023},
      eprint={2308.13198},
      archivePrefix={arXiv},
      primaryClass={cs.CL}
}

@article{chen2024we,
    title={Are We on the Right Way for Evaluating Large Vision-Language Models?},
    author={Chen, Lin and Li, Jinsong and Dong, Xiaoyi and Zhang, Pan and Zang, Yuhang and Chen, Zehui and Duan, Haodong and Wang, Jiaqi and Qiao, Yu and Lin, Dahua and others},
    journal={arXiv preprint arXiv:2403.20330},
    year={2024}
}

@misc{chern2023factool,
      title={FacTool: Factuality Detection in Generative AI -- A Tool Augmented Framework for Multi-Task and Multi-Domain Scenarios}, 
      author={I-Chun Chern and Steffi Chern and Shiqi Chen and Weizhe Yuan and Kehua Feng and Chunting Zhou and Junxian He and Graham Neubig and Pengfei Liu},
      year={2023},
      eprint={2307.13528},
      archivePrefix={arXiv},
      primaryClass={cs.CL}
}

@article{codearena,
  title={Evaluating and aligning codellms on human preference},
  author={Yang, Jian and Yang, Jiaxi and Jin, Ke and Miao, Yibo and Zhang, Lei and Yang, Liqun and Cui, Zeyu and Zhang, Yichang and Hui, Binyuan and Lin, Junyang},
  journal={arXiv preprint arXiv:2412.05210},
  year={2024}
}

@article{execrepobench,
  title={Execrepobench: Multi-level executable code completion evaluation},
  author={Yang, Jian and Zhang, Jiajun and Yang, Jiaxi and Jin, Ke and Zhang, Lei and Peng, Qiyao and Deng, Ken and Miao, Yibo and Liu, Tianyu and Cui, Zeyu and others},
  journal={arXiv preprint arXiv:2412.11990},
  year={2024}
}

@misc{gou2023critic,
      title={CRITIC: Large Language Models Can Self-Correct with Tool-Interactive Critiquing}, 
      author={Zhibin Gou and Zhihong Shao and Yeyun Gong and Yelong Shen and Yujiu Yang and Nan Duan and Weizhu Chen},
      year={2023},
      eprint={2305.11738},
      archivePrefix={arXiv},
      primaryClass={cs.CL}
}

@misc{he2024chinesesimpleqachinesefactuality,
      title={Chinese SimpleQA: A Chinese Factuality Evaluation for Large Language Models}, 
      author={Yancheng He and Shilong Li and Jiaheng Liu and Yingshui Tan and Weixun Wang and Hui Huang and Xingyuan Bu and Hangyu Guo and Chengwei Hu and Boren Zheng and Zhuoran Lin and Xuepeng Liu and Dekai Sun and Shirong Lin and Zhicheng Zheng and Xiaoyong Zhu and Wenbo Su and Bo Zheng},
      year={2024},
      eprint={2411.07140},
      archivePrefix={arXiv},
      primaryClass={cs.CL},
      url={https://arxiv.org/abs/2411.07140}, 
}

@misc{hotpotqa,
      title={HotpotQA: A Dataset for Diverse, Explainable Multi-hop Question Answering}, 
      author={Zhilin Yang and Peng Qi and Saizheng Zhang and Yoshua Bengio and William W. Cohen and Ruslan Salakhutdinov and Christopher D. Manning},
      year={2018},
      eprint={1809.09600},
      archivePrefix={arXiv},
      primaryClass={cs.CL}
}

@article{huang2023ceval,
title={C-Eval: A Multi-Level Multi-Discipline Chinese Evaluation Suite for Foundation Models}, 
author={Huang, Yuzhen and Bai, Yuzhuo and Zhu, Zhihao and Zhang, Junlei and Zhang, Jinghan and Su, Tangjun and Liu, Junteng and Lv, Chuancheng and Zhang, Yikai and Lei, Jiayi and Fu, Yao and Sun, Maosong and He, Junxian},
journal={arXiv preprint arXiv:2305.08322},
year={2023}
}

@inproceedings{kandpal2023large,
  title={Large language models struggle to learn long-tail knowledge},
  author={Kandpal, Nikhil and Deng, Haikang and Roberts, Adam and Wallace, Eric and Raffel, Colin},
  booktitle={International Conference on Machine Learning},
  pages={15696--15707},
  year={2023},
  organization={PMLR}
}

@misc{li2023cmmlu,
      title={CMMLU: Measuring massive multitask language understanding in Chinese}, 
      author={Haonan Li and Yixuan Zhang and Fajri Koto and Yifei Yang and Hai Zhao and Yeyun Gong and Nan Duan and Timothy Baldwin},
      year={2023},
      eprint={2306.09212},
      archivePrefix={arXiv},
      primaryClass={cs.CL}
}

@misc{li2023halueval,
      title={HaluEval: A Large-Scale Hallucination Evaluation Benchmark for Large Language Models}, 
      author={Junyi Li and Xiaoxue Cheng and Wayne Xin Zhao and Jian-Yun Nie and Ji-Rong Wen},
      year={2023},
      eprint={2305.11747},
      archivePrefix={arXiv},
      primaryClass={cs.CL}
}

@article{liu2023mmbench,
  title={Mmbench: Is your multi-modal model an all-around player?},
  author={Liu, Yuan and Duan, Haodong and Zhang, Yuanhan and Li, Bo and Zhang, Songyang and Zhao, Wangbo and Yuan, Yike and Wang, Jiaqi and He, Conghui and Liu, Ziwei and others},
  journal={arXiv preprint arXiv:2307.06281},
  year={2023}
}

@article{meng2022locating,
  title={Locating and Editing Factual Associations in {GPT}},
  author={Kevin Meng and David Bau and Alex Andonian and Yonatan Belinkov},
  journal={Advances in Neural Information Processing Systems},
  volume={36},
  year={2022}
}

@article{mmlu,
  title={Measuring Massive Multitask Language Understanding},
  author={Dan Hendrycks and Collin Burns and Steven Basart and Andy Zou and Mantas Mazeika and Dawn Song and Jacob Steinhardt},
  journal={Proceedings of the International Conference on Learning Representations (ICLR)},
  year={2021}
}

@misc{pan2023unifying,
      title={Unifying Large Language Models and Knowledge Graphs: A Roadmap}, 
      author={Shirui Pan and Linhao Luo and Yufei Wang and Chen Chen and Jiapu Wang and Xindong Wu},
      year={2023},
      eprint={2306.08302},
      archivePrefix={arXiv},
      primaryClass={cs.CL}
}

@article{wu2024mmra,
  title={MMRA: A Benchmark for Multi-granularity Multi-image Relational Association},
  author={Wu, Siwei and Zhu, Kang and Bai, Yu and Liang, Yiming and Li, Yizhi and Wu, Haoning and Liu, Jiaheng and Liu, Ruibo and Qu, Xingwei and Cheng, Xuxin and others},
  journal={arXiv preprint arXiv:2407.17379},
  year={2024}
}

@article{wu2024scimmir,
  title={SciMMIR: Benchmarking Scientific Multi-modal Information Retrieval},
  author={Wu, Siwei and Li, Yizhi and Zhu, Kang and Zhang, Ge and Liang, Yiming and Ma, Kaijing and Xiao, Chenghao and Zhang, Haoran and Yang, Bohao and Chen, Wenhu and others},
  journal={arXiv preprint arXiv:2401.13478},
  year={2024}
}

@inproceedings{yu2023generate,
  title={Generate rather than retrieve: Large language models are strong context generators},
  author={Yu, Wenhao and Iter, Dan and Wang, Shuohang and Xu, Yichong and Ju, Mingxuan and Sanyal, Soumya and Zhu, Chenguang and Zeng, Michael and Jiang, Meng},
  booktitle={International Conference for Learning Representation (ICLR)},
  year={2023}
}

@article{yu2023mm,
  title={Mm-vet: Evaluating large multimodal models for integrated capabilities},
  author={Yu, Weihao and Yang, Zhengyuan and Li, Linjie and Wang, Jianfeng and Lin, Kevin and Liu, Zicheng and Wang, Xinchao and Wang, Lijuan},
  journal={arXiv preprint arXiv:2308.02490},
  year={2023}
}

@inproceedings{yue2024mmmu,
  title={Mmmu: A massive multi-discipline multimodal understanding and reasoning benchmark for expert agi},
  author={Yue, Xiang and Ni, Yuansheng and Zhang, Kai and Zheng, Tianyu and Liu, Ruoqi and Zhang, Ge and Stevens, Samuel and Jiang, Dongfu and Ren, Weiming and Sun, Yuxuan and others},
  booktitle={Proceedings of the IEEE/CVF Conference on Computer Vision and Pattern Recognition},
  pages={9556--9567},
  year={2024}
}

@misc{zhong2023agieval,
      title={AGIEval: A Human-Centric Benchmark for Evaluating Foundation Models}, 
      author={Wanjun Zhong and Ruixiang Cui and Yiduo Guo and Yaobo Liang and Shuai Lu and Yanlin Wang and Amin Saied and Weizhu Chen and Nan Duan},
      year={2023},
      eprint={2304.06364},
      archivePrefix={arXiv},
      primaryClass={cs.CL}
}

