@inproceedings{AdaptDiffuser,
  title={\href{https://arxiv.org/pdf/2302.01877}{AdaptDiffuser: Diffusion models as adaptive self-evolving planners}},
  author={Liang, Zhixuan and Mu, Yao and Ding, Mingyu and Ni, Fei and Tomizuka, Masayoshi and Luo, Ping},
  booktitle={International Conference on Machine Learning},
  pages={20725--20745},
  year={2023},
  organization={PMLR}
}

@article{BESO,
  title={\href{https://arxiv.org/pdf/2304.02532}{Goal-conditioned imitation learning using score-based diffusion policies}},
  author={Reuss, Moritz and Li, Maximilian and Jia, Xiaogang and Lioutikov, Rudolf},
  journal={arXiv preprint arXiv:2304.02532},
  year={2023}
}

@article{CGD,
  title={\href{https://arxiv.org/pdf/2405.01758}{CGD: Constraint-guided diffusion policies for UAV trajectory planning}},
  author={Kondo, Kota and Tagliabue, Andrea and Cai, Xiaoyi and Tewari, Claudius and Garcia, Olivia and Espitia-Alvarez, Marcos and How, Jonathan P},
  journal={arXiv preprint arXiv:2405.01758},
  year={2024}
}

@article{D-MPC,
  title={\href{https://arxiv.org/pdf/2410.05364}{Diffusion model predictive control}},
  author={Zhou, Guangyao and Swaminathan, Sivaramakrishnan and Raju, Rajkumar Vasudeva and Guntupalli, J Swaroop and Lehrach, Wolfgang and Ortiz, Joseph and Dedieu, Antoine and L{\'a}zaro-Gredilla, Miguel and Murphy, Kevin},
  journal={arXiv preprint arXiv:2410.05364},
  year={2024}
}

@inproceedings{DecisionDiffuser,
  title={\href{https://arxiv.org/pdf/2211.15657}{Is conditional generative modeling all you need for decision making?}},
  author={Ajay, Anurag and Du, Yilun and Gupta, Abhi and Tenenbaum, Joshua B and Jaakkola, Tommi S and Agrawal, Pulkit},
  booktitle={11th International Conference on Learning Representations},
  year={2022}
}

@article{Diff-RNTraj,
  title={\href{https://arxiv.org/pdf/2402.07369v1}{Diff-RNTraj: A structure-aware diffusion model for road network-constrained trajectory generation}},
  author={Wei, Tonglong and Lin, Youfang and Guo, Shengnan and Lin, Yan and Huang, Yiheng and Xiang, Chenyang and Bai, Yuqing and Ya, Menglu and Wan, Huaiyu},
  journal={arXiv preprint arXiv:2402.07369},
  year={2024}
}

@inproceedings{DiffuseLoco,
  title={\href{https://arxiv.org/pdf/2404.19264}{DiffuseLoco: Real-time legged locomotion control with diffusion from offline datasets}},
  author={Huang, Xiaoyu and Chi, Yufeng and Wang, Ruofeng and Li, Zhongyu and Peng, Xue Bin and Shao, Sophia and Nikolic, Borivoje and Sreenath, Koushil},
  booktitle={8th Conference on Robot Learning},
  year={2024}
}

@inproceedings{Diffuser,
  title={\href{https://arxiv.org/pdf/2205.09991}{Planning with diffusion for flexible behavior synthesis}},
  author={Janner, Michael and Du, Yilun and Tenenbaum, Joshua and Levine, Sergey},
  booktitle={International Conference on Machine Learning},
  pages={9902--9915},
  year={2022},
  organization={PMLR}
}

@article{DiffuserLite,
  title={\href{https://arxiv.org/pdf/2401.15443v4}{DiffuserLite: Towards real-time diffusion planning}},
  author={Dong, Zibin and Hao, Jianye and Yuan, Yifu and Ni, Fei and Wang, Yitian and Li, Pengyi and Zheng, Yan},
  journal={Advances in Neural Information Processing Systems},
  volume={36},
  year={2024}
}

@article{Diffusion_QLearning,
  title={\href{https://arxiv.org/pdf/2208.06193}{Diffusion policies as an expressive policy class for offline reinforcement learning}},
  author={Wang, Zhendong and Hunt, Jonathan J and Zhou, Mingyuan},
  journal={arXiv preprint arXiv:2208.06193},
  year={2022}
}

@article{NoMaD,
  title={\href{https://arxiv.org/pdf/2310.07896}{NoMaD: Goal masked diffusion policies for navigation and exploration}},
  author={Sridhar, Ajay and Shah, Dhruv and Glossop, Catherine and Levine, Sergey},
  journal={arXiv preprint arXiv:2310.07896},
  year={2023}
}

@inproceedings{PhysDiff,
  title={\href{https://arxiv.org/pdf/2212.02500}{PhysDiff: Physics-guided human motion diffusion model}},
  author={Yuan, Ye and Song, Jiaming and Iqbal, Umar and Vahdat, Arash and Kautz, Jan},
  booktitle={Proceedings of the IEEE/CVF International Conference on Computer Vision},
  pages={16010--16021},
  year={2023}
}

@inproceedings{Projected,
  title={\href{https://arxiv.org/pdf/2402.03559}{Constrained synthesis with projected diffusion models}},
  author={Christopher, Jacob K and Baek, Stephen and Fioretto, Ferdinando},
  booktitle={The Thirty-eighth Annual Conference on Neural Information Processing Systems},
  year={2024}
}

@inproceedings{Reflected,
  title={\href{https://arxiv.org/pdf/2304.04740}{Reflected diffusion models}},
  author={Lou, Aaron and Ermon, Stefano},
  booktitle = {International Conference on Machine Learning},
  pages={22675--22701},
  year={2023},
  organization = {PMLR}
}

@article{Replanning,
  title={\href{https://arxiv.org/pdf/2310.09629}{Adaptive online replanning with diffusion models}},
  author={Zhou, Siyuan and Du, Yilun and Zhang, Shun and Xu, Mengdi and Shen, Yikang and Xiao, Wei and Yeung, Dit-Yan and Gan, Chuang},
  journal={Advances in Neural Information Processing Systems},
  volume={36},
  year={2024}
}

@article{RyneBeeson,
  title={\href{https://arxiv.org/pdf/2403.05571}{Efficient and guaranteed-safe non-convex trajectory optimization with constrained diffusion model}},
  author={Li, Anjian and Ding, Zihan and Dieng, Adji Bousso and Beeson, Ryne},
  journal={arXiv preprint arXiv:2403.05571},
  year={2024}
}

@article{SafeDiffuser,
  title={\href{https://arxiv.org/pdf/2306.00148}{SafeDiffuser: Safe planning with diffusion probabilistic models}},
  author={Xiao, Wei and Wang, Tsun-Hsuan and Gan, Chuang and Rus, Daniela},
  journal={arXiv preprint arXiv:2306.00148},
  year={2023}
}

@article{Trajectory,
  title={\href{https://arxiv.org/pdf/2306.15512}{Trajectory generation, control, and safety with denoising diffusion probabilistic models}},
  author={Botteghi, Nicol{\`o} and Califano, Federico and Poel, Mannes and Brune, Christoph},
  journal={arXiv preprint arXiv:2306.15512},
  year={2023}
}

@inproceedings{Visuomotor,
  title={\href{https://arXiv.org/pdf/2303.04137}{Diffusion policy: Visuomotor policy learning via action diffusion}},
  author={Chi, Cheng and Feng, Siyuan and Du, Yilun and Xu, Zhenjia and Cousineau, Eric and Burchfiel, Benjamin and Song, Shuran},
  booktitle={Robotics: Science and Systems},
  year={2023}
}

@article{bastek2024physics,
  title={\href{https://arxiv.org/pdf/2403.14404}{Physics-Informed Diffusion Models}},
  author={Bastek, Jan-Hendrik and Sun, WaiChing and Kochmann, Dennis M},
  journal={arXiv preprint arXiv:2403.14404},
  year={2024}
}

@inproceedings{beat_GAN,
  title={\href{https://arxiv.org/pdf/2208.09591}{Diffusion models beat GANs on topology optimization}},
  author={Maz{\'e}, Fran{\c{c}}ois and Ahmed, Faez},
  booktitle={Proceedings of the AAAI Conference on Artificial Intelligence},
  year={2023}
}

@inproceedings{carvalho2023motion,
  title={\href{https://arxiv.org/pdf/2308.01557}{Motion planning diffusion: Learning and planning of robot motions with diffusion models}},
  author={Carvalho, Joao and Le, An T and Baierl, Mark and Koert, Dorothea and Peters, Jan},
  booktitle={2023 IEEE/RSJ International Conference on Intelligent Robots and Systems},
  pages={1916--1923},
  year={2023},
  organization={IEEE}
}

@article{constraints,
  title={\href{https://arxiv.org/pdf/2304.05364}{Diffusion models for constrained domains}},
  author={Fishman, Nic and Klarner, Leo and De Bortoli, Valentin and Mathieu, Emile and Hutchinson, Michael},
  journal={arXiv preprint arXiv:2304.05364},
  year={2023}
}

@article{giannone2024aligning,
  title={\href{https://arxiv.org/pdf/2305.18470}{Aligning optimization trajectories with diffusion models for constrained design generation}},
  author={Giannone, Giorgio and Srivastava, Akash and Winther, Ole and Ahmed, Faez},
  journal={Advances in Neural Information Processing Systems},
  volume={36},
  year={2024}
}

@inproceedings{gu2022stochastic,
  title={\href{https://arxiv.org/pdf/2203.13777}{Stochastic trajectory prediction via motion indeterminacy diffusion}},
  author={Gu, Tianpei and Chen, Guangyi and Li, Junlong and Lin, Chunze and Rao, Yongming and Zhou, Jie and Lu, Jiwen},
  booktitle={Proceedings of the IEEE/CVF Conference on Computer Vision and Pattern Recognition},
  pages={17113--17122},
  year={2022}
}

@article{hewing2020learning,
  title={\href{https://doi.org/10.1146/annurev-control-090419-075625}{Learning-based model predictive control: Toward safe learning in control}},
  author={Hewing, Lukas and Wabersich, Kim P and Menner, Marcel and Zeilinger, Melanie N},
  journal={Annual Review of Control, Robotics, and Autonomous Systems},
  volume={3},
  pages={269--296},
  year={2020},
  publisher={Annual Reviews}
}

@article{kurtz2024equality,
  title={\href{https://arxiv.org/pdf/2410.01939}{Equality constrained diffusion for direct trajectory optimization}},
  author={Kurtz, Vince and Burdick, Joel W},
  journal={arXiv preprint arXiv:2410.01939},
  year={2024}
}

@article{lee2024refining,
  title={\href{https://arxiv.org/pdf/2310.19427}{Refining diffusion planner for reliable behavior synthesis by automatic detection of infeasible plans}},
  author={Lee, Kyowoon and Kim, Seongun and Choi, Jaesik},
  journal={Advances in Neural Information Processing Systems},
  volume={36},
  year={2024}
}

@article{pan2024model,
  title={\href{https://arxiv.org/pdf/2407.01573}{Model-based diffusion for trajectory optimization}},
  author={Pan, Chaoyi and Yi, Zeji and Shi, Guanya and Qu, Guannan},
  journal={arXiv preprint arXiv:2407.01573},
  year={2024}
}

@inproceedings{power2023sampling,
  title={\href{https://openreview.net/pdf?id=UAylEpIMNE}{Sampling constrained trajectories using composable diffusion models}},
  author={Power, Thomas and Soltani-Zarrin, Rana and Iba, Soshi and Berenson, Dmitry},
  booktitle={IROS 2023 Workshop on Differentiable Probabilistic Robotics: Emerging Perspectives on Robot Learning},
  year={2023}
}

@article{romer2024diffusion,
  title={\href{https://arxiv.org/pdf/2412.09342}{Diffusion predictive control with constraints}},
  author={R{\"o}mer, Ralf and von Rohr, Alexander and Schoellig, Angela P},
  journal={arXiv preprint arXiv:2412.09342},
  year={2024}
}

@inproceedings{romer2024safe,
  title={\href{https://openreview.net/pdf?id=o575pIMeEz}{Safe Offline Reinforcement Learning using Trajectory-Level Diffusion Models}},
  author={R{\"o}mer, Ralf and Brunke, Lukas and Schuck, Martin and Schoellig, Angela P},
  booktitle={ICRA Workshop Back to the Future: Robot Learning Going Probabilistic},
  year = {2024}
}

@inproceedings{saha2024edmp,
  title={\href{https://arxiv.org/pdf/2309.11414}{EDMP: Ensemble-of-costs-guided diffusion for motion planning}},
  author={Saha, Kallol and Mandadi, Vishal and Reddy, Jayaram and Srikanth, Ajit and Agarwal, Aditya and Sen, Bipasha and Singh, Arun and Krishna, Madhava},
  booktitle={IEEE International Conference on Robotics and Automation},
  pages={10351--10358},
  year={2024},
  organization={IEEE}
}

@article{sun2024conformal,
  title={\href{https://proceedings.neurips.cc/paper_files/paper/2023/file/fe318a2b6c699808019a456b706cd845-Paper-Conference.pdf}{Conformal prediction for uncertainty-aware planning with diffusion dynamics model}},
  author={Sun, Jiankai and Jiang, Yiqi and Qiu, Jianing and Nobel, Parth and Kochenderfer, Mykel J and Schwager, Mac},
  journal={Advances in Neural Information Processing Systems},
  volume={36},
  year={2024}
}

@inproceedings{zhong2023guided,
  title={\href{https://arxiv.org/pdf/2210.17366}{Guided conditional diffusion for controllable traffic simulation}},
  author={Zhong, Ziyuan and Rempe, Davis and Xu, Danfei and Chen, Yuxiao and Veer, Sushant and Che, Tong and Ray, Baishakhi and Pavone, Marco},
  booktitle={IEEE International Conference on Robotics and Automation},
  pages={3560--3566},
  year={2023},
  organization={IEEE}
}

