@article{viljoen2024differentiable,
  title={\href{https://arxiv.org/pdf/2409.13817}{Differentiable predictive control for robotics: A data-driven predictive safety filter approach}},
  author={Viljoen, John and Cortez, Wenceslao Shaw and Drgona, Jan and East, Sebastian and Tomizuka, Masayoshi and Vrabie, Draguna},
  journal={arXiv preprint arXiv:2409.13817},
  year={2024}
}


### Diffusion on images
@article{GLIDE,
  title={\href{https://arxiv.org/pdf/2112.10741}{GLIDE: Towards photorealistic image generation and editing with text-guided diffusion models}},
  author={Nichol, Alex and Dhariwal, Prafulla and Ramesh, Aditya and Shyam, Pranav and Mishkin, Pamela and McGrew, Bob and Sutskever, Ilya and Chen, Mark},
  journal={arXiv preprint arXiv:2112.10741},
  year={2021}
}
@article{Imagen,
  title={\href{https://arxiv.org/pdf/2205.11487}{Photorealistic text-to-image diffusion models with deep language understanding}},
  author={Saharia, Chitwan and Chan, William and Saxena, Saurabh and Li, Lala and Whang, Jay and Denton, Emily L and Ghasemipour, Kamyar and Gontijo Lopes, Raphael and Karagol Ayan, Burcu and Salimans, Tim and others},
  journal={Advances in neural information processing systems},
  volume={35},
  pages={36479--36494},
  year={2022}
}
@article{ImagenVideo,
  title={\href{https://arxiv.org/pdf/2210.02303}{Imagen video: High definition video generation with diffusion models}},
  author={Ho, Jonathan and Chan, William and Saharia, Chitwan and Whang, Jay and Gao, Ruiqi and Gritsenko, Alexey and Kingma, Diederik P and Poole, Ben and Norouzi, Mohammad and Fleet, David J and others},
  journal={arXiv preprint arXiv:2210.02303},
  year={2022}
}

### Diffusion models
@inproceedings{song2020score,
  title={\href{https://arxiv.org/pdf/2011.13456}{Score-based generative modeling through stochastic differential equations}},
  author={Song, Yang and Sohl-Dickstein, Jascha and Kingma, Diederik P and Kumar, Abhishek and Ermon, Stefano and Poole, Ben},
  booktitle={International Conference on Learning Representations},
  year={2020}
}
@article{DDPM,
  title={\href{https://arxiv.org/pdf/2006.11239}{Denoising diffusion probabilistic models}},
  author={Ho, Jonathan and Jain, Ajay and Abbeel, Pieter},
  journal={Advances in Neural Information Processing Systems},
  volume={33},
  pages={6840--6851},
  year={2020}
}
@article{SMLD,
  title={\href{https://arxiv.org/pdf/1907.05600}{Generative modeling by estimating gradients of the data distribution}},
  author={Song, Yang and Ermon, Stefano},
  journal={Advances in Neural Information Processing Systems},
  volume={32},
  year={2019}
}
@article{DYffusion,
  title={\href{https://arxiv.org/pdf/2306.01984}{DYffusion: A dynamics-informed diffusion model for spatiotemporal forecasting}},
  author={Cachay, Salva R{\"u}hling and Zhao, Bo and James, Hailey and Yu, Rose},
  journal={arXiv preprint arXiv:2306.01984},
  year={2023}
}
@inproceedings{DiT,
  title={\href{https://openaccess.thecvf.com/content/ICCV2023/papers/Peebles_Scalable_Diffusion_Models_with_Transformers_ICCV_2023_paper.pdf}{Scalable diffusion models with transformers}},
  author={Peebles, William and Xie, Saining},
  booktitle={Proceedings of the IEEE/CVF International Conference on Computer Vision},
  pages={4195--4205},
  year={2023}
}
@article{karras2022elucidating,
  title={\href{https://proceedings.neurips.cc/paper_files/paper/2022/file/a98846e9d9cc01cfb87eb694d946ce6b-Paper-Conference.pdf}{Elucidating the design space of diffusion-based generative models}},
  author={Karras, Tero and Aittala, Miika and Aila, Timo and Laine, Samuli},
  journal={Advances in Neural Information Processing Systems},
  volume={35},
  pages={26565--26577},
  year={2022}
}


### Encouraging constraint satisfaction
@inproceedings{beat_GAN,
  title={\href{https://arxiv.org/pdf/2208.09591}{Diffusion models beat GANs on topology optimization}},
  author={Maz{\'e}, Fran{\c{c}}ois and Ahmed, Faez},
  booktitle={Proceedings of the AAAI Conference on Artificial Intelligence},
  year={2023}
}
@inproceedings{PhysDiff,
  title={\href{https://arxiv.org/pdf/2212.02500}{PhysDiff: Physics-guided human motion diffusion model}},
  author={Yuan, Ye and Song, Jiaming and Iqbal, Umar and Vahdat, Arash and Kautz, Jan},
  booktitle={Proceedings of the IEEE/CVF International Conference on Computer Vision},
  pages={16010--16021},
  year={2023}
}
@article{Trajectory,
  title={\href{https://arxiv.org/pdf/2306.15512}{Trajectory generation, control, and safety with denoising diffusion probabilistic models}},
  author={Botteghi, Nicol{\`o} and Califano, Federico and Poel, Mannes and Brune, Christoph},
  journal={arXiv preprint arXiv:2306.15512},
  year={2023}
}
@inproceedings{power2023sampling,
  title={\href{https://openreview.net/pdf?id=UAylEpIMNE}{Sampling constrained trajectories using composable diffusion models}},
  author={Power, Thomas and Soltani-Zarrin, Rana and Iba, Soshi and Berenson, Dmitry},
  booktitle={IROS 2023 Workshop on Differentiable Probabilistic Robotics: Emerging Perspectives on Robot Learning},
  year={2023}
}
@article{giannone2024aligning,
  title={\href{https://arxiv.org/pdf/2305.18470}{Aligning optimization trajectories with diffusion models for constrained design generation}},
  author={Giannone, Giorgio and Srivastava, Akash and Winther, Ole and Ahmed, Faez},
  journal={Advances in Neural Information Processing Systems},
  volume={36},
  year={2024}
}
@inproceedings{carvalho2023motion,
  title={\href{https://arxiv.org/pdf/2308.01557}{Motion planning diffusion: Learning and planning of robot motions with diffusion models}},
  author={Carvalho, Joao and Le, An T and Baierl, Mark and Koert, Dorothea and Peters, Jan},
  booktitle={2023 IEEE/RSJ International Conference on Intelligent Robots and Systems},
  pages={1916--1923},
  year={2023},
  organization={IEEE}
}
@article{Diff-RNTraj,
  title={\href{https://arxiv.org/pdf/2402.07369v1}{Diff-RNTraj: A structure-aware diffusion model for road network-constrained trajectory generation}},
  author={Wei, Tonglong and Lin, Youfang and Guo, Shengnan and Lin, Yan and Huang, Yiheng and Xiang, Chenyang and Bai, Yuqing and Ya, Menglu and Wan, Huaiyu},
  journal={arXiv preprint arXiv:2402.07369},
  year={2024}
}
@inproceedings{dong2024aligndiff,
    title={\href{https://arxiv.org/pdf/2310.02054}{AlignDiff: Aligning diverse human preferences via behavior-customisable diffusion model}},
    author={Zibin Dong and Yifu Yuan and Jianye Hao and Fei Ni and Yao Mu and Yan Zheng and Yujing Hu and Tangjie Lv and Changjie Fan and Zhipeng Hu},
    booktitle={Poster at The Twelfth International Conference on Learning Representations},
    year={2024}
}

### Diffusion Planning on images
@inproceedings{liu2024dipper,
  title={\href{https://arxiv.org/pdf/2310.07842}{DiPPEr: Diffusion-based 2D path planner applied on legged robots}},
  author={Liu, Jianwei and Stamatopoulou, Maria and Kanoulas, Dimitrios},
  booktitle={2024 IEEE International Conference on Robotics and Automation},
  pages={9264--9270},
  year={2024},
  organization={IEEE}
}
@article{stamatopoulou2024dippest,
  title={\href{https://arxiv.org/pdf/2405.19232}{DiPPeST: Diffusion-based path planner for synthesizing trajectories applied on quadruped robots}},
  author={Stamatopoulou, Maria and Liu, Jianwei and Kanoulas, Dimitrios},
  journal={arXiv preprint arXiv:2405.19232},
  year={2024}
}
@inproceedings{ankile2024imitation,
  title={\href{https://arxiv.org/pdf/2407.16677}{From imitation to refinement - residual RL for precise visual assembly}},
  author={Ankile, Lars Lien and Simeonov, Anthony and Shenfeld, Idan and Villasevil, Marcel Torne and Agrawal, Pulkit},
  booktitle={CoRL 2024 Workshop on Mastering Robot Manipulation in a World of Abundant Data},
  year={2024}
}

### Constraints on Diffusion
@inproceedings{Reflected,
  title={\href{https://arxiv.org/pdf/2304.04740}{Reflected diffusion models}},
  author={Lou, Aaron and Ermon, Stefano},
  booktitle = {International Conference on Machine Learning},
  pages={22675--22701},
  year={2023},
  organization = {PMLR}
}
@article{constraints,
  title={\href{https://arxiv.org/pdf/2304.05364}{Diffusion models for constrained domains}},
  author={Fishman, Nic and Klarner, Leo and De Bortoli, Valentin and Mathieu, Emile and Hutchinson, Michael},
  journal={arXiv preprint arXiv:2304.05364},
  year={2023}
}




### Diffusion over actions
@article{NoMaD,
  title={\href{https://arxiv.org/pdf/2310.07896}{NoMaD: Goal masked diffusion policies for navigation and exploration}},
  author={Sridhar, Ajay and Shah, Dhruv and Glossop, Catherine and Levine, Sergey},
  journal={arXiv preprint arXiv:2310.07896},
  year={2023}
}
@article{Diffusion_QLearning,
  title={\href{https://arxiv.org/pdf/2208.06193}{Diffusion policies as an expressive policy class for offline reinforcement learning}},
  author={Wang, Zhendong and Hunt, Jonathan J and Zhou, Mingyuan},
  journal={arXiv preprint arXiv:2208.06193},
  year={2022}
}
@article{BESO,
  title={\href{https://arxiv.org/pdf/2304.02532}{Goal-conditioned imitation learning using score-based diffusion policies}},
  author={Reuss, Moritz and Li, Maximilian and Jia, Xiaogang and Lioutikov, Rudolf},
  journal={arXiv preprint arXiv:2304.02532},
  year={2023}
}





### Planning with Diffusion
@inproceedings{Diffuser,
  title={\href{https://arxiv.org/pdf/2205.09991}{Planning with diffusion for flexible behavior synthesis}},
  author={Janner, Michael and Du, Yilun and Tenenbaum, Joshua and Levine, Sergey},
  booktitle={International Conference on Machine Learning},
  pages={9902--9915},
  year={2022},
  organization={PMLR}
}
@inproceedings{AdaptDiffuser,
  title={\href{https://arxiv.org/pdf/2302.01877}{AdaptDiffuser: Diffusion models as adaptive self-evolving planners}},
  author={Liang, Zhixuan and Mu, Yao and Ding, Mingyu and Ni, Fei and Tomizuka, Masayoshi and Luo, Ping},
  booktitle={International Conference on Machine Learning},
  pages={20725--20745},
  year={2023},
  organization={PMLR}
}
@inproceedings{DiffuseLoco,
  title={\href{https://arxiv.org/pdf/2404.19264}{DiffuseLoco: Real-time legged locomotion control with diffusion from offline datasets}},
  author={Huang, Xiaoyu and Chi, Yufeng and Wang, Ruofeng and Li, Zhongyu and Peng, Xue Bin and Shao, Sophia and Nikolic, Borivoje and Sreenath, Koushil},
  booktitle={8th Conference on Robot Learning},
  year={2024}
}
@article{DiffuserLite,
  title={\href{https://arxiv.org/pdf/2401.15443v4}{DiffuserLite: Towards real-time diffusion planning}},
  author={Dong, Zibin and Hao, Jianye and Yuan, Yifu and Ni, Fei and Wang, Yitian and Li, Pengyi and Zheng, Yan},
  journal={Advances in Neural Information Processing Systems},
  volume={36},
  year={2024}
}
@article{lee2024refining,
  title={\href{https://arxiv.org/pdf/2310.19427}{Refining diffusion planner for reliable behavior synthesis by automatic detection of infeasible plans}},
  author={Lee, Kyowoon and Kim, Seongun and Choi, Jaesik},
  journal={Advances in Neural Information Processing Systems},
  volume={36},
  year={2024}
}
@inproceedings{DecisionDiffuser,
  title={\href{https://arxiv.org/pdf/2211.15657}{Is conditional generative modeling all you need for decision making?}},
  author={Ajay, Anurag and Du, Yilun and Gupta, Abhi and Tenenbaum, Joshua B and Jaakkola, Tommi S and Agrawal, Pulkit},
  booktitle={11th International Conference on Learning Representations},
  year={2022}
}
@article{Replanning,
  title={\href{https://arxiv.org/pdf/2310.09629}{Adaptive online replanning with diffusion models}},
  author={Zhou, Siyuan and Du, Yilun and Zhang, Shun and Xu, Mengdi and Shen, Yikang and Xiao, Wei and Yeung, Dit-Yan and Gan, Chuang},
  journal={Advances in Neural Information Processing Systems},
  volume={36},
  year={2024}
}
@inproceedings{gu2022stochastic,
  title={\href{https://arxiv.org/pdf/2203.13777}{Stochastic trajectory prediction via motion indeterminacy diffusion}},
  author={Gu, Tianpei and Chen, Guangyi and Li, Junlong and Lin, Chunze and Rao, Yongming and Zhou, Jie and Lu, Jiwen},
  booktitle={Proceedings of the IEEE/CVF Conference on Computer Vision and Pattern Recognition},
  pages={17113--17122},
  year={2022}
}
@inproceedings{Visuomotor,
  title={\href{https://arXiv.org/pdf/2303.04137}{Diffusion policy: Visuomotor policy learning via action diffusion}},
  author={Chi, Cheng and Feng, Siyuan and Du, Yilun and Xu, Zhenjia and Cousineau, Eric and Burchfiel, Benjamin and Song, Shuran},
  booktitle={Robotics: Science and Systems},
  year={2023}
}
@inproceedings{zhong2023guided,
  title={\href{https://arxiv.org/pdf/2210.17366}{Guided conditional diffusion for controllable traffic simulation}},
  author={Zhong, Ziyuan and Rempe, Davis and Xu, Danfei and Chen, Yuxiao and Veer, Sushant and Che, Tong and Ray, Baishakhi and Pavone, Marco},
  booktitle={IEEE International Conference on Robotics and Automation},
  pages={3560--3566},
  year={2023},
  organization={IEEE}
}
@inproceedings{saha2024edmp,
  title={\href{https://arxiv.org/pdf/2309.11414}{EDMP: Ensemble-of-costs-guided diffusion for motion planning}},
  author={Saha, Kallol and Mandadi, Vishal and Reddy, Jayaram and Srikanth, Ajit and Agarwal, Aditya and Sen, Bipasha and Singh, Arun and Krishna, Madhava},
  booktitle={IEEE International Conference on Robotics and Automation},
  pages={10351--10358},
  year={2024},
  organization={IEEE}
}
@article{sun2024conformal,
  title={\href{https://proceedings.neurips.cc/paper_files/paper/2023/file/fe318a2b6c699808019a456b706cd845-Paper-Conference.pdf}{Conformal prediction for uncertainty-aware planning with diffusion dynamics model}},
  author={Sun, Jiankai and Jiang, Yiqi and Qiu, Jianing and Nobel, Parth and Kochenderfer, Mykel J and Schwager, Mac},
  journal={Advances in Neural Information Processing Systems},
  volume={36},
  year={2024}
}


### Constraints in Diffusion Planning
@article{CGD,
  title={\href{https://arxiv.org/pdf/2405.01758}{CGD: Constraint-guided diffusion policies for UAV trajectory planning}},
  author={Kondo, Kota and Tagliabue, Andrea and Cai, Xiaoyi and Tewari, Claudius and Garcia, Olivia and Espitia-Alvarez, Marcos and How, Jonathan P},
  journal={arXiv preprint arXiv:2405.01758},
  year={2024}
}
@article{SafeDiffuser,
  title={\href{https://arxiv.org/pdf/2306.00148}{SafeDiffuser: Safe planning with diffusion probabilistic models}},
  author={Xiao, Wei and Wang, Tsun-Hsuan and Gan, Chuang and Rus, Daniela},
  journal={arXiv preprint arXiv:2306.00148},
  year={2023}
}
@inproceedings{Projected,
  title={\href{https://arxiv.org/pdf/2402.03559}{Constrained synthesis with projected diffusion models}},
  author={Christopher, Jacob K and Baek, Stephen and Fioretto, Ferdinando},
  booktitle={The Thirty-eighth Annual Conference on Neural Information Processing Systems},
  year={2024}
}
@inproceedings{romer2024safe,
  title={\href{https://openreview.net/pdf?id=o575pIMeEz}{Safe Offline Reinforcement Learning using Trajectory-Level Diffusion Models}},
  author={R{\"o}mer, Ralf and Brunke, Lukas and Schuck, Martin and Schoellig, Angela P},
  booktitle={ICRA Workshop Back to the Future: Robot Learning Going Probabilistic},
  year = {2024}
}
@article{RyneBeeson,
  title={\href{https://arxiv.org/pdf/2403.05571}{Efficient and guaranteed-safe non-convex trajectory optimization with constrained diffusion model}},
  author={Li, Anjian and Ding, Zihan and Dieng, Adji Bousso and Beeson, Ryne},
  journal={arXiv preprint arXiv:2403.05571},
  year={2024}
}
@article{pan2024model,
  title={\href{https://arxiv.org/pdf/2407.01573}{Model-based diffusion for trajectory optimization}},
  author={Pan, Chaoyi and Yi, Zeji and Shi, Guanya and Qu, Guannan},
  journal={arXiv preprint arXiv:2407.01573},
  year={2024}
}
@article{kurtz2024equality,
  title={\href{https://arxiv.org/pdf/2410.01939}{Equality constrained diffusion for direct trajectory optimization}},
  author={Kurtz, Vince and Burdick, Joel W},
  journal={arXiv preprint arXiv:2410.01939},
  year={2024}
}
@article{D-MPC,
  title={\href{https://arxiv.org/pdf/2410.05364}{Diffusion model predictive control}},
  author={Zhou, Guangyao and Swaminathan, Sivaramakrishnan and Raju, Rajkumar Vasudeva and Guntupalli, J Swaroop and Lehrach, Wolfgang and Ortiz, Joseph and Dedieu, Antoine and L{\'a}zaro-Gredilla, Miguel and Murphy, Kevin},
  journal={arXiv preprint arXiv:2410.05364},
  year={2024}
}
@article{romer2024diffusion,
  title={\href{https://arxiv.org/pdf/2412.09342}{Diffusion predictive control with constraints}},
  author={R{\"o}mer, Ralf and von Rohr, Alexander and Schoellig, Angela P},
  journal={arXiv preprint arXiv:2412.09342},
  year={2024}
}










@article{de2021diffusion,
  title={\href{https://arxiv.org/pdf/2106.01357}{Diffusion Schr{\"o}dinger bridge with applications to score-based generative modeling}},
  author={De Bortoli, Valentin and Thornton, James and Heng, Jeremy and Doucet, Arnaud},
  journal={Advances in Neural Information Processing Systems},
  volume={34},
  pages={17695--17709},
  year={2021}
}
@article{xie2024distillation,
  title={\href{https://arxiv.org/pdf/2405.16852}{EM Distillation for One-step Diffusion Models}},
  author={Xie, Sirui and Xiao, Zhisheng and Kingma, Diederik P and Hou, Tingbo and Wu, Ying Nian and Murphy, Kevin Patrick and Salimans, Tim and Poole, Ben and Gao, Ruiqi},
  journal={arXiv preprint arXiv:2405.16852},
  year={2024}
}
@article{bastek2024physics,
  title={\href{https://arxiv.org/pdf/2403.14404}{Physics-Informed Diffusion Models}},
  author={Bastek, Jan-Hendrik and Sun, WaiChing and Kochmann, Dennis M},
  journal={arXiv preprint arXiv:2403.14404},
  year={2024}
}









@inproceedings{convexHull,
  title={\href{https://arxiv.org/pdf/2303.17674}{Exact characterization of the convex hulls of reachable sets}},
  author={Lew, Thomas and Bonalli, Riccardo and Pavone, Marco},
  booktitle={62nd IEEE Conference on Decision and Control},
  pages={52--59},
  year={2023},
  organization={IEEE}
}
@inproceedings{azhmyakov2007convexity,
  title={\href{https://doi.org/10.23919/ECC.2007.7068803}{On convexity of reachable sets for nonlinear control systems}},
  author={Azhmyakov, Vadim and Flockerzi, Dietrich and Raisch, J{\"o}rg},
  booktitle={European Control Conference},
  pages={3275--3280},
  year={2007},
  organization={IEEE}
}

@article{hewing2020learning,
  title={\href{https://doi.org/10.1146/annurev-control-090419-075625}{Learning-based model predictive control: Toward safe learning in control}},
  author={Hewing, Lukas and Wabersich, Kim P and Menner, Marcel and Zeilinger, Melanie N},
  journal={Annual Review of Control, Robotics, and Autonomous Systems},
  volume={3},
  pages={269--296},
  year={2020},
  publisher={Annual Reviews}
}



### Gym environment
@article{Gym,
  title = {\href{https://arxiv.org/pdf/1606.01540}{OpenAI Gym}},
  author = {Brockman, Greg and Cheung, Vicki and Pettersson, Ludwig and Schneider, Jonas and Schulman, John and Tang, Jie and Zaremba, Wojciech},
  journal = {arXiv preprint arXiv:1606.01540},
  year = {2016}
}
@inproceedings{mujoco,
  title={\href{https://ieeexplore.ieee.org/document/6386109}{MuJoCo: A physics engine for model-based control}},
  author={Todorov, Emanuel and Erez, Tom and Tassa, Yuval},
  booktitle={2012 IEEE/RSJ International Conference on Intelligent Robots and Systems},
  pages={5026--5033},
  year={2012},
  organization={IEEE}
}
@misc{d4rl,
    title={\href{https://arxiv.org/pdf/2004.07219}{D4RL: Datasets for deep data-driven reinforcement learning}},
    author={Justin Fu and Aviral Kumar and Ofir Nachum and George Tucker and Sergey Levine},
    year={2020},
    eprint={2004.07219},
    archivePrefix={arXiv},
    primaryClass={cs.LG}
}
@article{PPO,
  title = {\href{https://arxiv.org/pdf/1707.06347.pdf}{Proximal policy optimization algorithms}},
  author = {Schulman, John and Wolski, Filip and Dhariwal, Prafulla and Radford, Alec and Klimov, Oleg},
  journal = {arXiv preprint arXiv:1707.06347},
  year = {2017}
}
@inproceedings{brax,
  title={\href{https://arxiv.org/pdf/2106.13281}{Brax-A differentiable physics engine for large scale rigid body simulation}},
  author={Freeman, C Daniel and Frey, Erik and Raichuk, Anton and Girgin, Sertan and Mordatch, Igor and Bachem, Olivier},
  booktitle={35th Conference on Neural Information Processing Systems, Datasets and Benchmarks Track},
  year = {2021},
}
@inproceedings{cvxpylayers2019,
  author={Agrawal, A. and Amos, B. and Barratt, S. and Boyd, S. and Diamond, S. and Kolter, Z.},
  title={\href{https://web.stanford.edu/~boyd/papers/pdf/diff_cvxpy.pdf}{Differentiable convex optimization layers}},
  booktitle={Advances in Neural Information Processing Systems},
  year={2019},
}
@misc{mujoco_playground,
  title = {\href{https://playground.mujoco.org/assets/playground_technical_report.pdf}{MuJoCo Playground: An open-source framework for GPU-accelerated robot learning and sim-to-real transfer}},
  author = {Zakka, Kevin and Tabanpour, Baruch and Liao, Qiayuan and Haiderbhai, Mustafa and Holt, Samuel and Luo, Jing Yuan and Allshire, Arthur and Frey, Erik and Sreenath, Koushil and Kahrs, Lueder A. and Sferrazza, Carlo and Tassa, Yuval and Abbeel, Pieter},
  year = {2025},
  publisher = {GitHub},
  url = {https://github.com/google-deepmind/mujoco_playground}
}
@software{mujoco_menagerie,
  author = {Zakka, Kevin and Tassa, Yuval and {MuJoCo Menagerie Contributors}},
  title = {{MuJoCo Menagerie: A collection of high-quality simulation models for MuJoCo}},
  url = {http://github.com/google-deepmind/mujoco_menagerie},
  year = {2022},
}
@inproceedings{SAC,
  title={\href{https://proceedings.mlr.press/v80/haarnoja18b/haarnoja18b.pdf}{Soft actor-critic: Off-policy maximum entropy deep reinforcement learning with a stochastic actor}},
  author={Haarnoja, Tuomas and Zhou, Aurick and Abbeel, Pieter and Levine, Sergey},
  booktitle={International Conference on Machine Learning},
  pages={1861--1870},
  year={2018},
  organization={PMLR}
}
@article{Casadi,
  author = {Joel A E Andersson and Joris Gillis and Greg Horn and James B Rawlings and Moritz Diehl},
  title = {\href{https://web.casadi.org/}{CasADi -- A software framework for nonlinear optimization and optimal control}},
  journal = {Mathematical Programming Computation},
  volume = {11},
  number = {1},
  pages = {1--36},
  year = {2019},
  publisher = {Springer},
  doi = {10.1007/s12532-018-0139-4}
}

@article{ros2,
    author = {Steven Macenski  and Tully Foote  and Brian Gerkey  and Chris Lalancette  and William Woodall },
    title = {\href{https://www.science.org/doi/abs/10.1126/scirobotics.abm6074}{Robot Operating System 2: Design, architecture, and uses in the wild}},
    journal = {Science Robotics},
    volume = {7},
    number = {66},
    pages = {eabm6074},
    year = {2022},
    doi = {10.1126/scirobotics.abm6074}
}

@inproceedings{leggedcontrol,
  title={\href{https://arxiv.org/abs/2212.14199}{Walking in narrow spaces: Safety-critical locomotion control for quadrupedal robots with duality-based optimization}},
  author={Liao, Qiayuan and Li, Zhongyu and Thirugnanam, Akshay and Zeng, Jun and Sreenath, Koushil},
  booktitle={2023 IEEE/RSJ International Conference on Intelligent Robots and Systems (IROS)},
  pages={2723--2730},
  year={2023},
  organization={IEEE}
}

### Books
@book{underactuated,
  title = {\href{https://underactuated.csail.mit.edu}{Underactuated Robotics: Algorithms for Walking, Running, Swimming, Flying, and Manipulation}},
  publisher = "Course Notes for MIT 6.832",
  author = "Tedrake, Russ",
  year = 2023
}
