% =====================================================================
% Bibtex database for the arXiv paper
% =====================================================================

@InProceedings{aagaard,
author="Aagaard, Mark D.
and Cook, Byron
and Day, Nancy A.
and Jones, Robert B.",
editor="Margaria, Tiziana and Melham, Tom",
title="A Framework for Microprocessor Correctness Statements",
booktitle="Correct Hardware Design and Verification Methods",
year="2001",
publisher="Springer Berlin Heidelberg",
address="Berlin, Heidelberg",
pages="433--448"}

@inproceedings{lean,
author="Moura, Leonardo de and Ullrich, Sebastian",
editor="Platzer, Andr{\'e}
and Sutcliffe, Geoff",
title="The Lean 4 Theorem Prover and Programming Language",
booktitle="Automated Deduction -- CADE 28",
year="2021",
publisher="Springer International Publishing",
address="Cham",
pages="625--635"
}



@book{Gordon:1993:ITH,
      EDITOR    = {M. J. C. Gordon and T. F. Melham},
      TITLE     = {Introduction to {HOL}: A theorem proving environment for
                   higher order logic},
      PUBLISHER = {Cambridge University Press},
      YEAR      = {1993},
      ISBN      = {0-521-44189-7},
      URL       = {http://www.cs.ox.ac.uk/tom.melham/pub/Gordon-1993-ITH.html}}



@online{CTSRDCHERIFluteRISCV,
  TITLE = {{{CTSRD}}-{{CHERI}}/{{Flute}}: {{RISC}}-{{V CPU}}, Simple 5-Stage in-Order Pipeline, for Low-End Applications Needing {{MMUs}} and Some Performance},
  URL = {https://github.com/CTSRD-CHERI/Flute}
}

@online{FluteAnnouncement,
  TITLE     = {Bluespec Announces Flute},
  URL       = {https://bluespec.com/2018/12/13/bluespec-announces-flute/},
  URLDATE   = {2 May 2021}}

@online{issue12,
  TITLE = {Memory bounds checking},
  URL   = {https://github.com/microsoft/cheriot-ibex/issues/12},
  URLDATE = {16 October 2024}}

@inproceedings{vericheri2024,
  AUTHOR = {Duque Ant{\'o}n, Anna Lena and M{\"u}ller, Johannes and Schmitz, Philipp and Jauch, Tobias and Wezel, Alex and Deutschmann, Lucas and Fadiheh, Mohammad Rahmani and Stoffel, Dominik and Kunz, Wolfgang},
  TITLE = {{VeriCHERI}: Exhaustive Formal Security Verification of {CHERI} at the {RTL}},
  JOURNAL = {arXiv Computing Research Repository},
  volume = {arXiv:2407.18679v1 [cs.CR]},
  year = {2024},
  month = {July}}

@inproceedings{Vazou2013,
  author = {Vazou, Niki and Rondon, Patrick M. and Jhala, Ranjit},
  title = {Abstract Refinement Types},
  booktitle = {Proceedings of the 22nd European Conference on Programming Languages and Systems},
  series = {ESOP'13},
  editor = {Felleisen, Matthias and Gardner, Philippa},
  year = {2013},
  isbn = {978-3-642-37035-9},
  location = {Rome, Italy},
  pages = {209--228},
  numpages = {20},
  url = {http://dx.doi.org/10.1007/978-3-642-37036-6_13},
  doi = {10.1007/978-3-642-37036-6_13},
  acmid = {2450286},
  publisher = {Springer-Verlag},
  address = {Berlin, Heidelberg}}

@inproceedings{Rondon2008,
  author = {Rondon, Patrick M. and Kawaguci, Ming and Jhala, Ranjit},
  title = {Liquid Types},
  booktitle = {Proceedings of the 29th ACM SIGPLAN Conference on Programming Language Design and Implementation},
  series = {PLDI'08},
  year = {2008},
  isbn = {978-1-59593-860-2},
  location = {Tucson, AZ, USA},
  pages = {159--169},
  numpages = {11},
  url = {http://doi.acm.org/10.1145/1375581.1375602},
  doi = {10.1145/1375581.1375602},
  acmid = {1375602},
  publisher = {ACM},
  address = {New York, NY, USA},
  keywords = {dependent types, hindley-milner, predicate abstraction, type inference}}

@inproceedings{cherimips,
  AUTHOR  = {Jonathan Woodruff and Robert N. M.  Watson and David Chisnall and Simon W. Moore and Jonathan Anderson
  and Brooks Davis and Ben Laurie and Peter G. Neumann and Robert Norton and Michael Roe},
  booktitle={2014 ACM/IEEE 41st International Symposium on Computer Architecture (ISCA)}, 
  title={The {CHERI} capability model: Revisiting {RISC} in an age of risk}, 
  year={2014},
  pages={457-468}}

@inproceedings{Reid-2016-EEV,
  AUTHOR    = {Alastair Reid and Rick Chen and Anastasios Deligiannis and David Gilday and David Hoyes and
               Will Keen and Ashan Pathirane and Owen Shepherd and Peter Vrabel and Ali Zaidi},
  TITLE     = {End-to-End Verification of Processors with {ISA}-{Formal}},
  BOOKTITLE = {Computer Aided Verification - 28th International Conference, {CAV}
               2016, Toronto, ON, Canada, July 17-23, 2016, Proceedings, Part {II}},
  SERIES    = {Lecture Notes in Computer Science},
  VOLUME    = {9780},
  PAGES     = {42--58},
  PUBLISHER = {Springer},
  YEAR      = {2016}}

@online{SCorCH,
  TITLE   = {{SCorCH}: Secure Code for Capability Hardware},
  URL     = {https://scorch-project.github.io},
  URLDATE = {4 February 2024}}

@InProceedings{Sail,
  author =       {Alasdair Armstrong and Thomas Bauereiss and Brian Campbell and Alastair Reid and Kathryn E. Gray and Robert M. Norton and Prashanth Mundkur and Mark Wassell and Jon French and Christopher Pulte and Shaked Flur and Ian Stark and Neel Krishnaswami and Peter Sewell},
  title =        {{ISA} Semantics for {ARMv8-A, RISC-V, and CHERI-MIPS}},
  OPTconf = {POPL 2019},
  booktitle = {Proceedings of the 46th ACM SIGPLAN Symposium on Principles of Programming Languages},
  year =         {2019},
  month =        {January},
  OPTnote =         {Proc. ACM Program. Lang. 3, POPL, Article 71},
  note = {\url{https://github.com/rems-project/sail}},
  doi={10.1145/3290384},
}

@InProceedings{sail-ifetch,
  author =       {Ben Simner and Shaked Flur and Christopher Pulte and Alasdair Armstrong and Jean Pichon-Pharabod and Luc Maranget and Peter Sewell},
  title =        {{ARMv8-A} system semantics: instruction fetch in relaxed architectures},
  conf =         {ESOP 2020},
  booktitle =    {ESOP 2020: Proceedings of the 29th European Symposium on Programming},
  year =         {2020},
  doi =          {10.1007/978-3-030-44914-8_23}
}

@online{sail-risc-v,
  TITLE = {Sail RISC-V Model},
  URL   = {https://github.com/riscv/sail-riscv},
  URLDATE = {28 April 2024}}

@online{sail-risc-v-smepmp,
  TITLE = {Added support of Smepmp in Sail RISCV -- Sail RISC-V Model},
  URL   = {https://github.com/riscv/sail-riscv/pull/196},
  URLDATE = {12 October 2024}}

@online{cheri-risc-v,
  TITLE = {Sail CHERI RISC-V Model},
  URL   = {https://github.com/CTSRD-CHERI/sail-cheri-riscv},
  URLDATE = {1 April 2024}}

@online{cheriot-sail,
  TITLE = {Sail CHERIoT Model},
  URL   = {https://github.com/CHERIoT-Platform/cheriot-sail},
  URLDATE = {1 March 2024}}

@online{cheriot-ibex,
  AUTHOR = {Microsoft},
  TITLE = {CHERIoT-Ibex},
  URL   = {https://github.com/microsoft/cheriot-ibex},
  URLDATE = {1 March 2024}}

@online{ibex,
    AUTHOR = {LowRISC},
    TITLE = {Ibex},
    URL = {https://github.com/lowRISC/ibex},
    URLDATE = {5 May 2024}}

@online{ibex-verification,
  TITLE = {Vanilla Ibex Verification},
  URL   = {https://github.com/lowRISC/ibex/pull/2245},
  URLDATE = {13 Jan 2025}}

@online{cheriot-ibex-verification,
  TITLE = {CHERIoT-Ibex Verification},
  URL   = {https://github.com/microsoft/cheriot-ibex/tree/main/dv/formal},
  URLDATE = {13 Jan 2025}}

@online{Sonata,
  AUTHOR = {lowRISC},
  TITLE = {Unveiling {Sonata}},
  URL   = {https://lowrisc.org/news/2024/01/sonata-board-update/},
  URLDATE = {1 March 2024}}

@techreport{amar2023cheriot,
  AUTHOR      = {Saar Amar and Tony Chen and David Chisnall and Felix Domke and Nathaniel Filardo and
                 Kunyan Liu and Robert Norton-Wright and Yucong Tao and Robert N.~M.~Watson and Hongyan Xia},
  TITLE       = {CHERIoT: Rethinking security for low-cost embedded systems},
  INSTITUTION = {Microsoft},
  TYPE        = {Technical Report},
  NUMBER      = {MSR-TR-2023-6},
  YEAR        = {2023},
  MONTH       = {February}}
%  URL         = {https://www.microsoft.com/en-us/research/publication/cheriot-rethinking-security-for-low-cost-embedded-systems/}}

@online{CHERIoT-Ibex-issues,
  TITLE = {microsoft/cheriot-ibex Issues},
  URL   = {https://github.com/microsoft/cheriot-ibex/issues}}

@inproceedings{MemHist,
  AUTHOR    = {Victor van der Veen and Nitish dutt-Sharma and Lorenzo Cavallaro and Herbert Bos},
  EDITOR    = {Davide Balzarotti and Salvatore J. Stolfo and Marco Cova},
  TITLE     = {Memory Errors: The Past, the Present, and the Future},
  BOOKTITLE = {Research in Attacks, Intrusions, and Defenses: 15th International Symposium,
               {RAID} 2012: Proceedings},
  YEAR      = {2012},
  SERIES    = {Lecture Notes in Computer Science},
  VOLUME    = {7462},
  PUBLISHER = {Springer-Verlag},
  PAGES     = {86--106}}

@online{MS2019,
  TITLE   = {Trends, challenges, and strategic shifts in the software vulnerability mitigation landscape},
  AUTHOR  = {Matt Miller},
  YEAR    = {2019},
  MONTH   = {February},
  URL     = {https://github.com/Microsoft/MSRC-Security-Research/blob/master/presentations/2019_02_BlueHatIL/2019_01\%20-\%20BlueHatIL\%20-\%20Trends\%2C\%20challenge\%2C\%20and\%20shifts\%20in\%20software\%20vulnerability\%20mitigation.pdf}, 
  URLDATE = {2024-02-20},
}

@online{CweSans,
  AUTHOR  = {SANS},
  TITLE   = {{CWE} {TOP} 25 Most Dangerous Software Errors},
  YEAR    = {2024},
  URL     = {https://www.sans.org/top25-software-errors/},
  URLDATE = {2023-03-22}}


@article{CHERIConcentrate,
  AUTHOR   = {Jonathan Woodruff and Alexandre Joannou and Hongyan Xia and Anthony Fox and Robert M. Norton and
              David Chisnall and Brooks Davis and Khilan Gudka and Nathaniel W. Filardo and A. Theodore Markettos
	      and Michael Roe and Peter G. Neumann and Robert N. M.  Watson and Simon W. Moore},
  JOURNAL  = {{IEEE} Transactions on Computers}, 
  TITLE    = {{CHERI} Concentrate: Practical Compressed Capabilities}, 
  YEAR     = {2019},
  VOLUME   = {68},
  NUMBER   = {10},
  PUBLISHER = {IEEE},
  PAGES    = {1455--1469}}


@inproceedings{Gao:2021:EFV,
  AUTHOR    = {Dapeng Gao and Tom Melham},
  TITLE     = {End-to-End Formal Verification of a {RISC-V} Processor Extended with Capability Pointers},
  BOOKTITLE = {Proceedings of the 21st Conference on Formal Methods in Computer-Aided Design –- {FMCAD} 2021},
  EDITOR    = {Ruzica Piskac and Michael W.~Whalen},
  YEAR      = {2021},
  MONTH     = {October},
  DOI       = {10.34727/2021/isbn.978-3-85448-046-4_10},
  VOLUME    = {2},
  PAGES     = {24--33},
  PUBLISHER = {TUI Wien Academic Press}}

% Format to be changed if needed
@techreport{introduction-to-cheri,
  author    = {Watson, Robert N. M. and  Moore, Simon W. and
          	  Sewell, Peter and Neumann, Peter},
  title     = {An Introduction to {CHERI}},
  year      = 2019,
  month     = sep,
  pdf       = {https://www.cl.cam.ac.uk/techreports/UCAM-CL-TR-941.pdf},
  institution = {University of Cambridge, Computer Laboratory},
  number    = {UCAM-CL-TR-941},
  abstract  = {},
  project   = {https://www.cl.cam.ac.uk/research/security/ctsrd/cheri/},
  topic     = {cheri},
  cheriformal = {true},
  elver     = {true},
  recent    = {true}}

@techreport{cheriisav9,
  author  = {Watson, Robert N. M. and Neumann, Peter G. and
             Woodruff, Jonathan and Roe, Michael and
             Almatary, Hesham and Anderson, Jonathan and
             Baldwin, John and Barnes, Graeme and
             Chisnall, David and Clarke, Jessica and
             Davis, Brooks and Eisen, Lee and
             Filardo, Nathaniel Wesley and Fuchs, Franz A. and
             Grisenthwaite, Richard and Joannou, Alexandre and
             Laurie, Ben and Markettos, A. Theodore and
             Moore, Simon W. and Murdoch, Steven J. and
             Nienhuis, Kyndylan and Norton, Robert and
             Richardson, Alexander andRugg, Peter and
             Sewell, Peter and Son, Stacey and Xia, Hongyan},
  title   = {{Capability Hardware Enhanced RISC Instructions: CHERI
            Instruction-Set Architecture (Version 9)}},
  year    = {2023},
  month   = {September},
  url     = {https://www.cl.cam.ac.uk/techreports/UCAM-CL-TR-987.pdf},
  institution={University of Cambridge, Computer Laboratory},
  TYPE = {Technical Report},
  number  = {UCAM-CL-TR-987}}

@online{Morello,
  AUTHOR={{Arm Ltd.}},
  TITLE = {Arm Architecture Reference Manual Supplement {Morello} for {A}-profile Architecture},
  URL = {https://developer.arm.com/documentation/ddi0606/latest}}

@online{ArmMorello,
  AUTHOR={{Arm Ltd.}},
  TITLE={Arm {Morello} Program},
  URL={https://www.arm.com/architecture/cpu/morello}}

@online{Picollo,
  AUTHOR={CTSRD-CHERI},
  TITLE={Picollo},
  URL={https://github.com/CTSRD-CHERI/Piccolo}}

@online{Flute,
  AUTHOR={CTSRD-CHERI},
  TITLE={Flute},
  URL={https://github.com/CTSRD-CHERI/Flute}}

@online{Toooba,
  AUTHOR={CTSRD-CHERI},
  TITLE={Tooba},
  URL={https://github.com/CTSRD-CHERI/Toooba}}

@INPROCEEDINGS{Tao,
  author={Yunfeng Tao},
  booktitle={2009 IEEE 8th International Conference on ASIC}, 
  title={An introduction to assertion-based verification}, 
  year={2009},
  pages={1318--1323}}

@InProceedings{10.1007/3-540-58179-0_44,
author="Jerry R. Burch and David L. Dill",
editor="David L. Dill",
title="Automatic verification of pipelined microprocessor control",
booktitle="Computer Aided Verification",
year="1994",
publisher="Springer",
pages="68--80"}


@article{Seger:2005:IEE,
      AUTHOR    = {Carl-Johan H. Seger and Robert B. Jones and John W. O'Leary
                   and Tom Melham and Mark D. Aagaard and Clark Barrett and 
                   Don Syme},
      TITLE     = {An Industrially Effective Environment for Formal Hardware
                   Verification},
      JOURNAL   = {IEEE Transactions on Computer-Aided Design of Integrated
                   Circuits and Systems},
      VOLUME    = {24},
      NUMBER    = {9},
      MONTH     = {September},
      YEAR      = {2005},
      PAGES     = {1381--1405},
      ISSN      = {0278-0070},
      DOI       = {10.1109/TCAD.2005.850814},
      URL       = {http://www.cs.ox.ac.uk/tom.melham/pub/Seger-2005-IEE.pdf}} 


@online{RVFI,
  AUTHOR={{Symbiotic EDA}},
  TITLE={RISC-V Formal Verification Framework},
  URL={https://github.com/SymbioticEDA/riscv-formal}}

@online{jasper,
   TITLE     = {Jasper Formal Verification Platform},
   URL       = {https://www.cadence.com/ko_KR/home/tools/system-design-and-verification/formal-and-static-verification/jasper-gold-verification-platform.html},
   URLDATE   = {30 April 2024}}

@manual{pmp,
  TITLE = {Physical Memory Protection -- The RISC-V Instruction Set Manual: Volume II},
  organization = "RISC-V Foundation",
  year="2024",
  month="4",
  url = {https://riscv.org/technical/specifications/},
  note = {Version 20240411, section 3.7}}

@manual{smepmp,
  TITLE = {Smepmp Extension -- The RISC-V Instruction Set Manual: Volume II},
  organization = "RISC-V Foundation",
  year="2024",
  month="4",
  url = {https://riscv.org/technical/specifications/},
  note = {Version 20240411, chapter 6}}

@manual{ebreak-english,
  TITLE = {Machine Trap Value Register -- The RISC-V Instruction Set Manual: Volume II},
  organization = "RISC-V Foundation",
  year="2024",
  month="4",
  url = {https://riscv.org/technical/specifications/},
  note = {Version 20240411, section 3.1.16}}

@online{ebreak-sail,
  TITLE = {Sail RISC-V model EBreak definition},
  url = {https://github.com/riscv/sail-riscv/blob/46aef022e04d7b87ec1a867612cbd2f90c51ad69/model/riscv_insts_base.sail#L692},
  URLDATE = {12 October 2024}}

@online{cheriot-sail-properties,
  TITLE = {Properties Proved for CHERIoT-Sail},
  url = {https://github.com/CHERIoT-Platform/cheriot-sail/blob/43dead94f190f87b1bb18a7fe46add98ec97803c/properties/props.sail},
  URLDATE = {12 October 2024}}

@online{ibex-mem-docs,
  TITLE = {Verification -- Ibex Documentation},
  url = {https://ibex-core.readthedocs.io/en/latest/03_reference/verification.html},
  URLDATE = {14 January 2025}}

@online{ibex-mem-docs,
  TITLE = {Load-Store Uni -- Ibex Documentation},
  url = {https://ibex-core.readthedocs.io/en/latest/03_reference/load_store_unit.html},
  URLDATE = {12 October 2024}}

@article{dag-inlining,
author = {Lal, Akash and Qadeer, Shaz},
title = {DAG inlining: a decision procedure for reachability-modulo-theories in hierarchical programs},
year = {2015},
issue_date = {June 2015},
publisher = {Association for Computing Machinery},
address = {New York, NY, USA},
volume = {50},
number = {6},
issn = {0362-1340},
url = {https://doi.org/10.1145/2813885.2737987},
doi = {10.1145/2813885.2737987},
journal = {SIGPLAN Not.},
month = jun,
pages = {280–290},
numpages = {11},
}