@article{autoencoderapplication,
  title={VASC: dimension reduction and visualization of single-cell RNA-seq data by deep variational autoencoder},
  author={Wang, Dongfang and Gu, Jin},
  journal={Genomics, Proteomics and Bioinformatics},
  volume={16},
  number={5},
  pages={320--331},
  year={2018},
  publisher={Oxford University Press}
}

@article{autoimpute1,
  title={Imputation of single-cell gene expression with an autoencoder neural network},
  author={Badsha, Md Bahadur and Li, Rui and Liu, Boxiang and Li, Yang I and Xian, Min and Banovich, Nicholas E and Qiuyan Fu, Audrey},
  journal={Quantitative Biology},
  volume={8},
  number={1},
  pages={78--94},
  year={2020},
  publisher={Wiley Online Library}
}

@article{d1,
  title={Improved distributed principal component analysis},
  author={Liang, Yingyu and Balcan, Maria-Florina F and Kanchanapally, Vandana and Woodruff, David},
  journal={Advances in neural information processing systems},
  volume={27},
  year={2014}
}

@inproceedings{d2,
	title={Distributed PCA and k-means clustering},
	author={Liang, Yingyu and Balcan, Maria-Florina and Kanchanapally, Vandana},
	booktitle={The Big Learning Workshop at NIPS},
	volume={2013},
	year={2013},
	organization={Citeseer}
}

@article{d3,
  title={Distributed clustering using collective principal component analysis},
  author={Kargupta, Hillol and Huang, Weiyun and Sivakumar, Krishnamoorthy and Johnson, Erik},
  journal={Knowledge and Information Systems},
  volume={3},
  pages={422--448},
  year={2001},
  publisher={Springer}
}

@article{datap1,
  title={Rdpvr: Random data partitioning with voting rule for machine learning from class-imbalanced datasets},
  author={Hassanat, Ahmad B and Tarawneh, Ahmad S and Abed, Samer Subhi and Altarawneh, Ghada Awad and Alrashidi, Malek and Alghamdi, Mansoor},
  journal={Electronics},
  volume={11},
  number={2},
  pages={228},
  year={2022},
  publisher={MDPI}
}

@article{pcaapplication,
  title={pcaExplorer: an R/Bioconductor package for interacting with RNA-seq principal components},
  author={Marini, Federico and Binder, Harald},
  journal={BMC bioinformatics},
  volume={20},
  pages={1--8},
  year={2019},
  publisher={Springer}
}

@article{tsneapplication,
  title={Fast interpolation-based t-SNE for improved visualization of single-cell RNA-seq data},
  author={Linderman, George C and Rachh, Manas and Hoskins, Jeremy G and Steinerberger, Stefan and Kluger, Yuval},
  journal={Nature methods},
  volume={16},
  number={3},
  pages={243--245},
  year={2019},
  publisher={Nature Publishing Group US New York}
}

@article{umapapplication,
  title={Dimensionality reduction for visualizing single-cell data using UMAP},
  author={Becht, Etienne and McInnes, Leland and Healy, John and Dutertre, Charles-Antoine and Kwok, Immanuel WH and Ng, Lai Guan and Ginhoux, Florent and Newell, Evan W},
  journal={Nature biotechnology},
  volume={37},
  number={1},
  pages={38--44},
  year={2019},
  publisher={Nature Publishing Group US New York}
}

