@inproceedings{50ways,
  title={50 ways to leak your data: An exploration of apps' circumvention of the android permissions system},
  author={Reardon, Joel and Feal, {\'A}lvaro and Wijesekera, Primal and On, Amit Elazari Bar and Vallina-Rodriguez, Narseo and Egelman, Serge},
  booktitle={28th USENIX security symposium (USENIX security 19)},
  pages={603--620},
  year={2019}
}

@INPROCEEDINGS{SPCOM,
  author={Kohli, Rishika and Gupta, Shaifu and Singh Gaur, Manoj},
  booktitle={2024 International Conference on Signal Processing and Communications (SPCOM)}, 
  title={A deep dive into relevant feature identification for
unveiling {PII} leakage in smartphones}, 
  year={2024}}

@inproceedings{androidleaks,
  title={Androidleaks: Automatically detecting potential privacy leaks in android applications on a large scale},
  author={Gibler, Clint and Crussell, Jonathan and Erickson, Jeremy and Chen, Hao},
  booktitle={Trust and Trustworthy Computing: 5th International Conference, TRUST 2012, Vienna, Austria, June 13-15, 2012. Proceedings 5},
  pages={291--307},
  year={2012},
  organization={Springer}
}

@article{antmo,
  author       = {Anastasia Shuba and
                  Anh Le and
                  Emmanouil Alimpertis and
                  Minas Gjoka and
                  Athina Markopoulou},
  title        = {AntMonitor: System and Applications},
  journal      = {CoRR},
  volume       = {abs/1611.04268},
  year         = {2016}}

@INPROCEEDINGS{ants,
  author={Kohli, Rishika and Chatterjee, Shreyas and Gupta, Shaifu and Singh Gaur, Manoj},
  booktitle={2023 IEEE International Conference on Advanced Networks and Telecommunications Systems (ANTS)}, 
  title={Tracking {PII} ex-filtration: Exploring decision tree and neural network with explainable {AI}}, 
  year={2023},
  pages={183-188},
  doi={10.1109/ANTS59832.2023.10469568}}

@article{antsh,
  author       = {Anastasia Shuba and
                  Evita Bakopoulou and
                  Milad Asgari Mehrabadi and
                  Hieu Le and
                  David R. Choffnes and
                  Athina Markopoulou},
  title        = {AntShield: On-{D}evice Detection of Personal Information Exposure},
  journal      = {CoRR},
  volume       = {abs/1803.01261},
  year         = {2018}}
  %url          = {http://arxiv.org/abs/1803.01261}
}

@ARTICLE{fedpacket,
  author={Bakopoulou, Evita and Tillman, BÃ¡lint and Markopoulou, Athina},
  journal={IEEE Transactions on Mobile Computing}, 
  title={FedPacket: A Federated Learning Approach to Mobile Packet Classification}, 
  year={2022},
  volume={21},
  number={10},
  pages={3609-3628},
  keywords={Servers;Task analysis;Computational modeling;Training data;Mobile handsets;Feature extraction;Data models;Federated learning;machine learning;mobile devices;packet classification;privacy},
  doi={10.1109/TMC.2021.3058627}}

@inproceedings{leakminer,
  title={Leakminer: Detect information leakage on android with static taint analysis},
  author={Yang, Zhemin and Yang, Min},
  booktitle={2012 Third World Congress on Software Engineering},
  pages={101--104},
  year={2012},
  organization={IEEE}
}

@article{lightweight,
title = {Detecting personally identifiable information transmission in android applications using light-weight static analysis},
journal = {Computers \& Security},
volume = {99},
pages = {102011},
year = {2020},
issn = {0167-4048},
doi = {https://doi.org/10.1016/j.cose.2020.102011},
author = {Nattanon Wongwiwatchai and Phannawhat Pongkham and Kunwadee Sripanidkulchai},
keywords = {Data analytics, Machine learning, Privacy, Personally identifiable information (PII), Mobile applications}}
%url = {https://www.sciencedirect.com/science/article/pii/S0167404820302844},,
}

@inproceedings{liu,
  title={Efficient privilege de-escalation for ad libraries in mobile apps},
  author={Liu, Bin and Liu, Bin and Jin, Hongxia and Govindan, Ramesh},
  booktitle={Proceedings of the 13th annual international conference on mobile systems, applications, and services},
  pages={89--103},
  year={2015}
}

@article{mobipurpose,
author = {Jin, Haojian and Liu, Minyi and Dodhia, Kevan and Li, Yuanchun and Srivastava, Gaurav Kumar and Fredrikson, Matthew and Agarwal, Yuvraj and I. Hong, Jason},
year = {2018},
month = {12},
pages = {1-27},
title = {Why Are They Collecting My Data?: Inferring the Purposes of Network Traffic in Mobile Apps},
volume = {2},
journal = {Proceedings of the ACM on Interactive, Mobile, Wearable and Ubiquitous Technologies},
doi = {10.1145/3287051}
}

@misc{monkey,
  author       = {{Android Developers}},
  title        = {UI/Application Exerciser Monkey},
  howpublished = {\url{https://developer.android.com/studio/test/other-testing-tools/monkey}}
}

@inproceedings{recon,
  author    = {Jingjing Ren and
               Ashwin Rao and
               Martina Lindorfer and
               Augustin Chaintreau Legout and
               David Choffnes},
  title     = {{ReCon: Revealing and controlling PII leaks in mobile network traffic}},
  booktitle = {Proc. 14th Annu. Int. Conf. Mobile Syst. Appl. Serv.},
  year      = {2016},
  pages     = {361--374}
}

@article{taintdroid,
  title={Taintdroid: an information-flow tracking system for realtime privacy monitoring on smartphones},
  author={Enck, William and Gilbert, Peter and Han, Seungyeop and Tendulkar, Vasant and Chun, Byung-Gon and Cox, Landon P and Jung, Jaeyeon and McDaniel, Patrick and Sheth, Anmol N},
  journal={ACM Transactions on Computer Systems (TOCS)},
  volume={32},
  number={2},
  pages={1--29},
  year={2014},
  publisher={ACM New York, NY, USA}
}

