@article{fttrans,
  title={Revisiting deep learning models for tabular data},
  author={Gorishniy, Yury and Rubachev, Ivan and Khrulkov, Valentin and Babenko, Artem},
  journal={Advances in Neural Information Processing Systems},
  volume={34},
  pages={18932--18943},
  year={2021}
}

@inproceedings{recon,
  author    = {Jingjing Ren and
               Ashwin Rao and
               Martina Lindorfer and
               Augustin Chaintreau Legout and
               David Choffnes},
  title     = {{ReCon: Revealing and controlling PII leaks in mobile network traffic}},
  booktitle = {Proc. 14th Annu. Int. Conf. Mobile Syst. Appl. Serv.},
  year      = {2016},
  pages     = {361--374}
}
@article{antsh,
  author       = {Anastasia Shuba and
                  Evita Bakopoulou and
                  Milad Asgari Mehrabadi and
                  Hieu Le and
                  David R. Choffnes and
                  Athina Markopoulou},
  title        = {AntShield: On-{D}evice Detection of Personal Information Exposure},
  journal      = {CoRR},
  volume       = {abs/1803.01261},
  year         = {2018}}
  %url          = {http://arxiv.org/abs/1803.01261}
}

@misc{dpdp, url={https://www.meity.gov.in/content/digital-personal-data-protection-act-2023}, journal={Digital Personal Data Protection Act 2023 | Ministry of Electronics and Information Technology, Government of India},year={2023},author={meity}}

@article{antmo,
  author       = {Anastasia Shuba and
                  Anh Le and
                  Emmanouil Alimpertis and
                  Minas Gjoka and
                  Athina Markopoulou},
  title        = {AntMonitor: System and Applications},
  journal      = {CoRR},
  volume       = {abs/1611.04268},
  year         = {2016}}

@inproceedings{medd,
  title={Using the Middle to Meddle with Mobile},
  author={Ashwin Rao and Arash Molavi Kakhki and Abbas Razaghpanah and Amy Tang and Shen Wang and Justine Sherry and Phillipa Gill and Arvind Krishnamurthy and Arnaud Legout and Alan Mislove and David R. Choffnes},
  year={2013}
}

@article{sslspl,
  title={SSLsplit-transparent SSL/TLS interception},
  author={Roethlisberger, Daniel},
  journal={R{\"o}’s Wiki,[Online]. Available: https://www. roe. ch/SSLsplit (visited on 2021-04-25)},
  year={2018}
}

@article{vae,
  title={An introduction to variational autoencoders},
  author={Kingma, Diederik P and Welling, Max and others},
  journal={Foundations and Trends{\textregistered} in Machine Learning},
  volume={12},
  number={4},
  pages={307--392},
  year={2019},
  publisher={Now Publishers, Inc.}
}
@INPROCEEDINGS{ants,
  author={Kohli, Rishika and Chatterjee, Shreyas and Gupta, Shaifu and Singh Gaur, Manoj},
  booktitle={2023 IEEE International Conference on Advanced Networks and Telecommunications Systems (ANTS)}, 
  title={Tracking {PII} ex-filtration: Exploring decision tree and neural network with explainable {AI}}, 
  year={2023},
  pages={183-188},
  doi={10.1109/ANTS59832.2023.10469568}}

@INPROCEEDINGS{SPCOM,
  author={Kohli, Rishika and Gupta, Shaifu and Singh Gaur, Manoj},
  booktitle={2024 International Conference on Signal Processing and Communications (SPCOM)}, 
  title={A deep dive into relevant feature identification for
unveiling {PII} leakage in smartphones}, 
  year={2024}}

@article{privacyproxy,
  author    = {Gaurav Srivastava and
               Saksham Chitkara and
               Kevin Ku and
               Swarup Kumar Sahoo and
               Matt Fredrikson and
               Jason I. Hong and
               Yuvraj Agarwal},
  title     = {PrivacyProxy: Leveraging Crowdsourcing and In Situ Traffic Analysis
               to Detect and Mitigate Information Leakage},
  journal   = {CoRR},
  volume    = {abs/1708.06384},
  year      = {2017} 
}

@article{mobipurpose,
author = {Jin, Haojian and Liu, Minyi and Dodhia, Kevan and Li, Yuanchun and Srivastava, Gaurav Kumar and Fredrikson, Matthew and Agarwal, Yuvraj and I. Hong, Jason},
year = {2018},
month = {12},
pages = {1-27},
title = {Why Are They Collecting My Data?: Inferring the Purposes of Network Traffic in Mobile Apps},
volume = {2},
journal = {Proceedings of the ACM on Interactive, Mobile, Wearable and Ubiquitous Technologies},
doi = {10.1145/3287051}
}

@ARTICLE{fedpacket,
  author={Bakopoulou, Evita and Tillman, Bálint and Markopoulou, Athina},
  journal={IEEE Transactions on Mobile Computing}, 
  title={FedPacket: A Federated Learning Approach to Mobile Packet Classification}, 
  year={2022},
  volume={21},
  number={10},
  pages={3609-3628},
  keywords={Servers;Task analysis;Computational modeling;Training data;Mobile handsets;Feature extraction;Data models;Federated learning;machine learning;mobile devices;packet classification;privacy},
  doi={10.1109/TMC.2021.3058627}}

@inproceedings{sbert,
  title = {Sentence-{BERT}: {S}entence {E}mbeddings using {S}iamese {BERT}-{N}etworks},
  author = {Reimers, Nils and Gurevych, Iryna},
  booktitle = {Proceedings of the 2019 Conference on Empirical Methods in Natural Language Processing},
  month = {11},
  year = {2019},
  publisher = {Association for Computational Linguistics}}
%,url = {https://arxiv.org/abs/1908.10084},
}

@inproceedings{bert, title	= {BERT: Pre-training of Deep Bidirectional Transformers for Language Understanding},author	= {Jacob Devlin and Ming-Wei Chang and Kenton Lee and Kristina N. Toutanova},year	= {2018}}%,URL	= {https://arxiv.org/abs/1810.04805}}

@misc{sbert-site,
  author       = {Sentence Transformers},
  title        = {Pretrained Models - Sentence Transformers},
  url          = {https://sbert.net/docs/sentence\_transformer/pretrained\_models.html},
  note         = {Accessed: 2024-06-09}}

@misc{uncased,
  author       = {Hugging Face},
  title        = {MiniLM-L12-H384-uncased},
  url          = {https://huggingface.co/microsoft/MiniLM-L12-H384-uncased},
  note         = {Accessed: 2024-06-09}
}
@article{3,
author = {Pan, Elleen and Ren, Jingjing and Lindorfer, Martina and Wilson, Christo and Choffnes, David},
year = {2018},
month = {10},
pages = {33-50},
title = {Panoptispy: Characterizing Audio and Video Exfiltration from Android Applications},
volume = {2018},
journal = {Proceedings on Privacy Enhancing Technologies},
doi = {10.1515/popets-2018-0030}
}
@inproceedings{4,
author = {Liu, Bin and Jin, Hongxia and Govindan, Ramesh},
year = {2015},
month = {05},
pages = {89-103},
title = {Efficient Privilege De-Escalation for Ad Libraries in Mobile Apps},
doi = {10.1145/2742647.2742668}
}
@inproceedings{5,
  title={TaintDroid: An Information-Flow Tracking System for Realtime Privacy Monitoring on Smartphones},
  author={William Enck and Peter Gilbert and Byung-Gon Chun and Landon P. Cox and Jaeyeon Jung and Patrick Mcdaniel and Anmol Sheth},
  booktitle={USENIX Symposium on Operating Systems Design and Implementation},
  year={2010}}
  %url={https://api.semanticscholar.org/CorpusID:433048}
}

@misc{hay,
      title={Haystack: A Multi-Purpose Mobile Vantage Point in User Space}, 
      author={Abbas Razaghpanah and Narseo Vallina-Rodriguez and Srikanth Sundaresan and Christian Kreibich and Phillipa Gill and Mark Allman and Vern Paxson},
      year={2016},
      eprint={1510.01419},
      archivePrefix={arXiv},
      primaryClass={cs.NI}
}

@misc{stringlookup,
  title = {tf.keras.layers.StringLookup},
  author = {{TensorFlow}},
  howpublished = {\url{https://www.tensorflow.org/api\_docs/python/tf/keras/layers/StringLookup}},
  note = {Accessed: 2024-05-08}
}

@misc{layernormalization,
      title={Layer Normalization}, 
      author={Jimmy Lei Ba and Jamie Ryan Kiros and Geoffrey E. Hinton},
      year={2016},
      eprint={1607.06450},
      archivePrefix={arXiv},
      primaryClass={stat.ML}}
      %url={https://arxiv.org/abs/1607.06450}, 
}

@misc{gelu,
      title={GAUSSIAN ERROR LINEAR UNITS (GELUS)}, 
      author={Dan Hendrycks and Kevin Gimpel},
      year={2018},
      eprint={1606.08415v3},
      archivePrefix={arXiv}}
%,url={https://arxiv.org/pdf/1606.08415v3}, }

@misc{multilabel,
    title = {sklearn.preprocessing.MultiLabelBinarizer},
    url = {https://scikit-learn.org/},
    note = {Accessed: 2024-05-09}
}

@inproceedings{kneedle,
  title={Finding a" kneedle" in a haystack: Detecting knee points in system behavior},
  author={Satopaa, Ville and Albrecht, Jeannie and Irwin, David and Raghavan, Barath},
  booktitle={2011 31st international conference on distributed computing systems workshops},
  pages={166--171},
  year={2011},
  organization={IEEE}
}

@article{flowdroid,
  title={Flowdroid: Precise context, flow, field, object-sensitive and lifecycle-aware taint analysis for android apps},
  author={Arzt, Steven and Rasthofer, Siegfried and Fritz, Christian and Bodden, Eric and Bartel, Alexandre and Klein, Jacques and Le Traon, Yves and Octeau, Damien and McDaniel, Patrick},
  journal={ACM sigplan notices},
  volume={49},
  number={6},
  pages={259--269},
  year={2014},
  publisher={ACM New York, NY, USA}
}

@inproceedings{androidleaks,
  title={Androidleaks: Automatically detecting potential privacy leaks in android applications on a large scale},
  author={Gibler, Clint and Crussell, Jonathan and Erickson, Jeremy and Chen, Hao},
  booktitle={Trust and Trustworthy Computing: 5th International Conference, TRUST 2012, Vienna, Austria, June 13-15, 2012. Proceedings 5},
  pages={291--307},
  year={2012},
  organization={Springer}
}

@inproceedings{leakminer,
  title={Leakminer: Detect information leakage on android with static taint analysis},
  author={Yang, Zhemin and Yang, Min},
  booktitle={2012 Third World Congress on Software Engineering},
  pages={101--104},
  year={2012},
  organization={IEEE}
}

@inproceedings{liu,
  title={Efficient privilege de-escalation for ad libraries in mobile apps},
  author={Liu, Bin and Liu, Bin and Jin, Hongxia and Govindan, Ramesh},
  booktitle={Proceedings of the 13th annual international conference on mobile systems, applications, and services},
  pages={89--103},
  year={2015}
}

@article{taintdroid,
  title={Taintdroid: an information-flow tracking system for realtime privacy monitoring on smartphones},
  author={Enck, William and Gilbert, Peter and Han, Seungyeop and Tendulkar, Vasant and Chun, Byung-Gon and Cox, Landon P and Jung, Jaeyeon and McDaniel, Patrick and Sheth, Anmol N},
  journal={ACM Transactions on Computer Systems (TOCS)},
  volume={32},
  number={2},
  pages={1--29},
  year={2014},
  publisher={ACM New York, NY, USA}
}

@inproceedings{50ways,
  title={50 ways to leak your data: An exploration of apps' circumvention of the android permissions system},
  author={Reardon, Joel and Feal, {\'A}lvaro and Wijesekera, Primal and On, Amit Elazari Bar and Vallina-Rodriguez, Narseo and Egelman, Serge},
  booktitle={28th USENIX security symposium (USENIX security 19)},
  pages={603--620},
  year={2019}
}

@misc{mediaextract,
  author = {Bastian Pätz},
  title = {Mediaextract},
  year = {2024},
  publisher = {GitHub},
  journal = {GitHub repository},
  howpublished = {\url{https://github.com/panzi/mediaextract}},
  note = {Accessed: 2024-07-25}
}
@article{panoptispy,
  title={Panoptispy: Characterizing audio and video exfiltration from android applications},
  author={Pan, Elleen and Ren, Jingjing and Lindorfer, Martina and Wilson, Christo and Choffnes, David},
  journal={Proceedings on Privacy Enhancing Technologies},
  year={2018}
}

@inproceedings{privacyguard,
  title={Privacyguard: A vpn-based platform to detect information leakage on android devices},
  author={Song, Yihang and Hengartner, Urs},
  booktitle={Proceedings of the 5th Annual ACM CCS Workshop on Security and Privacy in Smartphones and Mobile Devices},
  pages={15--26},
  year={2015}
}

@inproceedings{analysis,
  title={Analysis of location data leakage in the Internet traffic of Android-based mobile devices},
  author={Sivan, Nir and Bitton, Ron and Shabtai, Asaf},
  booktitle={22nd International Symposium on Research in Attacks, Intrusions and Defenses (RAID 2019)},
  pages={243--260},
  year={2019}
}

@article{lightweight,
title = {Detecting personally identifiable information transmission in android applications using light-weight static analysis},
journal = {Computers \& Security},
volume = {99},
pages = {102011},
year = {2020},
issn = {0167-4048},
doi = {https://doi.org/10.1016/j.cose.2020.102011},
author = {Nattanon Wongwiwatchai and Phannawhat Pongkham and Kunwadee Sripanidkulchai},
keywords = {Data analytics, Machine learning, Privacy, Personally identifiable information (PII), Mobile applications}}
%url = {https://www.sciencedirect.com/science/article/pii/S0167404820302844},,
}

@misc{mobsf,
  title = {Mobile Security Framework - MobSF},
  howpublished = {\url{https://mobsf.live/}},
  note = {Accessed: 2024-07-26}
}
@misc{monkey,
  author       = {{Android Developers}},
  title        = {UI/Application Exerciser Monkey},
  howpublished = {\url{https://developer.android.com/studio/test/other-testing-tools/monkey}}
}

@misc{statista2024,
  author = {Laura Ceci},
  title = {Number of available applications in the Google Play Store from December 2009 to March 2024},
  year = {2024},
  url = {https://www.statista.com/},
  note = {Accessed: 2024-07-28}
}
