@article{Banic2008some,
  title={Superquadratic functions and refinements of some classical inequalities},
  author={Banić, Senka and  Pečarić, Josip  and Varošanec, Sanja},
  journal={Journal of the Korean Mathematical Society},
  number={45},
  pages={513--525}, 
  year={2008},
  publisher={Springer}
}

@article{banic2008superquadratic,
  title={Superquadratic functions and refinements of some classical inequalities},
  author={Banic, Senka and Pecaric, Josip and Varosanec, Sanja},
  journal={Journal of the Korean Mathematical Society},
  volume={45},
  number={2},
  pages={513--525},
  year={2008},
  publisher={Korean Mathematical Society}
}

@article{Lovericevic2018some,
  title={Zipf–Mandelbrot law, f-divergences and the Jensen-type interpolating inequalities},
  author={Lovričević, Neda and Pečarić, Dilda and Pečarić, Josip},
  journal={Journal of Inequalities and Applications},
  number={36},
  year={2018},
  publisher={Springer}
}

@article{lovrivcevic2018zipf,
  title={Zipf--Mandelbrot law, f-divergences and the Jensen-type interpolating inequalities},
  author={Lovri{\v{c}}evi{\'c}, Neda and Pe{\v{c}}ari{\'c}, {\DH}ilda and Pe{\v{c}}ari{\'c}, Josip},
  journal={Journal of inequalities and applications},
  volume={2018},
  number={1},
  pages={36},
  year={2018},
  publisher={Springer}
}

@article{sandifer2006euler,
  title={How Euler did it},
  author={Sandifer, Edward},
  journal={Washington: Mathematics Association of America},
  year={2006},
  publisher={Citeseer}
}

@article{abramovich2022new,
  title={New inequalities related to superquadratic functions},
  author={Abramovich, Shoshana},
  journal={Aequationes mathematicae},
  volume={96},
  number={1},
  pages={201--219},
  year={2022},
  publisher={Springer}
}

@article{liao2019sharpening,
  title={Sharpening Jensen's inequality},
  author={Liao, JG and Berg, Arthur},
  journal={The American Statistician},
  volume={73},
  number={3},
  pages={278--281},
  year={2019},
  publisher={Taylor \& Francis}
}

@article{abramovich2014some,
  title={Some new scales of refined {Jensen} and {Hardy} type inequalities},
  author={Abramovich, Shoshana and Persson, Lars-Erik and Samko, Natasha},
  journal={Mathematical Inequalities \& Applications},
  volume={17},
  number={3},
  pages={1105--1114},
  year={2014}
}

@article{dragomir2014jensen,
  title={Jensen integral inequality for power series with nonnegative coefficients and applications},
  author={Dragomir, SS},
  journal={RGMIA Res. Rep. Collect},
  volume={17},
  number={42},
  pages={1},
  year={2014}
}

@article{bakula2016converse,
  title={On the converse {Jensen} inequality for strongly convex functions},
  author={Bakula, Milica Klari{\v{c}}i{\'c} and Nikodem, Kazimierz},
  journal={Journal of Mathematical Analysis and Applications},
  volume={434},
  number={1},
  pages={516--522},
  year={2016},
  publisher={Elsevier}
}

@article{horvath2014refinement,
  title={Refinement of {Jensen’s} inequality for operator convex functions},
  author={Horv{\'a}th, L and Khan, KA and Pecaric, J},
  journal={Adv. Inequal. Appl.},
  volume={2014},
  pages={Article--ID},
  year={2014}
}

@article{lee2021further,
  title={Further sharpening of {Jensen's} inequality},
  author={Lee, Sang Kyu and Chang, Jae Ho and Kim, Hyoung-Moon},
  journal={Statistics},
  volume={55},
  number={5},
  pages={1154--1168},
  year={2021},
  publisher={Taylor \& Francis}
}

@article{agahi2021jensen,
  title={On Jensen's gap by Taylor's theorem},
  author={Agahi, Hamzeh},
  journal={Mathematical Methods in the Applied Sciences},
  volume={44},
  number={14},
  pages={11565--11570},
  year={2021},
  publisher={Wiley Online Library}
}

@article{gao2017bounds,
  title={Bounds on the {Jensen} gap, and implications for mean-concentrated distributions},
  author={Gao, Xiang and Sitharam, Meera and Roitberg, Adrian E},
  journal={arXiv preprint arXiv:1712.05267},
  year={2017}
}

@article{lecun1998gradient,
  title={Gradient-based learning applied to document recognition},
  author={LeCun, Yann and Bottou, L{\'e}on and Bengio, Yoshua and Haffner, Patrick},
  journal={Proceedings of the IEEE},
  volume={86},
  number={11},
  pages={2278--2324},
  year={1998},
  publisher={Ieee}
}

@article{mouri2013log,
  title={Log-normal distribution from a process that is not multiplicative but is additive},
  author={Mouri, Hideaki},
  journal={Physical Review E},
  volume={88},
  number={4},
  pages={042124},
  year={2013},
  publisher={APS}
}

@inproceedings{toussaint2006probabilistic,
  title={Probabilistic inference for solving discrete and continuous state {Markov} Decision Processes},
  author={Toussaint, Marc and Storkey, Amos},
  booktitle={Proceedings of the 23rd International Conference on Machine Learning},
  pages={945--952},
  year={2006}
}

@inproceedings{todorov2008general,
  title={General duality between optimal control and estimation},
  author={Todorov, Emanuel},
  booktitle={2008 47th IEEE Conference on Decision and Control},
  pages={4286--4292},
  year={2008},
  organization={IEEE}
}

@techreport{mazmanyan2008lognormal,
  title={The lognormal central limit theorem for positive random variables},
  author={Mazmanyan, Lilit and Ohanyan, Victor and Trietsch, Dan},
  year={2008},
  institution={Working paper. Reproduced within the Research Notes for Appendix A in \url{http://mba.tuck.dartmouth.edu/pss/}}
}

@inproceedings{liu2015deep,
  title={Deep learning face attributes in the wild},
  author={Liu, Ziwei and Luo, Ping and Wang, Xiaogang and Tang, Xiaoou},
  booktitle={Proceedings of the IEEE International Conference on Computer Vision},
  pages={3730--3738},
  year={2015}
}


@article{netzer2011reading,
title={{SVHN:} Reading Digits in Natural Images with Unsupervised Feature Learning},
 author={Netzer, Yuval and Wang, Tao and Coates, Adam and Bissacco, Alessandro and Wu, Bo and Ng, Andrew Y},
 journal={NIPS Workshop on Deep Learning and Unsupervised Feature Learning},
year={2011}
}

@article{burda2015importance,
  title={Importance weighted autoencoders},
  author={Burda, Yuri and Grosse, Roger and Salakhutdinov, Ruslan},
  journal={arXiv preprint arXiv:1509.00519},
  year={2015}
}

@inproceedings{NIPS2016_7750ca35,
 author = {Li, Yingzhen and Turner, Richard E},
 booktitle = {Advances in Neural Information Processing Systems},
  title = {R\'{e}nyi Divergence Variational Inference},
 volume = {29},
 year = {2016}
}

@article{kingma2013auto,
  title={Auto-encoding variational {Bayes}},
  author={Kingma, Diederik P and Welling, Max},
  journal={arXiv preprint arXiv:1312.6114},
  year={2013}
}



@article{kingma2014adam,
  title={Adam: A method for stochastic optimization},
  author={Kingma, Diederik P and Ba, Jimmy},
  journal={arXiv preprint arXiv:1412.6980},
  year={2014}
}

@inproceedings{rezende2015variational,
  title={Variational inference with normalizing flows},
  author={Rezende, Danilo and Mohamed, Shakir},
  booktitle={International Conference on Machine Learning},
  pages={1530--1538},
  year={2015},
  organization={PMLR}
}

@inproceedings{nowozin2018debiasing,
  title={Debiasing evidence approximations: On importance-weighted autoencoders and jackknife variational inference},
  author={Nowozin, Sebastian},
  booktitle={International Conference on Learning Representations},
  year={2018}
}

@article{cremer2017reinterpreting,
  title={Reinterpreting importance-weighted autoencoders},
  author={Cremer, Chris and Morris, Quaid and Duvenaud, David},
  journal={arXiv preprint arXiv:1704.02916},
  year={2017}
}

@article{JMLR:v21:19-560,
  author  = {Szymon Knop and Przemysław Spurek and Jacek Tabor and Igor Podolak and Marcin Mazur and Stanisław Jastrzebski},
  title   = {{Cramer-Wold} Auto-Encoder},
  journal = {Journal of Machine Learning Research},
  year    = {2020},
  volume  = {21},
  number  = {164},
  pages   = {1--28},
}

@inproceedings{huang2019hierarchical,
  title={Hierarchical importance weighted autoencoders},
  author={Huang, Chin-Wei and Sankaran, Kris and Dhekane, Eeshan and Lacoste, Alexandre and Courville, Aaron},
  booktitle={International Conference on Machine Learning},
  pages={2869--2878},
  year={2019},
  organization={PMLR}
}

@article{jebara2001reversing,
  title={On reversing {Jensen's} inequality},
  author={Jebara, Tony and Pentland, Alex},
  journal={Advances in Neural Information Processing Systems},
  pages={231--237},
  year={2001},
  publisher={MIT; 1998}
}

@article{dragomir2013some,
  title={Some reverses of the {Jensen} inequality with applications},
  author={Dragomir, Sever Silvestru},
  journal={Bulletin of the Australian Mathematical Society},
  volume={87},
  number={2},
  pages={177--194},
  year={2013},
  publisher={Cambridge University Press}
}

@article{abramovich2016some,
  title={Some new estimates of the `{Jensen} gap'},
  author={Abramovich, Shoshana and Persson, Lars-Erik},
  journal={Journal of Inequalities and Applications},
  volume={2016},
  number={1},
  pages={1--9},
  year={2016},
  publisher={SpringerOpen}
}

@article{maddison2017filtering,
  title={Filtering variational objectives},
  author={Maddison, Chris J and Lawson, Dieterich and Tucker, George and Heess, Nicolas and Norouzi, Mohammad and Mnih, Andriy and Doucet, Arnaud and Teh, Yee Whye},
  journal={arXiv preprint arXiv:1705.09279},
  year={2017}
}

@article{klys2018joint,
  title={Joint importance sampling for variational inference},
  author={Klys, Jack and Bettencourt, Jesse and Duvenaud, David},
  year={2018}
}

@article{khan2020new,
  title={A new bound for the {Jensen} gap with applications in information theory},
  author={Khan, Muhammad Adil and Khan, Shahid and Chu, Yuming},
  journal={IEEE Access},
  volume={8},
  pages={98001--98008},
  year={2020},
  publisher={IEEE}
}

@article{horvath2021extensions,
  title={Extensions of recent combinatorial refinements of discrete and integral {Jensen} inequalities},
  author={Horv{\'a}th, L{\'a}szl{\'o}},
  journal={Aequationes Mathematicae},
  pages={1--21},
  year={2021},
  publisher={Springer}
}
@article{brnetic2015refinement,
  title={Refinement of {Jensen’s} inequality with applications to cyclic mixed symmetric means and Cauchy means},
  author={Brnetic, Ilko and Khan, Khuram Ali and Pecaric, Josip},
  journal={J. Math. Inequal},
  volume={9},
  number={4},
  pages={1309--1321},
  year={2015}
}

@article{saeed2022refinements,
  title={Refinements of {Jensen’s} inequality and applications},
  author={Saeed, Tareq and Khan, Muhammad Adil and Ullah, Hidayat},
  journal={AIMS Mathematics},
  volume={7},
  number={4},
  pages={5328--5346},
  year={2022}
}

@article{rubenstein2019practical,
  title={Practical and consistent estimation of f-divergences},
  author={Rubenstein, Paul and Bousquet, Olivier and Djolonga, Josip and Riquelme, Carlos and Tolstikhin, Ilya O},
  journal={Advances in Neural Information Processing Systems},
  volume={32},
  pages={4070--4080},
  year={2019}
}

@article{dieng2016variational,
  title={Variational Inference via $chi$-Upper Bound Minimization},
  author={Dieng, Adji B and Tran, Dustin and Ranganath, Rajesh and Paisley, John and Blei, David M},
  journal={arXiv preprint arXiv:1611.00328},
  year={2016}
}

@inproceedings{williams2017information,
  title={Information theoretic MPC for model-based reinforcement learning},
  author={Williams, Grady and Wagener, Nolan and Goldfain, Brian and Drews, Paul and Rehg, James M and Boots, Byron and Theodorou, Evangelos A},
  booktitle={2017 IEEE International Conference on Robotics and Automation (ICRA)},
  pages={1714--1721},
  year={2017},
  organization={IEEE}
}


@article{dayan1997using,
  title={Using expectation-maximization for reinforcement learning},
  author={Dayan, Peter and Hinton, Geoffrey E},
  journal={Neural Computation},
  volume={9},
  number={2},
  pages={271--278},
  year={1997},
  publisher={MIT Press One Rogers Street, Cambridge, MA 02142-1209, USA journals-info~…}
}

@article{ruel1999jensen,
  title={{Jensen’s} inequality predicts effects of environmental variation},
  author={Ruel, Jonathan J and Ayres, Matthew P},
  journal={Trends in Ecology \& Evolution},
  volume={14},
  number={9},
  pages={361--366},
  year={1999},
  publisher={Elsevier}
}

@inproceedings{ioffe2015batch,
  title={Batch normalization: Accelerating deep network training by reducing internal covariate shift},
  author={Ioffe, Sergey and Szegedy, Christian},
  booktitle={International Conference on Machine Learning},
  pages={448--456},
  year={2015},
  organization={PMLR}
}


@article{heusel2017gans,
  title={Gans trained by a two time-scale update rule converge to a local nash equilibrium},
  author={Heusel, Martin and Ramsauer, Hubert and Unterthiner, Thomas and Nessler, Bernhard and Hochreiter, Sepp},
  journal={Advances in Neural Information Processing Systems},
  volume={30},
  year={2017}
}

@article{nielsen2010family,
  title={A family of statistical symmetric divergences based on {Jensen's} inequality},
  author={Nielsen, Frank},
  journal={arXiv preprint arXiv:1009.4004},
  year={2010}
}



@article{botvinick2012planning,
  title={Planning as inference},
  author={Botvinick, Matthew and Toussaint, Marc},
  journal={Trends in Cognitive Sciences},
  volume={16},
  number={10},
  pages={485--488},
  year={2012},
  publisher={Elsevier}
}

@article{levine2018reinforcement,
  title={Reinforcement learning and control as probabilistic inference: Tutorial and review},
  author={Levine, Sergey},
  journal={arXiv preprint arXiv:1805.00909},
  year={2018}
}

@article{bayer2021mind,
  title={Mind the Gap when Conditioning Amortised Inference in Sequential Latent-Variable Models},
  author={Bayer, Justin and Soelch, Maximilian and Mirchev, Atanas and Kayalibay, Baris and van der Smagt, Patrick},
  journal={arXiv preprint arXiv:2101.07046},
  year={2021}
}

@inproceedings{duo2021improving,
  title={Improving Actor-Critic Reinforcement Learning via {Hamiltonian Monte Carlo} Method},
  author={Duo, XU},
  booktitle={Deep RL Workshop NeurIPS 2021},
  year={2021}
}

@article{ji2019stochastic,
  title={Stochastic variational inference via upper bound},
  author={Ji, Chunlin and Shen, Haige},
  journal={arXiv preprint arXiv:1912.00650},
  year={2019}
}


@inproceedings{rainforth2018tighter,
  title={Tighter variational bounds are not necessarily better},
  author={Rainforth, Tom and Kosiorek, Adam and Le, Tuan Anh and Maddison, Chris and Igl, Maximilian and Wood, Frank and Teh, Yee Whye},
  booktitle={International Conference on Machine Learning},
  pages={4277--4285},
  year={2018},
  organization={PMLR}
}

@article{mattei2018leveraging,
  title={Leveraging the exact likelihood of deep latent variable models},
  author={Mattei, Pierre-Alexandre and Frellsen, Jes},
  journal={Advances in Neural Information Processing Systems},
  volume={31},
  year={2018}
}

@article{grosse2015sandwiching,
  title={Sandwiching the marginal likelihood using bidirectional {Monte Carlo}},
  author={Grosse, Roger B and Ghahramani, Zoubin and Adams, Ryan P},
  journal={arXiv preprint arXiv:1511.02543},
  year={2015}
}

@book{bickel2015mathematical,
  title={Mathematical statistics: basic ideas and selected topics, volumes I-II package},
  author={Bickel, Peter J and Doksum, Kjell A},
  year={2015},
  publisher={Chapman and Hall/CRC}
}

@article{dieng2017variational,
  title={Variational Inference via $\chi$ Upper Bound Minimization},
  author={Dieng, Adji Bousso and Tran, Dustin and Ranganath, Rajesh and Paisley, John and Blei, David},
  journal={Advances in Neural Information Processing Systems},
  volume={30},
  year={2017}
}

@article{masrani2019thermodynamic,
  title={The thermodynamic variational objective},
  author={Masrani, Vaden and Le, Tuan Anh and Wood, Frank},
  journal={Advances in Neural Information Processing Systems},
  volume={32},
  year={2019}
}

@article{walker2014lower,
  title={On a lower bound for the {Jensen} inequality},
  author={Walker, Stephen G},
  journal={SIAM Journal on Mathematical Analysis},
  volume={46},
  number={5},
  pages={3151--3157},
  year={2014},
  publisher={SIAM}
}


@article{jensen1906fonctions,
  title={Sur les fonctions convexes et les in{\'e}galit{\'e}s entre les valeurs moyennes},
  author={Jensen, Johan Ludwig William Valdemar},
  journal={Acta mathematica},
  volume={30},
  number={1},
  pages={175--193},
  year={1906},
  publisher={Springer}
}
@InProceedings{pmlr-v32-rezende14,
  title = 	 {Stochastic Backpropagation and Approximate Inference in Deep Generative Models},
  author = 	 {Rezende, Danilo Jimenez and Mohamed, Shakir and Wierstra, Daan},
  booktitle = 	 {Proceedings of the 31st International Conference on Machine Learning},
  pages = 	 {1278--1286},
  year = 	 {2014},
  volume = 	 {32},
  series = 	 {Proceedings of Machine Learning Research},
}


@article{dragomir2015inequality,
  title={Inequality for power series with nonnegative coefficients and applications},
  author={Dragomir, Silvestru Sever},
  journal={Open Mathematics},
  volume={13},
  number={1},
  year={2015},
  publisher={De Gruyter Open Access}
}

@article{abramovich2010improvement,
  title={Improvement of {Jensen--Steffensen's} inequality for superquadratic functions},
  author={Abramovich, Shoshana and Ivelic, Slavica and Pecaric, Josip E},
  journal={Banach journal of mathematical analysis},
  volume={4},
  number={1},
  pages={159--169},
  year={2010},
  publisher={Tusi Mathematical Research Group}
}

@article{abramovich2004refining,
  title={Refining {Jensen's} inequality},
  author={Abramovich, Shoshana and Jameson, Graham and Sinnamon, Gord},
  journal={Bulletin math{\'e}matique de la Soci{\'e}t{\'e} des Sciences Math{\'e}matiques de Roumanie},
  pages={3--14},
  year={2004},
  publisher={JSTOR}
}

@article{dragomir2001some,
  title={Some inequalities for (m,{M})-convex mappings and applications for the Csisz{\'a}r $\Phi$-divergence in information theory},
  author={Dragomir, Sever S},
  journal={Mathematical Journal of Ibaraki University},
  volume={33},
  pages={35--50},
  year={2001},
  publisher={Department of Mathematics, Faculty of Science, Ibaraki University}
}


@article{liao2018sharpening,
  title={Sharpening Jensen's inequality},
  author={Liao, JG and Berg, Arthur},
  journal={The American Statistician},
  year={2018},
  publisher={Taylor \& Francis}
}

@article{pecaric1985companion,
  title={A companion to {Jensen-Steffensen’s} inequality},
  author={Pecaric, JE},
  journal={J. Approx. Theory},
  volume={44},
  number={3},
  pages={289--291},
  year={1985}
}




@InProceedings{pmlr-v206-struski23a,
  title = 	 {Bounding Evidence and Estimating Log-Likelihood in {VAE}},
  author =       {Struski, {\L}ukasz and Mazur, Marcin and Batorski, Pawe{\l} and Spurek, Przemys{\l}aw and Tabor, Jacek},
  booktitle = 	 {Proceedings of The 26th International Conference on Artificial Intelligence and Statistics},
  pages = 	 {5036--5051},
  year = 	 {2023},
  editor = 	 {Ruiz, Francisco and Dy, Jennifer and van de Meent, Jan-Willem},
  volume = 	 {206},
  series = 	 {Proceedings of Machine Learning Research},
  publisher =    {PMLR}
}

@article{blei2017variational,
  title={Variational inference: A review for statisticians},
  author={Blei, David M and Kucukelbir, Alp and McAuliffe, Jon D},
  journal={Journal of the American statistical Association},
  volume={112},
  number={518},
  pages={859--877},
  year={2017},
  publisher={Taylor \& Francis}
}

@article{gnanadesikan1968probability,
  title={Probability plotting methods for the analysis of data},
  author={Gnanadesikan, Ramanathan and Wilk, Martin B},
  journal={Biometrika},
  volume={55},
  number={1},
  pages={1--17},
  year={1968}
}

@article{field2009shapiro,
  title={Discovering statistics using SPSS},
  author={Field Andy},
  journal={SAGE Publications},
  volume={},
  number={},
  pages={143},
  year={2009}
}
