@article{abramovich2004refining,
  title={Refining {Jensen's} inequality},
  author={Abramovich, Shoshana and Jameson, Graham and Sinnamon, Gord},
  journal={Bulletin math{\'e}matique de la Soci{\'e}t{\'e} des Sciences Math{\'e}matiques de Roumanie},
  pages={3--14},
  year={2004},
  publisher={JSTOR}
}

@article{bakula2016converse,
  title={On the converse {Jensen} inequality for strongly convex functions},
  author={Bakula, Milica Klari{\v{c}}i{\'c} and Nikodem, Kazimierz},
  journal={Journal of Mathematical Analysis and Applications},
  volume={434},
  number={1},
  pages={516--522},
  year={2016},
  publisher={Elsevier}
}

@article{banic2008superquadratic,
  title={Superquadratic functions and refinements of some classical inequalities},
  author={Banic, Senka and Pecaric, Josip and Varosanec, Sanja},
  journal={Journal of the Korean Mathematical Society},
  volume={45},
  number={2},
  pages={513--525},
  year={2008},
  publisher={Korean Mathematical Society}
}

@article{burda2015importance,
  title={Importance weighted autoencoders},
  author={Burda, Yuri and Grosse, Roger and Salakhutdinov, Ruslan},
  journal={arXiv preprint arXiv:1509.00519},
  year={2015}
}

@article{dieng2017variational,
  title={Variational Inference via $\chi$ Upper Bound Minimization},
  author={Dieng, Adji Bousso and Tran, Dustin and Ranganath, Rajesh and Paisley, John and Blei, David},
  journal={Advances in Neural Information Processing Systems},
  volume={30},
  year={2017}
}

@article{dragomir2001some,
  title={Some inequalities for (m,{M})-convex mappings and applications for the Csisz{\'a}r $\Phi$-divergence in information theory},
  author={Dragomir, Sever S},
  journal={Mathematical Journal of Ibaraki University},
  volume={33},
  pages={35--50},
  year={2001},
  publisher={Department of Mathematics, Faculty of Science, Ibaraki University}
}

@article{dragomir2015inequality,
  title={Inequality for power series with nonnegative coefficients and applications},
  author={Dragomir, Silvestru Sever},
  journal={Open Mathematics},
  volume={13},
  number={1},
  year={2015},
  publisher={De Gruyter Open Access}
}

@article{gao2017bounds,
  title={Bounds on the {Jensen} gap, and implications for mean-concentrated distributions},
  author={Gao, Xiang and Sitharam, Meera and Roitberg, Adrian E},
  journal={arXiv preprint arXiv:1712.05267},
  year={2017}
}

@article{horvath2014refinement,
  title={Refinement of {Jensen’s} inequality for operator convex functions},
  author={Horv{\'a}th, L and Khan, KA and Pecaric, J},
  journal={Adv. Inequal. Appl.},
  volume={2014},
  pages={Article--ID},
  year={2014}
}

@article{ji2019stochastic,
  title={Stochastic variational inference via upper bound},
  author={Ji, Chunlin and Shen, Haige},
  journal={arXiv preprint arXiv:1912.00650},
  year={2019}
}

@article{kingma2013auto,
  title={Auto-encoding variational {Bayes}},
  author={Kingma, Diederik P and Welling, Max},
  journal={arXiv preprint arXiv:1312.6114},
  year={2013}
}

@article{lee2021further,
  title={Further sharpening of {Jensen's} inequality},
  author={Lee, Sang Kyu and Chang, Jae Ho and Kim, Hyoung-Moon},
  journal={Statistics},
  volume={55},
  number={5},
  pages={1154--1168},
  year={2021},
  publisher={Taylor \& Francis}
}

@article{liao2019sharpening,
  title={Sharpening Jensen's inequality},
  author={Liao, JG and Berg, Arthur},
  journal={The American Statistician},
  volume={73},
  number={3},
  pages={278--281},
  year={2019},
  publisher={Taylor \& Francis}
}

@article{lovrivcevic2018zipf,
  title={Zipf--Mandelbrot law, f-divergences and the Jensen-type interpolating inequalities},
  author={Lovri{\v{c}}evi{\'c}, Neda and Pe{\v{c}}ari{\'c}, {\DH}ilda and Pe{\v{c}}ari{\'c}, Josip},
  journal={Journal of inequalities and applications},
  volume={2018},
  number={1},
  pages={36},
  year={2018},
  publisher={Springer}
}

@article{masrani2019thermodynamic,
  title={The thermodynamic variational objective},
  author={Masrani, Vaden and Le, Tuan Anh and Wood, Frank},
  journal={Advances in Neural Information Processing Systems},
  volume={32},
  year={2019}
}

@article{pecaric1985companion,
  title={A companion to {Jensen-Steffensen’s} inequality},
  author={Pecaric, JE},
  journal={J. Approx. Theory},
  volume={44},
  number={3},
  pages={289--291},
  year={1985}
}

@InProceedings{pmlr-v206-struski23a,
  title = 	 {Bounding Evidence and Estimating Log-Likelihood in {VAE}},
  author =       {Struski, {\L}ukasz and Mazur, Marcin and Batorski, Pawe{\l} and Spurek, Przemys{\l}aw and Tabor, Jacek},
  booktitle = 	 {Proceedings of The 26th International Conference on Artificial Intelligence and Statistics},
  pages = 	 {5036--5051},
  year = 	 {2023},
  editor = 	 {Ruiz, Francisco and Dy, Jennifer and van de Meent, Jan-Willem},
  volume = 	 {206},
  series = 	 {Proceedings of Machine Learning Research},
  publisher =    {PMLR}
}

@inproceedings{rezende2015variational,
  title={Variational inference with normalizing flows},
  author={Rezende, Danilo and Mohamed, Shakir},
  booktitle={International Conference on Machine Learning},
  pages={1530--1538},
  year={2015},
  organization={PMLR}
}

@article{walker2014lower,
  title={On a lower bound for the {Jensen} inequality},
  author={Walker, Stephen G},
  journal={SIAM Journal on Mathematical Analysis},
  volume={46},
  number={5},
  pages={3151--3157},
  year={2014},
  publisher={SIAM}
}

