@article{chen2022fidora,
	title={Fidora: Robust WiFi-based indoor localization via unsupervised domain adaptation},
	author={Chen, Xi and Li, Hang and Zhou, Chenyi and Liu, Xue and Wu, Di and Dudek, Gregory},
	journal={IEEE Internet of Things Journal},
	volume={9},
	number={12},
	pages={9872--9888},
	year={2022},
	publisher={IEEE}
}

@article{gao2023metaloc,
	title={MetaLoc: Learning to learn wireless localization},
	author={Gao, Jun and Wu, Dongze and Yin, Feng and Kong, Qinglei and Xu, Lexi and Cui, Shuguang},
	journal={IEEE Journal on Selected Areas in Communications},
	year={2023},
	publisher={IEEE}
}

@article{ji2022generating,
	title={Generating indoor Wi-Fi fingerprint map based on crowdsourcing},
	author={Ji, Yufeng and Zhao, Xian and Wei, Yao and Wang, Changda},
	journal={Wireless Networks},
	volume={28},
	number={3},
	pages={1053--1065},
	year={2022},
	publisher={Springer}
}

@article{kerdjidj2024exploiting,
	title={Exploiting 2D Representations for Enhanced Indoor Localization: A Transfer Learning Approach},
	author={Kerdjidj, O and Himeur, Y and Atalla, S and Copiaco, A and Amira, A and Fadli, F and Sohail, S S and Mansoor, W and Gawanmeh, A and Miniaoui, S},
	journal={IEEE Sensors Journal},
	year={2024},
	publisher={IEEE}
}

@article{khatab2021fingerprint,
	title={A fingerprint technique for indoor localization using autoencoder based semi-supervised deep extreme learning machine},
	author={Khatab, Zahra Ezzati and Gazestani, Amirhosein Hajihoseini and Ghorashi, Seyed Ali and Ghavami, Mohammad},
	journal={Signal Processing},
	volume={181},
	pages={107915},
	year={2021},
	publisher={Elsevier}
}

@article{kim2021unsupervised,
	title={Unsupervised view-selective deep learning for practical indoor localization using CSI},
	author={Kim, Minseuk and Han, Dongsoo and Rhee, June-Koo Kevin},
	journal={IEEE Sensors Journal},
	volume={21},
	number={21},
	pages={24398--24408},
	year={2021},
	publisher={IEEE}
}

@article{njima2022dnn,
	title={DNN-based indoor localization under limited dataset using GANs and semi-supervised learning},
	author={Njima, Wafa and Bazzi, Ahmad and Chafii, Marwa},
	journal={IEEE access},
	volume={10},
	pages={69896--69909},
	year={2022},
	publisher={IEEE}
}

@article{prasad2023domain,
	title={Domain Adaptation for Localization Using Combined Autoencoder and Gradient Reversal Layer in Dynamic IoT Environment},
	author={Prasad, Gaurav and Pandey, Ankur and Kumar, Sudhir},
	journal={IEEE Transactions on Network Science and Engineering},
	year={2023},
	publisher={IEEE}
}

@article{santos2021crowdsourcing,
	title={Crowdsourcing-based fingerprinting for indoor location in multi-storey buildings},
	author={Santos, Ricardo and Leonardo, Ricardo and Barandas, Mar{\'\i}lia and Moreira, Dinis and Rocha, Tiago and Alves, Pedro and Oliveira, Jo{\~a}o P and Gamboa, Hugo},
	journal={Ieee Access},
	volume={9},
	pages={31143--31160},
	year={2021},
	publisher={IEEE}
}

@article{wang2022adversarial,
	title={Adversarial deep learning for indoor localization with channel state information tensors},
	author={Wang, Xiangyu and Wang, Xuyu and Mao, Shiwen and Zhang, Jian and Periaswamy, Senthilkumar CG and Patton, Justin},
	journal={IEEE internet of things journal},
	volume={9},
	number={19},
	pages={18182--18194},
	year={2022},
	publisher={IEEE}
}

@article{wei2021efficient,
	title={Efficient Wi-Fi fingerprint crowdsourcing for indoor localization},
	author={Wei, Yongyong and Zheng, Rong},
	journal={IEEE Sensors Journal},
	volume={22},
	number={6},
	pages={5055--5062},
	year={2021},
	publisher={IEEE}
}

@article{xiang2022crowdsourcing,
	title={Crowdsourcing-based indoor localization with knowledge-aided fingerprint transfer},
	author={Xiang, Chenlu and Zhang, Shunqing and Xu, Shugong and Mao, Guoqiang},
	journal={IEEE Sensors Journal},
	volume={22},
	number={5},
	pages={4281--4293},
	year={2022},
	publisher={IEEE}
}

@article{yan2020elm,
	title={An ELM-based semi-supervised indoor localization technique with clustering analysis and feature extraction},
	author={Yan, Jun and Cao, Yiming and Kang, Bin and Wu, Xiaohuan and Chen, Liang},
	journal={IEEE Sensors Journal},
	volume={21},
	number={3},
	pages={3635--3644},
	year={2020},
	publisher={IEEE}
}

@article{ye2022se,
	title={SE-Loc: security-enhanced indoor localization with semi-supervised deep learning},
	author={Ye, Qianwen and Fan, Xiaochen and Bie, Hongxia and Puthal, Deepak and Wu, Tao and Song, Xudong and Fang, Gengfa},
	journal={IEEE Transactions on Network Science and Engineering},
	volume={10},
	number={5},
	pages={2964--2977},
	year={2022},
	publisher={IEEE}
}

@article{yu2023intelligent,
	title={Intelligent fusion structure for Wi-Fi/BLE/QR/MEMS sensor-based indoor localization},
	author={Yu, Yue and Zhang, Yi and Chen, Liang and Chen, Ruizhi},
	journal={Remote Sensing},
	volume={15},
	number={5},
	pages={1202},
	year={2023},
	publisher={MDPI}
}

