@article{khatab2021fingerprint,
	title={A fingerprint technique for indoor localization using autoencoder based semi-supervised deep extreme learning machine},
	author={Khatab, Zahra Ezzati and Gazestani, Amirhosein Hajihoseini and Ghorashi, Seyed Ali and Ghavami, Mohammad},
	journal={Signal Processing},
	volume={181},
	pages={107915},
	year={2021},
	publisher={Elsevier},
}
@article{guo2018accurate,
	title={Accurate WiFi localization by unsupervised fusion of extended candidate location set},
	author={Guo, Xiansheng and Zhu, Shilin and Li, Lin and Hu, Fangzi and Ansari, Nirwan},
	journal={IEEE Internet of Things Journal},
	volume={6},
	number={2},
	pages={2476--2485},
	year={2018},
	publisher={IEEE}
}

@ARTICLE{9078108,
	author={Chen, Luan and Ahriz, Iness and Le Ruyet, Didier},
	journal={IEEE Internet of Things Journal}, 
	title={AoA-Aware Probabilistic Indoor Location Fingerprinting Using Channel State Information}, 
	year={2020},
	volume={7},
	number={11},
	pages={10868-10883},
	keywords={Entropy;Wireless fidelity;Estimation;Internet of Things;Receivers;Radio frequency;Probabilistic logic;Angle of Arrival (AoA);channel state information (CSI);entropy;Internet of Things (IoT);location fingerprinting (LF)},
	doi={10.1109/JIOT.2020.2990314}}

@ARTICLE{9451560,
	author={Tan, Jiajie and Wu, Hang and Chow, Ka-Ho and Chan, S.-H. Gary},
	journal={IEEE Transactions on Mobile Computing}, 
	title={Implicit Multimodal Crowdsourcing for Joint RF and Geomagnetic Fingerprinting}, 
	year={2023},
	volume={22},
	number={2},
	pages={935-950},
	keywords={Radio frequency;Databases;Crowdsourcing;Magnetic tunneling;Trajectory;Junctions;Manuals;Fingerprinting;site survey;implicit crowdsourcing;multimodal signals;RF;geomagnetic field;IMU},
	doi={10.1109/TMC.2021.3088268}}



@ARTICLE{8115100,
	author={Zhou, Mu and Tang, Yunxia and Tian, Zengshan and Xie, Liangbo and Nie, Wei},
	journal={IEEE Internet of Things Journal}, 
	title={Robust Neighborhood Graphing for Semi-Supervised Indoor Localization With Light-Loaded Location Fingerprinting}, 
	year={2018},
	volume={5},
	number={5},
	pages={3378-3387},
	keywords={Manifolds;Wireless LAN;Semisupervised learning;Crowdsourcing;Linear programming;Internet of Things;Indoor environments;Execution characteristic function (ECF);indoor localization;manifold alignment;radio map;semi-supervised learning},
	doi={10.1109/JIOT.2017.2775199}}


@Article{s20236994,
	AUTHOR = {Bai, Siqi and Luo, Yongjie and Wan, Qun},
	TITLE = {Transfer Learning for Wireless Fingerprinting Localization Based on Optimal Transport},
	JOURNAL = {Sensors},
	VOLUME = {20},
	YEAR = {2020},
	NUMBER = {23},
	ARTICLE-NUMBER = {6994},
	URL = {https://www.mdpi.com/1424-8220/20/23/6994},
	PubMedID = {33297417},
	ISSN = {1424-8220},
	DOI = {10.3390/s20236994}
}


@ARTICLE{8661625,
	author={Guo, Xiansheng and Wang, Lei and Li, Lin and Ansari, Nirwan},
	journal={IEEE Access}, 
	title={Transferred Knowledge Aided Positioning via Global and Local Structural Consistency Constraints}, 
	year={2019},
	volume={7},
	number={},
	pages={32102-32117},
	keywords={Wireless fidelity;Manifolds;Databases;Knowledge transfer;Indoor environment;Kernel;Smart phones;Indoor positioning;Wi-Fi fingerprint;transfer learning;global and local structural consistency},
	doi={10.1109/ACCESS.2019.2903273}}

@ARTICLE{9686643,
	author={Li, Lin and Guo, Xiansheng and Zhang, Yukun and Ansari, Nirwan and Li, Huiyong},
	journal={IEEE Transactions on Wireless Communications}, 
	title={Long Short-Term Indoor Positioning System via Evolving Knowledge Transfer}, 
	year={2022},
	volume={21},
	number={7},
	pages={5556-5572},
	keywords={Location awareness;Databases;Wireless communication;Knowledge transfer;Fingerprint recognition;Data models;Transfer learning;Indoor positioning;heterogeneous knowledge transfer;incremental weight learning;dynamic data},
	doi={10.1109/TWC.2022.3142064}}


@inproceedings{long2013transfer,
	title={Transfer feature learning with joint distribution adaptation},
	author={Long, Mingsheng and Wang, Jianmin and Ding, Guiguang and Sun, Jiaguang and Yu, Philip S},
	booktitle={Proceedings of the IEEE international conference on computer vision},
	pages={2200--2207},
	year={2013}
}

@ARTICLE{5640675,
	author={Pan, Sinno Jialin and Tsang, Ivor W. and Kwok, James T. and Yang, Qiang},
	journal={IEEE Transactions on Neural Networks}, 
	title={Domain Adaptation via Transfer Component Analysis}, 
	year={2011},
	volume={22},
	number={2},
	pages={199-210},
	keywords={Kernel;Optimization;Manifolds;Hilbert space;Learning systems;Feature extraction;Noise measurement;Dimensionality reduction;domain adaptation;Hilbert space embedding of distributions;transfer learning},
	doi={10.1109/TNN.2010.2091281}}

@inproceedings{zhang2017joint,
	title={Joint geometrical and statistical alignment for visual domain adaptation},
	author={Zhang, Jing and Li, Wanqing and Ogunbona, Philip},
	booktitle={Proceedings of the IEEE conference on computer vision and pattern recognition},
	pages={1859--1867},
	year={2017}
}

@article{1011453360309,
	author = {Wang, Jindong and Chen, Yiqiang and Feng, Wenjie and Yu, Han and Huang, Meiyu and Yang, Qiang},
	title = {Transfer Learning with Dynamic Distribution Adaptation},
	year = {2020},
	issue_date = {February 2020},
	publisher = {Association for Computing Machinery},
	address = {New York, NY, USA},
	volume = {11},
	number = {1},
	issn = {2157-6904},
	url = {https://doi.org/10.1145/3360309},
	doi = {10.1145/3360309},
	journal = {ACM Trans. Intell. Syst. Technol.},
	month = feb,
	articleno = {6},
	numpages = {25},
	keywords = {Transfer learning, deep learning, distribution alignment, domain adaptation, kernel method, subspace learning}
}

@inproceedings{xu2018deep,
	title={Deep cocktail network: Multi-source unsupervised domain adaptation with category shift},
	author={Xu, Ruijia and Chen, Ziliang and Zuo, Wangmeng and Yan, Junjie and Lin, Liang},
	booktitle={Proceedings of the IEEE conference on computer vision and pattern recognition},
	pages={3964--3973},
	year={2018}
}

@article{zhao2018multiple,
	title={Multiple source domain adaptation with adversarial learning},
	author={Zhao, Han and Zhang, Shanghang and Wu, Guanhang and Gordon, Geoffrey J and others},
	year={2018}
}


@article{vapnik1998statistical,
	title={Statistical learning theory},
	author={Vapnik, Vladimir Naumovich and Vapnik, Vlamimir and others},
	year={1998},
	publisher={wiley New York}
}

@article{ben2006analysis,
	title={Analysis of representations for domain adaptation},
	author={Ben-David, Shai and Blitzer, John and Crammer, Koby and Pereira, Fernando},
	journal={Advances in neural information processing systems},
	volume={19},
	year={2006}
}

@article{gretton2012kernel,
	title={A kernel two-sample test},
	author={Gretton, Arthur and Borgwardt, Karsten M and Rasch, Malte J and Sch{\"o}lkopf, Bernhard and Smola, Alexander},
	journal={The Journal of Machine Learning Research},
	volume={13},
	number={1},
	pages={723--773},
	year={2012},
	publisher={JMLR. org}
}

@inproceedings{wang2017balanced,
	title={Balanced distribution adaptation for transfer learning},
	author={Wang, Jindong and Chen, Yiqiang and Hao, Shuji and Feng, Wenjie and Shen, Zhiqi},
	booktitle={2017 IEEE international conference on data mining (ICDM)},
	pages={1129--1134},
	year={2017},
	organization={IEEE}
}

@article{gretton2012optimal,
	title={Optimal kernel choice for large-scale two-sample tests},
	author={Gretton, Arthur and Sejdinovic, Dino and Strathmann, Heiko and Balakrishnan, Sivaraman and Pontil, Massimiliano and Fukumizu, Kenji and Sriperumbudur, Bharath K},
	journal={Advances in neural information processing systems},
	volume={25},
	year={2012}
}

@article{liu2015contactless,
	title={Contactless respiration monitoring via off-the-shelf WiFi devices},
	author={Liu, Xuefeng and Cao, Jiannong and Tang, Shaojie and Wen, Jiaqi and Guo, Peng},
	journal={IEEE Transactions on Mobile Computing},
	volume={15},
	number={10},
	pages={2466--2479},
	year={2015},
	publisher={IEEE}
}

@inproceedings{kotaru2015spotfi,
	title={Spotfi: Decimeter level localization using wifi},
	author={Kotaru, Manikanta and Joshi, Kiran and Bharadia, Dinesh and Katti, Sachin},
	booktitle={Proceedings of the 2015 ACM conference on special interest group on data communication},
	pages={269--282},
	year={2015}
}

@inproceedings{szegedy2015going,
	title={Going deeper with convolutions},
	author={Szegedy, Christian and Liu, Wei and Jia, Yangqing and Sermanet, Pierre and Reed, Scott and Anguelov, Dragomir and Erhan, Dumitru and Vanhoucke, Vincent and Rabinovich, Andrew},
	booktitle={Proceedings of the IEEE conference on computer vision and pattern recognition},
	pages={1--9},
	year={2015}
}

@article{lu2024tutorial,
	title={{A tutorial on near-field XL-MIMO communications towards 6G}},
	author={Lu, Haiquan and Zeng, Yong and You, Changsheng and Han, Yu and Zhang, Jiayi and Wang, Zhe and Dong, Zhenjun and Jin, Shi and Wang, Cheng-Xiang and Jiang, Tao and others},
	journal={IEEE Commun. Surv. Tuts.},
	volume={26},
	number={4},
	pages={2213--2257},
	year={2024},
	month={4th Quart.},
	publisher={IEEE}
}

@article{wei2023meta,
	title={A meta-learning approach for device-free indoor localization},
	author={Wei, Wu and Yan, Jun and Wu, Xiaofu and Wang, Chen and Zhang, Gengxin},
	journal={IEEE Communications Letters},
	volume={27},
	number={3},
	pages={846--850},
	year={2023},
	publisher={IEEE}
}

@article{halperin2011tool,
	title={Tool release: Gathering 802.11 n traces with channel state information},
	author={Halperin, Daniel and Hu, Wenjun and Sheth, Anmol and Wetherall, David},
	journal={ACM SIGCOMM computer communication review},
	volume={41},
	number={1},
	pages={53--53},
	year={2011},
	publisher={ACM New York, NY, USA}
}

@inproceedings{youssef2005horus,
	title={The Horus WLAN location determination system},
	author={Youssef, Moustafa and Agrawala, Ashok},
	booktitle={Proceedings of the 3rd international conference on Mobile systems, applications, and services},
	pages={205--218},
	year={2005}
}

@ARTICLE{8468057,
	author={Wang, Xuyu and Wang, Xiangyu and Mao, Shiwen},
	journal={IEEE Transactions on Network Science and Engineering}, 
	title={Deep Convolutional Neural Networks for Indoor Localization with CSI Images}, 
	year={2020},
	volume={7},
	number={1},
	pages={316-327},
	keywords={Wireless fidelity;Phase measurement;Antenna measurements;Training;Wireless sensor networks;Wireless communication;OFDM;Indoor localization;fingerprinting;deep convolutional neural network;5 GHz commodity Wi-Fi;Channel state information},
	doi={10.1109/TNSE.2018.2871165}}

@article{wang2018wifi,
	title={WiFi indoor localization with CSI fingerprinting-based random forest},
	author={Wang, Yanzhao and Xiu, Chundi and Zhang, Xuanli and Yang, Dongkai},
	journal={Sensors},
	volume={18},
	number={9},
	pages={2869},
	year={2018},
	publisher={MDPI}
}

@article{jondhale2022support,
	title={Support vector regression for mobile target localization in indoor environments},
	author={Jondhale, Satish R and Mohan, Vijay and Sharma, Bharat Bhushan and Lloret, Jaime and Athawale, Shashikant V},
	journal={Sensors},
	volume={22},
	number={1},
	pages={358},
	year={2022},
	publisher={MDPI}
}

@article{ruan2022hi,
	title={Hi-Loc: Hybrid indoor localization via enhanced 5G NR CSI},
	author={Ruan, Yanlin and Chen, Liang and Zhou, Xin and Guo, Guangyi and Chen, Ruizhi},
	journal={IEEE Transactions on Instrumentation and Measurement},
	volume={71},
	pages={1--15},
	year={2022},
	publisher={IEEE}
}
@ARTICLE{9999279,
	author={Ruan, Yanlin and Chen, Liang and Zhou, Xin and Liu, Zhaoliang and Liu, Xiaoyan and Guo, Guangyi and Chen, Ruizhi},
	journal={IEEE Internet of Things Journal}, 
	title={iPos-5G: Indoor Positioning via Commercial 5G NR CSI}, 
	year={2023},
	volume={10},
	number={10},
	pages={8718-8733},
	keywords={5G mobile communication;Position measurement;Location awareness;Internet of Things;Downlink;Wireless fidelity;Wireless communication;Channel state information (CSI);fifth-generation (5G) new radio (NR);indoor positioning;supervised learning;unsupervised learning},
	doi={10.1109/JIOT.2022.3232221}}



@article{yin2021localization,
	title={Localization with transfer learning based on fine-grained subcarrier information for dynamic indoor environments},
	author={Yin, Yuqing and Yang, Xu and Li, Peihao and Zhang, Kaiwen and Chen, Pengpeng and Niu, Qiang},
	journal={Sensors},
	volume={21},
	number={3},
	pages={1015},
	year={2021},
	publisher={MDPI}
}
@article{guo2019transferred,
	title={Transferred knowledge aided positioning via global and local structural consistency constraints},
	author={Guo, Xiansheng and Wang, Lei and Li, Lin and Ansari, Nirwan},
	journal={IEEE Access},
	volume={7},
	pages={32102--32117},
	year={2019},
	publisher={IEEE}
}

@article{ruan2022ipos,
	title={iPos-5G: Indoor positioning via commercial 5G NR CSI},
	author={Ruan, Yanlin and Chen, Liang and Zhou, Xin and Liu, Zhaoliang and Liu, Xiaoyan and Guo, Guangyi and Chen, Ruizhi},
	journal={IEEE Internet of Things Journal},
	volume={10},
	number={10},
	pages={8718--8733},
	year={2022},
	publisher={IEEE}
}





@article{ji2022generating,
	title={Generating indoor Wi-Fi fingerprint map based on crowdsourcing},
	author={Ji, Yufeng and Zhao, Xian and Wei, Yao and Wang, Changda},
	journal={Wireless Networks},
	volume={28},
	number={3},
	pages={1053--1065},
	year={2022},
	publisher={Springer}
}
@article{wei2021efficient,
	title={Efficient Wi-Fi fingerprint crowdsourcing for indoor localization},
	author={Wei, Yongyong and Zheng, Rong},
	journal={IEEE Sensors Journal},
	volume={22},
	number={6},
	pages={5055--5062},
	year={2021},
	publisher={IEEE}
}

@article{yu2023intelligent,
	title={Intelligent fusion structure for Wi-Fi/BLE/QR/MEMS sensor-based indoor localization},
	author={Yu, Yue and Zhang, Yi and Chen, Liang and Chen, Ruizhi},
	journal={Remote Sensing},
	volume={15},
	number={5},
	pages={1202},
	year={2023},
	publisher={MDPI}
}
@article{santos2021crowdsourcing,
	title={Crowdsourcing-based fingerprinting for indoor location in multi-storey buildings},
	author={Santos, Ricardo and Leonardo, Ricardo and Barandas, Mar{\'\i}lia and Moreira, Dinis and Rocha, Tiago and Alves, Pedro and Oliveira, Jo{\~a}o P and Gamboa, Hugo},
	journal={Ieee Access},
	volume={9},
	pages={31143--31160},
	year={2021},
	publisher={IEEE}
}


@article{njima2022dnn,
	title={DNN-based indoor localization under limited dataset using GANs and semi-supervised learning},
	author={Njima, Wafa and Bazzi, Ahmad and Chafii, Marwa},
	journal={IEEE access},
	volume={10},
	pages={69896--69909},
	year={2022},
	publisher={IEEE}
}
@article{khatab2021fingerprint,
	title={A fingerprint technique for indoor localization using autoencoder based semi-supervised deep extreme learning machine},
	author={Khatab, Zahra Ezzati and Gazestani, Amirhosein Hajihoseini and Ghorashi, Seyed Ali and Ghavami, Mohammad},
	journal={Signal Processing},
	volume={181},
	pages={107915},
	year={2021},
	publisher={Elsevier}
}
@article{yan2020elm,
	title={An ELM-based semi-supervised indoor localization technique with clustering analysis and feature extraction},
	author={Yan, Jun and Cao, Yiming and Kang, Bin and Wu, Xiaohuan and Chen, Liang},
	journal={IEEE Sensors Journal},
	volume={21},
	number={3},
	pages={3635--3644},
	year={2020},
	publisher={IEEE}
}
@article{ye2022se,
	title={SE-Loc: security-enhanced indoor localization with semi-supervised deep learning},
	author={Ye, Qianwen and Fan, Xiaochen and Bie, Hongxia and Puthal, Deepak and Wu, Tao and Song, Xudong and Fang, Gengfa},
	journal={IEEE Transactions on Network Science and Engineering},
	volume={10},
	number={5},
	pages={2964--2977},
	year={2022},
	publisher={IEEE}
}


@article{chen2022fidora,
	title={Fidora: Robust WiFi-based indoor localization via unsupervised domain adaptation},
	author={Chen, Xi and Li, Hang and Zhou, Chenyi and Liu, Xue and Wu, Di and Dudek, Gregory},
	journal={IEEE Internet of Things Journal},
	volume={9},
	number={12},
	pages={9872--9888},
	year={2022},
	publisher={IEEE}
}
@article{kim2021unsupervised,
	title={Unsupervised view-selective deep learning for practical indoor localization using CSI},
	author={Kim, Minseuk and Han, Dongsoo and Rhee, June-Koo Kevin},
	journal={IEEE Sensors Journal},
	volume={21},
	number={21},
	pages={24398--24408},
	year={2021},
	publisher={IEEE}
}
@article{wang2022adversarial,
	title={Adversarial deep learning for indoor localization with channel state information tensors},
	author={Wang, Xiangyu and Wang, Xuyu and Mao, Shiwen and Zhang, Jian and Periaswamy, Senthilkumar CG and Patton, Justin},
	journal={IEEE internet of things journal},
	volume={9},
	number={19},
	pages={18182--18194},
	year={2022},
	publisher={IEEE}
}
@article{kerdjidj2024exploiting,
	title={Exploiting 2D Representations for Enhanced Indoor Localization: A Transfer Learning Approach},
	author={Kerdjidj, O and Himeur, Y and Atalla, S and Copiaco, A and Amira, A and Fadli, F and Sohail, S S and Mansoor, W and Gawanmeh, A and Miniaoui, S},
	journal={IEEE Sensors Journal},
	year={2024},
	publisher={IEEE}
}

@article{xiang2022crowdsourcing,
	title={Crowdsourcing-based indoor localization with knowledge-aided fingerprint transfer},
	author={Xiang, Chenlu and Zhang, Shunqing and Xu, Shugong and Mao, Guoqiang},
	journal={IEEE Sensors Journal},
	volume={22},
	number={5},
	pages={4281--4293},
	year={2022},
	publisher={IEEE}
}
@article{prasad2023domain,
	title={Domain Adaptation for Localization Using Combined Autoencoder and Gradient Reversal Layer in Dynamic IoT Environment},
	author={Prasad, Gaurav and Pandey, Ankur and Kumar, Sudhir},
	journal={IEEE Transactions on Network Science and Engineering},
	year={2023},
	publisher={IEEE}
}
@article{gao2023metaloc,
	title={MetaLoc: Learning to learn wireless localization},
	author={Gao, Jun and Wu, Dongze and Yin, Feng and Kong, Qinglei and Xu, Lexi and Cui, Shuguang},
	journal={IEEE Journal on Selected Areas in Communications},
	year={2023},
	publisher={IEEE}
}


