@STRING{jan = "Jan."}
@STRING{feb = "Feb."}
@STRING{mar = "March"}
@STRING{apr = "April"}
@STRING{may = "May"}
@STRING{jun = "June"}
@STRING{jul = "July"}
@STRING{aug = "Aug."}
@STRING{sep = "Sept."}
@STRING{oct = "Oct."}
@STRING{nov = "Nov."}
@STRING{dec = "Dec."}
@STRING{cie = "ACM Computers in Entertainment"}
@STRING{csur = "ACM Computing Surveys"}
@STRING{dgov = "Digital Government: Research and Practice"}
@STRING{dtrap = "Digital Threats: Research and Practice"}
@STRING{health = "ACM Transactions on Computing for Healthcare"}
@STRING{imwut = "PACM on Interactive, Mobile, Wearable and Ubiquitous Technologies"}
@STRING{jacm = "Journal of the ACM"}
@STRING{jdiq = "ACM Journal of Data and Information Quality"}
@STRING{jea = "ACM Journal of Experimental Algorithmics"}
@STRING{jeric = "ACM Journal of Educational Resources in Computing"}
@STRING{jetc = "ACM Journal on Emerging Technologies in Computing Systems"}
@STRING{jocch = "ACM Journal on Computing and Cultural Heritage"}
@STRING{pacmcgit = "Proceedings of the ACM on Computer Graphics and Interactive Techniques"}
@STRING{pacmhci = "PACM on Human-Computer Interaction"}
@STRING{pacmpl = "PACM on Programming Languages"}
@STRING{pomacs = "PACM on Measurement and Analysis of Computing Systems"}
@STRING{taas = "ACM Transactions on Autonomous and Adaptive Systems"}
@STRING{taccess = "ACM Transactions on Accessible Computing"}
@STRING{taco = "ACM Transactions on Architecture and Code Optimization"}
@STRING{talg = "ACM Transactions on Algorithms"}
@STRING{tallip = "ACM Transactions on Asian and Low-Resource Language Information Processing"}
@STRING{tap = "ACM Transactions on Applied Perception"}
@STRING{tcps = "ACM Transactions on Cyber-Physical Systems"}
@STRING{tds = "ACM/IMS Transactions on Data Science"}
@STRING{teac = "ACM Transactions on Economics and Computation"}
@STRING{tecs = "ACM Transactions on Embedded Computing Systems"}
@STRING{telo = "ACM Transactions on Evolutionary Learning"}
@STRING{thri = "ACM Transactions on Human-Robot Interaction"}
@STRING{tiis = "ACM Transactions on Interactive Intelligent Systems"}
@STRING{tiot = "ACM Transactions on Internet of Things"}
@STRING{tissec = "ACM Transactions on Information and System Security"}
@STRING{tist = "ACM Transactions on Intelligent Systems and Technology"}
@STRING{tkdd = "ACM Transactions on Knowledge Discovery from Data"}
@STRING{tmis = "ACM Transactions on Management Information Systems"}
@STRING{toce = "ACM Transactions on Computing Education"}
@STRING{tochi = "ACM Transactions on Computer-Human Interaction"}
@STRING{tocl = "ACM Transactions on Computational Logic"}
@STRING{tocs = "ACM Transactions on Computer Systems"}
@STRING{toct = "ACM Transactions on Computation Theory"}
@STRING{todaes = "ACM Transactions on Design Automation of Electronic Systems"}
@STRING{tods = "ACM Transactions on Database Systems"}
@STRING{tog = "ACM Transactions on Graphics"}
@STRING{tois = "ACM Transactions on Information Systems"}
@STRING{toit = "ACM Transactions on Internet Technology"}
@STRING{tomacs = "ACM Transactions on Modeling and Computer Simulation"}
@STRING{tomm = "ACM Transactions on Multimedia Computing, Communications and Applications"}
@STRING{tompecs = "ACM Transactions on Modeling and Performance Evaluation of Computing Systems"}
@STRING{toms = "ACM Transactions on Mathematical Software"}
@STRING{topc = "ACM Transactions on Parallel Computing"}
@STRING{toplas = "ACM Transactions on Programming Languages and Systems"}
@STRING{tops = "ACM Transactions on Privacy and Security"}
@STRING{tos = "ACM Transactions on Storage"}
@STRING{tosem = "ACM Transactions on Software Engineering and Methodology"}
@STRING{tosn = "ACM Transactions on Sensor Networks"}
@STRING{tqc = "ACM Transactions on Quantum Computing"}
@STRING{trets = "ACM Transactions on Reconfigurable Technology and Systems"}
@STRING{tsas = "ACM Transactions on Spatial Algorithms and Systems"}
@STRING{tsc = "ACM Transactions on Social Computing"}
@STRING{tslp = "ACM Transactions on Speech and Language Processing"}
@STRING{tweb = "ACM Transactions on the Web"}
@STRING{acmcs = "ACM Computing Surveys"}
@STRING{acta = "Acta Informatica"}
@STRING{cacm = "Communications of the ACM"}
@STRING{ibmjrd = "IBM Journal of Research and Development"}
@STRING{ibmsj = "IBM Systems Journal"}
@STRING{ieeese = "IEEE Transactions on Software Engineering"}
@STRING{ieeetc = "IEEE Transactions on Computers"}
@STRING{ieeetcad = "IEEE Transactions on Computer-Aided Design of Integrated Circuits"}
@STRING{ipl = "Information Processing Letters"}
@STRING{jcss = "Journal of Computer and System Sciences"}
@STRING{scp = "Science of Computer Programming"}
@STRING{sicomp = "SIAM Journal on Computing"}
@STRING{toois = "ACM Transactions on Office Information Systems"}
@STRING{tcs = "Theoretical Computer Science"}

@misc{kovaionGenerativeLLMs,
	author = {Pandurengan, P. },
	title = {{G}enerative {A}{I} vs. {L}{L}{M}s: {W}hat's the {D}ifference? | {K}ovaion --- kovaion.com},
	howpublished = {\url{https://www.kovaion.com/blog/generative-ai-vs-llms-whats-the-difference/}},
	note = {[Accessed 09-01-2024]},
}

@article{team2023gemini,
  title={Gemini: a family of highly capable multimodal models},
  author={Team, Gemini and Anil, Rohan and Borgeaud, Sebastian and Alayrac, Jean-Baptiste and Yu, Jiahui and Soricut, Radu and Schalkwyk, Johan and Dai, Andrew M and Hauth, Anja and Millican, Katie and others},
  journal={arXiv preprint arXiv:2312.11805},
  year={2023}
}

@article{kojima2022large,
  title={Large language models are zero-shot reasoners},
  author={Kojima, Takeshi and Gu, Shixiang Shane and Reid, Machel and Matsuo, Yutaka and Iwasawa, Yusuke},
  journal={Advances in neural information processing systems},
  volume={35},
  pages={22199--22213},
  year={2022}
}

@article{achiam2023gpt,
  title={Gpt-4 technical report},
  author={Achiam, Josh and Adler, Steven and Agarwal, Sandhini and Ahmad, Lama and Akkaya, Ilge and Aleman, Florencia Leoni and Almeida, Diogo and Altenschmidt, Janko and Altman, Sam and Anadkat, Shyamal and others},
  journal={arXiv preprint arXiv:2303.08774},
  year={2023}
}

@article{touvron2023llama,
  title={Llama 2: Open foundation and fine-tuned chat models},
  author={Touvron, Hugo and Martin, Louis and Stone, Kevin and Albert, Peter and Almahairi, Amjad and Babaei, Yasmine and Bashlykov, Nikolay and Batra, Soumya and Bhargava, Prajjwal and Bhosale, Shruti and others},
  journal={arXiv preprint arXiv:2307.09288},
  year={2023}
}

@inproceedings{chen2019generative,
  title={Generative adversarial user model for reinforcement learning based recommendation system},
  author={Chen, Xinshi and Li, Shuang and Li, Hui and Jiang, Shaohua and Qi, Yuan and Song, Le},
  booktitle={International Conference on Machine Learning},
  pages={1052--1061},
  year={2019},
  organization={PMLR}
}

@article{shayegani2023plug,
  title={Plug and Pray: Exploiting off-the-shelf components of Multi-Modal Models},
  author={Shayegani, Erfan and Dong, Yue and Abu-Ghazaleh, Nael},
  journal={arXiv preprint arXiv:2307.14539},
  year={2023}
}

@inproceedings{qintoolllm,
  title={ToolLLM: Facilitating Large Language Models to Master 16000+ Real-world APIs},
  author={Qin, Yujia and Liang, Shihao and Ye, Yining and Zhu, Kunlun and Yan, Lan and Lu, Yaxi and Lin, Yankai and Cong, Xin and Tang, Xiangru and Qian, Bill and others},
  booktitle={The Twelfth International Conference on Learning Representations}
}

@article{gong2023figstep,
  title={Figstep: Jailbreaking large vision-language models via typographic visual prompts},
  author={Gong, Yichen and Ran, Delong and Liu, Jinyuan and Wang, Conglei and Cong, Tianshuo and Wang, Anyu and Duan, Sisi and Wang, Xiaoyun},
  journal={arXiv preprint arXiv:2311.05608},
  year={2023}
}


@article{noever2021reading,
  title={Reading Isn't Believing: Adversarial Attacks On Multi-Modal Neurons},
  author={Noever, David A and Noever, Samantha E Miller},
  journal={arXiv preprint arXiv:2103.10480},
  year={2021}
}
@article{varshney2023art,
  title={The art of defending: A systematic evaluation and analysis of llm defense strategies on safety and over-defensiveness},
  author={Varshney, Neeraj and Dolin, Pavel and Seth, Agastya and Baral, Chitta},
  journal={arXiv preprint arXiv:2401.00287},
  year={2023}
}

@article{russinovich2024great,
  title={Great, now write an article about that: The crescendo multi-turn llm jailbreak attack},
  author={Russinovich, Mark and Salem, Ahmed and Eldan, Ronen},
  journal={arXiv preprint arXiv:2404.01833},
  year={2024}
}


@inproceedings{greshake2023not,
  title={Not what you've signed up for: Compromising real-world llm-integrated applications with indirect prompt injection},
  author={Greshake, Kai and Abdelnabi, Sahar and Mishra, Shailesh and Endres, Christoph and Holz, Thorsten and Fritz, Mario},
  booktitle={Proceedings of the 16th ACM Workshop on Artificial Intelligence and Security},
  pages={79--90},
  year={2023}
}

@inproceedings{xullm,
  title={An LLM can Fool Itself: A Prompt-Based Adversarial Attack},
  author={Xu, Xilie and Kong, Keyi and Liu, Ning and Cui, Lizhen and Wang, Di and Zhang, Jingfeng and Kankanhalli, Mohan},
  booktitle={The Twelfth International Conference on Learning Representations},
  year={2024}
}

@inproceedings{weidinger2022taxonomy,
  title={Taxonomy of risks posed by language models},
  author={Weidinger, Laura and Uesato, Jonathan and Rauh, Maribeth and Griffin, Conor and Huang, Po-Sen and Mellor, John and Glaese, Amelia and Cheng, Myra and Balle, Borja and Kasirzadeh, Atoosa and others},
  booktitle={Proceedings of the 2022 ACM Conference on Fairness, Accountability, and Transparency},
  pages={214--229},
  year={2022}
}

@article{chang2024play,
  title={Play guessing game with llm: Indirect jailbreak attack with implicit clues},
  author={Chang, Zhiyuan and Li, Mingyang and Liu, Yi and Wang, Junjie and Wang, Qing and Liu, Yang},
  journal={arXiv preprint arXiv:2402.09091},
  year={2024}
}

@article{chu2024comprehensive,
  title={Comprehensive assessment of jailbreak attacks against llms},
  author={Chu, Junjie and Liu, Yugeng and Yang, Ziqing and Shen, Xinyue and Backes, Michael and Zhang, Yang},
  journal={arXiv preprint arXiv:2402.05668},
  year={2024}
}

@article{shayegani2023survey,
  title={Survey of vulnerabilities in large language models revealed by adversarial attacks},
  author={Shayegani, Erfan and Mamun, Md Abdullah Al and Fu, Yu and Zaree, Pedram and Dong, Yue and Abu-Ghazaleh, Nael},
  journal={arXiv preprint arXiv:2310.10844},
  year={2023}
}

@inproceedings{huangcatastrophic,
  title={Catastrophic Jailbreak of Open-source LLMs via Exploiting Generation},
  author={Huang, Yangsibo and Gupta, Samyak and Xia, Mengzhou and Li, Kai and Chen, Danqi},
  booktitle={The Twelfth International Conference on Learning Representations},
  year={2024}
}


@article{wolf2023fundamental,
  title={Fundamental limitations of alignment in large language models},
  author={Wolf, Yotam and Wies, Noam and Avnery, Oshri and Levine, Yoav and Shashua, Amnon},
  journal={arXiv preprint arXiv:2304.11082},
  year={2023}
}


@article{xu2023tool,
  title={On the tool manipulation capability of open-source large language models},
  author={Xu, Qiantong and Hong, Fenglu and Li, Bo and Hu, Changran and Chen, Zhengyu and Zhang, Jian},
  journal={arXiv preprint arXiv:2305.16504},
  year={2023}
}


@article{goodfellow2014explaining,
  title={Explaining and harnessing adversarial examples},
  author={Goodfellow, Ian J and Shlens, Jonathon and Szegedy, Christian},
  journal={arXiv preprint arXiv:1412.6572},
  year={2014}
}

@inproceedings{shen2024anything,
  title={"Do Anything Now": Characterizing and evaluating in-the-wild jailbreak prompts on large language models},
  author={Shen, Xinyue and Chen, Zeyuan and Backes, Michael and Shen, Yun and Zhang, Yang},
  booktitle={Proceedings of the 2024 on ACM SIGSAC Conference on Computer and Communications Security},
  pages={1671--1685},
  year={2024}
}

@article{upadhayay2024flanking,
  title={Sandwich attack: Multi-language mixture adaptive attack on llms},
  author={Upadhayay, Bibek and Behzadan, Vahid},
  journal={arXiv preprint arXiv:2404.07242},
  year={2024}
}

@misc{googleGenerativeProhibited,
	author = {},
	title = {{G}enerative {A}{I} {P}rohibited {U}se {P}olicy --- policies.google.com},
	howpublished = {\url{https://policies.google.com/terms/generative-ai/use-policy?hl=en}},
	year = {},
	note = {[Accessed 02-01-2025]},
}


@article{huang2023catastrophic,
  title={Catastrophic jailbreak of open-source llms via exploiting generation},
  author={Huang, Yangsibo and Gupta, Samyak and Xia, Mengzhou and Li, Kai and Chen, Danqi},
  journal={arXiv preprint arXiv:2310.06987},
  year={2023}
}

@article{glukhov2023llm,
  title={Llm censorship: A machine learning challenge or a computer security problem?},
  author={Glukhov, David and Shumailov, Ilia and Gal, Yarin and Papernot, Nicolas and Papyan, Vardan},
  journal={arXiv preprint arXiv:2307.10719},
  year={2023}
}

@article{bai2022training,
  title={Training a helpful and harmless assistant with reinforcement learning from human feedback},
  author={Bai, Yuntao and Jones, Andy and Ndousse, Kamal and Askell, Amanda and Chen, Anna and DasSarma, Nova and Drain, Dawn and Fort, Stanislav and Ganguli, Deep and Henighan, Tom and others},
  journal={arXiv preprint arXiv:2204.05862},
  year={2022}
}


@article{el2022impossible,
  title={On the impossible safety of large AI models},
  author={El-Mhamdi, El-Mahdi and Farhadkhani, Sadegh and Guerraoui, Rachid and Gupta, Nirupam and Hoang, L{\^e}-Nguy{\^e}n and Pinot, Rafael and Rouault, S{\'e}bastien and Stephan, John},
  journal={arXiv preprint arXiv:2209.15259},
  year={2022}
}

@inproceedings{girdhar2023imagebind,
  title={Imagebind: One embedding space to bind them all},
  author={Girdhar, Rohit and El-Nouby, Alaaeldin and Liu, Zhuang and Singh, Mannat and Alwala, Kalyan Vasudev and Joulin, Armand and Misra, Ishan},
  booktitle={Proceedings of the IEEE/CVF Conference on Computer Vision and Pattern Recognition},
  pages={15180--15190},
  year={2023}
}


@article{zhang2023llavar,
  title={Llavar: Enhanced visual instruction tuning for text-rich image understanding},
  author={Zhang, Yanzhe and Zhang, Ruiyi and Gu, Jiuxiang and Zhou, Yufan and Lipka, Nedim and Yang, Diyi and Sun, Tong},
  journal={arXiv preprint arXiv:2306.17107},
  year={2023}
}
@misc{gemini-policy,
  title = {Gemini Policy Guidelines},
  howpublished = {\url{https://gemini.google/policy-guidelines/}},
  organization = {Google}
}



@article{wang2024comprehensive,
  title={A comprehensive review of multimodal large language models: Performance and challenges across different tasks},
  author={Wang, Jiaqi and Jiang, Hanqi and Liu, Yiheng and Ma, Chong and Zhang, Xu and Pan, Yi and Liu, Mengyuan and Gu, Peiran and Xia, Sichen and Li, Wenjun and others},
  journal={arXiv preprint arXiv:2408.01319},
  year={2024}
}

@article{wang2023practical,
  title={A Practical Survey on Emerging Threats from AI-driven Voice Attacks: How Vulnerable are Commercial Voice Control Systems?},
  author={Wang, Yuanda and Yan, Qiben and Ivanov, Nikolay and Chen, Xun},
  journal={arXiv preprint arXiv:2312.06010},
  year={2023}
}

@article{xu2023llm,
  title={An LLM can Fool Itself: A Prompt-Based Adversarial Attack},
  author={Xu, Xilie and Kong, Keyi and Liu, Ning and Cui, Lizhen and Wang, Di and Zhang, Jingfeng and Kankanhalli, Mohan},
  journal={arXiv preprint arXiv:2310.13345},
  year={2023}
}


@inproceedings{cao2023stylefool,
  title={Stylefool: Fooling video classification systems via style transfer},
  author={Cao, Yuxin and Xiao, Xi and Sun, Ruoxi and Wang, Derui and Xue, Minhui and Wen, Sheng},
  booktitle={2023 IEEE symposium on security and privacy (SP)},
  pages={1631--1648},
  year={2023},
  organization={IEEE}
}

@inproceedings{koffas2023going,
  title={Going in style: Audio backdoors through stylistic transformations},
  author={Koffas, Stefanos and Pajola, Luca and Picek, Stjepan and Conti, Mauro},
  booktitle={ICASSP 2023-2023 IEEE International Conference on Acoustics, Speech and Signal Processing (ICASSP)},
  pages={1--5},
  year={2023},
  organization={IEEE}
}

@article{yu2024don,
  title={Don't Listen To Me: Understanding and Exploring Jailbreak Prompts of Large Language Models},
  author={Yu, Zhiyuan and Liu, Xiaogeng and Liang, Shunning and Cameron, Zach and Xiao, Chaowei and Zhang, Ning},
  journal={arXiv preprint arXiv:2403.17336},
  year={2024}
}

@article{zhang2023igniting,
  title={Igniting Language Intelligence: The Hitchhiker's Guide From Chain-of-Thought Reasoning to Language Agents},
  author={Zhang, Zhuosheng and Yao, Yao and Zhang, Aston and Tang, Xiangru and Ma, Xinbei and He, Zhiwei and Wang, Yiming and Gerstein, Mark and Wang, Rui and Liu, Gongshen and others},
  journal={arXiv preprint arXiv:2311.11797},
  year={2023}
}

@inproceedings{radford2021learning,
  title={Learning transferable visual models from natural language supervision},
  author={Radford, Alec and Kim, Jong Wook and Hallacy, Chris and Ramesh, Aditya and Goh, Gabriel and Agarwal, Sandhini and Sastry, Girish and Askell, Amanda and Mishkin, Pamela and Clark, Jack and others},
  booktitle={International conference on machine learning},
  pages={8748--8763},
  year={2021},
  organization={PMLR}
}

@inproceedings{ba2024surrogateprompt,
  title={Surrogateprompt: Bypassing the safety filter of text-to-image models via substitution},
  author={Ba, Zhongjie and Zhong, Jieming and Lei, Jiachen and Cheng, Peng and Wang, Qinglong and Qin, Zhan and Wang, Zhibo and Ren, Kui},
  booktitle={Proceedings of the 2024 on ACM SIGSAC Conference on Computer and Communications Security},
  pages={1166--1180},
  year={2024}
}

@article{xu2024llm,
  title={LLM Jailbreak Attack versus Defense Techniques--A Comprehensive Study},
  author={Xu, Zihao and Liu, Yi and Deng, Gelei and Li, Yuekang and Picek, Stjepan},
  journal={arXiv preprint arXiv:2402.13457},
  year={2024}
}

@article{wei2024jailbroken,
  title={Jailbroken: How does llm safety training fail?},
  author={Wei, Alexander and Haghtalab, Nika and Steinhardt, Jacob},
  journal={Advances in Neural Information Processing Systems},
  volume={36},
  year={2024}
}

@inproceedings{hui2024pleak,
  title={Pleak: Prompt leaking attacks against large language model applications},
  author={Hui, Bo and Yuan, Haolin and Gong, Neil and Burlina, Philippe and Cao, Yinzhi},
  booktitle={Proceedings of the 2024 on ACM SIGSAC Conference on Computer and Communications Security},
  pages={3600--3614},
  year={2024}
}

@article{huang2025image,
  title={Image-based Multimodal Models as Intruders: Transferable Multimodal Attacks on Video-based MLLMs},
  author={Huang, Linhao and Jiang, Xue and Wang, Zhiqiang and Mo, Wentao and Xiao, Xi and Han, Bo and Yin, Yongjie and Zheng, Feng},
  journal={arXiv preprint arXiv:2501.01042},
  year={2025}
}

@article{hurst2024gpt,
  title={Gpt-4o system card},
  author={Hurst, Aaron and Lerer, Adam and Goucher, Adam P and Perelman, Adam and Ramesh, Aditya and Clark, Aidan and Ostrow, AJ and Welihinda, Akila and Hayes, Alan and Radford, Alec and others},
  journal={arXiv preprint arXiv:2410.21276},
  year={2024}
}

@article{liu2024jailbreak,
  title={Jailbreak Attacks and Defenses against Multimodal Generative Models: A Survey},
  author={Liu, Xuannan and Cui, Xing and Li, Peipei and Li, Zekun and Huang, Huaibo and Xia, Shuhan and Zhang, Miaoxuan and Zou, Yueying and He, Ran},
  journal={arXiv preprint arXiv:2411.09259},
  year={2024}
}

@article{shen2024voice,
  title={Voice Jailbreak Attacks Against GPT-4o},
  author={Shen, Xinyue and Wu, Yixin and Backes, Michael and Zhang, Yang},
  journal={arXiv preprint arXiv:2405.19103},
  year={2024}
}