@inproceedings{girdhar2023imagebind,
  title={Imagebind: One embedding space to bind them all},
  author={Girdhar, Rohit and El-Nouby, Alaaeldin and Liu, Zhuang and Singh, Mannat and Alwala, Kalyan Vasudev and Joulin, Armand and Misra, Ishan},
  booktitle={Proceedings of the IEEE/CVF Conference on Computer Vision and Pattern Recognition},
  pages={15180--15190},
  year={2023}
}

@article{glukhov2023llm,
  title={Llm censorship: A machine learning challenge or a computer security problem?},
  author={Glukhov, David and Shumailov, Ilia and Gal, Yarin and Papernot, Nicolas and Papyan, Vardan},
  journal={arXiv preprint arXiv:2307.10719},
  year={2023}
}

@article{gong2023figstep,
  title={Figstep: Jailbreaking large vision-language models via typographic visual prompts},
  author={Gong, Yichen and Ran, Delong and Liu, Jinyuan and Wang, Conglei and Cong, Tianshuo and Wang, Anyu and Duan, Sisi and Wang, Xiaoyun},
  journal={arXiv preprint arXiv:2311.05608},
  year={2023}
}

@article{goodfellow2014explaining,
  title={Explaining and harnessing adversarial examples},
  author={Goodfellow, Ian J and Shlens, Jonathon and Szegedy, Christian},
  journal={arXiv preprint arXiv:1412.6572},
  year={2014}
}

@article{noever2021reading,
  title={Reading Isn't Believing: Adversarial Attacks On Multi-Modal Neurons},
  author={Noever, David A and Noever, Samantha E Miller},
  journal={arXiv preprint arXiv:2103.10480},
  year={2021}
}

@inproceedings{radford2021learning,
  title={Learning transferable visual models from natural language supervision},
  author={Radford, Alec and Kim, Jong Wook and Hallacy, Chris and Ramesh, Aditya and Goh, Gabriel and Agarwal, Sandhini and Sastry, Girish and Askell, Amanda and Mishkin, Pamela and Clark, Jack and others},
  booktitle={International conference on machine learning},
  pages={8748--8763},
  year={2021},
  organization={PMLR}
}

@article{russinovich2024great,
  title={Great, now write an article about that: The crescendo multi-turn llm jailbreak attack},
  author={Russinovich, Mark and Salem, Ahmed and Eldan, Ronen},
  journal={arXiv preprint arXiv:2404.01833},
  year={2024}
}

@article{shayegani2023plug,
  title={Plug and Pray: Exploiting off-the-shelf components of Multi-Modal Models},
  author={Shayegani, Erfan and Dong, Yue and Abu-Ghazaleh, Nael},
  journal={arXiv preprint arXiv:2307.14539},
  year={2023}
}

@article{shayegani2023survey,
  title={Survey of vulnerabilities in large language models revealed by adversarial attacks},
  author={Shayegani, Erfan and Mamun, Md Abdullah Al and Fu, Yu and Zaree, Pedram and Dong, Yue and Abu-Ghazaleh, Nael},
  journal={arXiv preprint arXiv:2310.10844},
  year={2023}
}

@article{zhang2023llavar,
  title={Llavar: Enhanced visual instruction tuning for text-rich image understanding},
  author={Zhang, Yanzhe and Zhang, Ruiyi and Gu, Jiuxiang and Zhou, Yufan and Lipka, Nedim and Yang, Diyi and Sun, Tong},
  journal={arXiv preprint arXiv:2306.17107},
  year={2023}
}

