@article{ouyang2022training,
  title={Training language models to follow instructions with human feedback},
  author={Ouyang, Long and Wu, Jeffrey and Jiang, Xu and Almeida, Diogo and Wainwright, Carroll and Mishkin, Pamela and Zhang, Chong and Agarwal, Sandhini and Slama, Katarina and Ray, Alex and others},
  journal={Advances in neural information processing systems},
  volume={35},
  pages={27730--27744},
  year={2022}
}
@inproceedings{gu2024minillm,
  title={MiniLLM: Knowledge distillation of large language models},
  author={Gu, Yuxian and Dong, Li and Wei, Furu and Huang, Minlie},
  booktitle={The Twelfth International Conference on Learning Representations},
  year={2024}
}
@inproceedings{fu2023specializing,
  title={Specializing smaller language models towards multi-step reasoning},
  author={Fu, Yao and Peng, Hao and Ou, Litu and Sabharwal, Ashish and Khot, Tushar},
  booktitle={International Conference on Machine Learning},
  pages={10421--10430},
  year={2023},
  organization={PMLR}
}
@article{wan2024fusechat,
  title={Fusechat: Knowledge fusion of chat models},
  author={Wan, Fanqi and Zhong, Longguang and Yang, Ziyi and Chen, Ruijun and Quan, Xiaojun},
  journal={arXiv preprint arXiv:2408.07990},
  year={2024}
}
@inproceedings{wanknowledge,
  title={Knowledge Fusion of Large Language Models},
  author={Wan, Fanqi and Huang, Xinting and Cai, Deng and Quan, Xiaojun and Bi, Wei and Shi, Shuming},
  booktitle={The Twelfth International Conference on Learning Representations},
    year={2024}
}
@article{yang2024weighted,
  title={Weighted-Reward Preference Optimization for Implicit Model Fusion},
  author={Yang, Ziyi and Wan, Fanqi and Zhong, Longguang and Shi, Tianyuan and Quan, Xiaojun},
  journal={arXiv preprint arXiv:2412.03187},
  year={2024}
}
@inproceedings{zhang2024dual,
  title={Dual-Space Knowledge Distillation for Large Language Models},
  author={Zhang, Songming and Zhang, Xue and Sun, Zengkui and Chen, Yufeng and Xu, Jinan},
  booktitle={Proceedings of the 2024 Conference on Empirical Methods in Natural Language Processing},
  pages={18164--18181},
  year={2024}
}
@article{boizard2024towards,
  title={Towards cross-tokenizer distillation: the universal logit distillation loss for llms},
  author={Boizard, Nicolas and Haddad, Kevin El and Hudelot, C{\'e}line and Colombo, Pierre},
  journal={arXiv preprint arXiv:2402.12030},
  year={2024}
}
@article{ko2024distillm,
  title={Distillm: Towards streamlined distillation for large language models},
  author={Ko, Jongwoo and Kim, Sungnyun and Chen, Tianyi and Yun, Se-Young},
  journal={arXiv preprint arXiv:2402.03898},
  year={2024}
}
@article{hinton2015distilling,
  title={Distilling the Knowledge in a Neural Network},
  author={Hinton, Geoffrey},
  journal={arXiv preprint arXiv:1503.02531},
  year={2015}
}
@article{dubey2024llama,
  title={The llama 3 herd of models},
  author={Dubey, Abhimanyu and Jauhri, Abhinav and Pandey, Abhinav and Kadian, Abhishek and Al-Dahle, Ahmad and Letman, Aiesha and Mathur, Akhil and Schelten, Alan and Yang, Amy and Fan, Angela and others},
  journal={arXiv preprint arXiv:2407.21783},
  year={2024}
}
@article{zhang2022opt,
  title={Opt: Open pre-trained transformer language models},
  author={Zhang, Susan and Roller, Stephen and Goyal, Naman and Artetxe, Mikel and Chen, Moya and Chen, Shuohui and Dewan, Christopher and Diab, Mona and Li, Xian and Lin, Xi Victoria and others},
  journal={arXiv preprint arXiv:2205.01068},
  year={2022}
}
@article{yang2024qwen2,
  title={Qwen2 Technical Report},
  author={Yang, An and Yang, Baosong and Hui, Binyuan and Zheng, Bo and Yu, Bowen and Zhou, Chang and Li, Chengpeng and Li, Chengyuan and Liu, Dayiheng and Huang, Fei and others},
  journal={arXiv preprint arXiv:2407.10671},
  year={2024}
}
@article{abdin2024phi,
  title={Phi-3 technical report: A highly capable language model locally on your phone},
  author={Abdin, Marah and Aneja, Jyoti and Awadalla, Hany and Awadallah, Ahmed and Awan, Ammar Ahmad and Bach, Nguyen and Bahree, Amit and Bakhtiari, Arash and Bao, Jianmin and Behl, Harkirat and others},
  journal={arXiv preprint arXiv:2404.14219},
  year={2024}
}
@article{team2024gemma,
  title={Gemma 2: Improving open language models at a practical size},
  author={Team, Gemma and Riviere, Morgane and Pathak, Shreya and Sessa, Pier Giuseppe and Hardin, Cassidy and Bhupatiraju, Surya and Hussenot, L{\'e}onard and Mesnard, Thomas and Shahriari, Bobak and Ram{\'e}, Alexandre and others},
  journal={arXiv preprint arXiv:2408.00118},
  year={2024}
}
@article{cobbe2021training,
  title={Training verifiers to solve math word problems},
  author={Cobbe, Karl and Kosaraju, Vineet and Bavarian, Mohammad and Chen, Mark and Jun, Heewoo and Kaiser, Lukasz and Plappert, Matthias and Tworek, Jerry and Hilton, Jacob and Nakano, Reiichiro and others},
  journal={arXiv preprint arXiv:2110.14168},
  year={2021}
}
@article{cui2024sinkhorn,
  title={Sinkhorn Distance Minimization for Knowledge Distillation},
  author={Cui, Xiao and Qin, Yulei and Gao, Yuting and Zhang, Enwei and Xu, Zihan and Wu, Tong and Li, Ke and Sun, Xing and Zhou, Wengang and Li, Houqiang},
  journal={arXiv preprint arXiv:2402.17110},
  year={2024}
}
@article{cui2024multi,
  title={Multi-Level Optimal Transport for Universal Cross-Tokenizer Knowledge Distillation on Language Models},
  author={Cui, Xiao and Zhu, Mo and Qin, Yulei and Xie, Liang and Zhou, Wengang and Li, Houqiang},
  journal={arXiv preprint arXiv:2412.14528},
  year={2024}
}
@inproceedings{zan2024codem,
  title={CodeM: Less Data Yields More Versatility via Ability Matrix},
  author={Zan, Daoguang and Yu, Ailun and Liu, Wei and Shen, Bo and Lin, Shaoxin and Gong, Yongshun and Yao, Yafen and Liu, Yan and Guan, Bei and Luo, Weihua and others},
  booktitle={Findings of the Association for Computational Linguistics ACL 2024},
  pages={714--729},
  year={2024}
}
@article{chen2021evaluating,
  title={Evaluating large language models trained on code},
  author={Chen, Mark and Tworek, Jerry and Jun, Heewoo and Yuan, Qiming and Pinto, Henrique Ponde De Oliveira and Kaplan, Jared and Edwards, Harri and Burda, Yuri and Joseph, Nicholas and Brockman, Greg and others},
  journal={arXiv preprint arXiv:2107.03374},
  year={2021}
}
@inproceedings{lin2004rouge,
  title={Rouge: A package for automatic evaluation of summaries},
  author={Lin, Chin-Yew},
  booktitle={Text summarization branches out},
  pages={74--81},
  year={2004}
}
@article{austin2021program,
  title={Program synthesis with large language models},
  author={Austin, Jacob and Odena, Augustus and Nye, Maxwell and Bosma, Maarten and Michalewski, Henryk and Dohan, David and Jiang, Ellen and Cai, Carrie and Terry, Michael and Le, Quoc and others},
  journal={arXiv preprint arXiv:2108.07732},
  year={2021}
}
@inproceedings{wen2023f,
  title={f-Divergence Minimization for Sequence-Level Knowledge Distillation},
  author={Wen, Yuqiao and Li, Zichao and Du, Wenyu and Mou, Lili},
  booktitle={Proceedings of the 61st Annual Meeting of the Association for Computational Linguistics (Volume 1: Long Papers)},
  pages={10817--10834},
  year={2023}
}
@inproceedings{wang2023self,
  title={Self-Instruct: Aligning Language Models with Self-Generated Instructions},
  author={Wang, Yizhong and Kordi, Yeganeh and Mishra, Swaroop and Liu, Alisa and Smith, Noah A and Khashabi, Daniel and Hajishirzi, Hannaneh},
  booktitle={Proceedings of the 61st Annual Meeting of the Association for Computational Linguistics (Volume 1: Long Papers)},
  pages={13484--13508},
  year={2023}
}
@article{chiang2023vicuna,
  title={Vicuna: An open-source chatbot impressing gpt-4 with 90\%* chatgpt quality},
  author={Chiang, Wei-Lin and Li, Zhuohan and Lin, Zi and Sheng, Ying and Wu, Zhanghao and Zhang, Hao and Zheng, Lianmin and Zhuang, Siyuan and Zhuang, Yonghao and Gonzalez, Joseph E and others},
  journal={See https://vicuna. lmsys. org (accessed 14 April 2023)},
  volume={2},
  number={3},
  pages={6},
  year={2023}
}
@article{wang2022benchmarking,
  title={Benchmarking generalization via in-context instructions on 1,600+ language tasks},
  author={Wang, Yizhong and Mishra, Swaroop and Alipoormolabashi, Pegah and Kordi, Yeganeh and Mirzaei, Amirreza and Arunkumar, Anjana and Ashok, Arjun and Dhanasekaran, Arut Selvan and Naik, Atharva and Stap, David and others},
  journal={arXiv preprint arXiv:2204.07705},
  volume={2},
  year={2022}
}
@article{honovich2022unnatural,
  title={Unnatural instructions: Tuning language models with (almost) no human labor},
  author={Honovich, Or and Scialom, Thomas and Levy, Omer and Schick, Timo},
  journal={arXiv preprint arXiv:2212.09689},
  year={2022}
}
@article{liu2024your,
  title={Is your code generated by chatgpt really correct? rigorous evaluation of large language models for code generation},
  author={Liu, Jiawei and Xia, Chunqiu Steven and Wang, Yuyao and Zhang, Lingming},
  journal={Advances in Neural Information Processing Systems},
  volume={36},
  year={2024}
}
@article{guo2025deepseek,
  title={DeepSeek-R1: Incentivizing Reasoning Capability in LLMs via Reinforcement Learning},
  author={Guo, Daya and Yang, Dejian and Zhang, Haowei and Song, Junxiao and Zhang, Ruoyu and Xu, Runxin and Zhu, Qihao and Ma, Shirong and Wang, Peiyi and Bi, Xiao and others},
  journal={arXiv preprint arXiv:2501.12948},
  year={2025}
}
@inproceedings{kim2016sequence,
  title={Sequence-Level Knowledge Distillation},
  author={Kim, Yoon and Rush, Alexander M},
  booktitle={Proceedings of the 2016 Conference on Empirical Methods in Natural Language Processing},
  pages={1317--1327},
  year={2016}
}
@inproceedings{wu2024cross,
  title={Cross-model Control: Improving Multiple Large Language Models in One-time Training},
  year={2024},
  author={Wu, Jiayi and Sun, Hao and Cai, Hengyi and Su, Lixin and Wang, Shuaiqiang and Yin, Dawei and Li, Xiang and Gao, Ming},
  booktitle={The Thirty-eighth Annual Conference on Neural Information Processing Systems}
}