@inproceedings{chen2021channel,
  title={Channel-wise topology refinement graph convolution for skeleton-based action recognition},
  author={Chen, Yuxin and Zhang, Ziqi and Yuan, Chunfeng and Li, Bing and Deng, Ying and Hu, Weiming},
  booktitle={Proceedings of the IEEE/CVF international conference on computer vision},
  pages={13359--13368},
  year={2021}
}

@article{chen2022hmanet,
  title={Hmanet: Hyperbolic manifold aware network for skeleton-based action recognition},
  author={Chen, Jinghong and Zhao, Chong and Wang, Qicong and Meng, Hongying},
  journal={IEEE Transactions on Cognitive and Developmental Systems},
  volume={15},
  number={2},
  pages={602--614},
  year={2022},
  publisher={IEEE}
}

@article{chen2024hyperbolic,
  title={Hyperbolic Pre-Trained Language Model},
  author={Chen, Weize and Han, Xu and Lin, Yankai and He, Kaichen and Xie, Ruobing and Zhou, Jie and Liu, Zhiyuan and Sun, Maosong},
  journal={IEEE/ACM Transactions on Audio, Speech, and Language Processing},
  year={2024},
  publisher={IEEE}
}

@inproceedings{cheng2020skeleton,
  title={Skeleton-based action recognition with shift graph convolutional network},
  author={Cheng, Ke and Zhang, Yifan and He, Xiangyu and Chen, Weihan and Cheng, Jian and Lu, Hanqing},
  booktitle={Proceedings of the IEEE/CVF conference on computer vision and pattern recognition},
  pages={183--192},
  year={2020}
}

@inproceedings{du2015skeleton,
  title={Skeleton based action recognition with convolutional neural network},
  author={Du, Yong and Fu, Yun and Wang, Liang},
  booktitle={2015 3rd IAPR Asian conference on pattern recognition (ACPR)},
  pages={579--583},
  year={2015},
  organization={IEEE}
}

@inproceedings{ermolov2022hyperbolic,
  title={Hyperbolic vision transformers: Combining improvements in metric learning},
  author={Ermolov, Aleksandr and Mirvakhabova, Leyla and Khrulkov, Valentin and Sebe, Nicu and Oseledets, Ivan},
  booktitle={Proceedings of the IEEE/CVF Conference on Computer Vision and Pattern Recognition},
  pages={7409--7419},
  year={2022}
}

@article{huang2023hyperbolic,
  title={Hyperbolic music transformer for structured music generation},
  author={Huang, Wenkai and Yu, Yujia and Xu, Haizhou and Su, Zhiwen and Wu, Yu},
  journal={IEEE Access},
  volume={11},
  pages={26893--26905},
  year={2023},
  publisher={IEEE}
}

@inproceedings{li2017adaptive,
  title={Adaptive RNN tree for large-scale human action recognition},
  author={Li, Wenbo and Wen, Longyin and Chang, Ming-Ching and Nam Lim, Ser and Lyu, Siwei},
  booktitle={Proceedings of the IEEE international conference on computer vision},
  pages={1444--1452},
  year={2017}
}

@article{li2017joint,
  title={Joint distance maps based action recognition with convolutional neural networks},
  author={Li, Chuankun and Hou, Yonghong and Wang, Pichao and Li, Wanqing},
  journal={IEEE Signal Processing Letters},
  volume={24},
  number={5},
  pages={624--628},
  year={2017},
  publisher={IEEE}
}

@inproceedings{li2017skeleton,
  title={Skeleton-based action recognition using LSTM and CNN},
  author={Li, Chuankun and Wang, Pichao and Wang, Shuang and Hou, Yonghong and Li, Wanqing},
  booktitle={2017 IEEE International conference on multimedia \& expo workshops (ICMEW)},
  pages={585--590},
  year={2017},
  organization={IEEE}
}

@inproceedings{qu2024llms,
  title={Llms are good action recognizers},
  author={Qu, Haoxuan and Cai, Yujun and Liu, Jun},
  booktitle={Proceedings of the IEEE/CVF Conference on Computer Vision and Pattern Recognition},
  pages={18395--18406},
  year={2024}
}

@article{wang2018action,
  title={Action recognition based on joint trajectory maps with convolutional neural networks},
  author={Wang, Pichao and Li, Wanqing and Li, Chuankun and Hou, Yonghong},
  journal={Knowledge-Based Systems},
  volume={158},
  pages={43--53},
  year={2018},
  publisher={Elsevier}
}

@inproceedings{yan2018spatial,
  title={Spatial temporal graph convolutional networks for skeleton-based action recognition},
  author={Yan, Sijie and Xiong, Yuanjun and Lin, Dahua},
  booktitle={Proceedings of the AAAI conference on artificial intelligence},
  volume={32},
  number={1},
  year={2018}
}

@inproceedings{yang2024hypformer,
  title={Hypformer: Exploring efficient transformer fully in hyperbolic space},
  author={Yang, Menglin and Verma, Harshit and Zhang, Delvin Ce and Liu, Jiahong and King, Irwin and Ying, Rex},
  booktitle={Proceedings of the 30th ACM SIGKDD Conference on Knowledge Discovery and Data Mining},
  pages={3770--3781},
  year={2024}
}

@inproceedings{zhou2024blockgcn,
  title={BlockGCN: Redefine Topology Awareness for Skeleton-Based Action Recognition},
  author={Zhou, Yuxuan and Yan, Xudong and Cheng, Zhi-Qi and Yan, Yan and Dai, Qi and Hua, Xian-Sheng},
  booktitle={Proceedings of the IEEE/CVF Conference on Computer Vision and Pattern Recognition},
  pages={2049--2058},
  year={2024}
}

