@article{ren2024survey,
  title={A survey on 3d skeleton-based action recognition using learning method},
  author={Ren, Bin and Liu, Mengyuan and Ding, Runwei and Liu, Hong},
  journal={Cyborg and Bionic Systems},
  volume={5},
  pages={0100},
  year={2024},
  publisher={AAAS}
}
@inproceedings{du2015skeleton,
  title={Skeleton based action recognition with convolutional neural network},
  author={Du, Yong and Fu, Yun and Wang, Liang},
  booktitle={2015 3rd IAPR Asian conference on pattern recognition (ACPR)},
  pages={579--583},
  year={2015},
  organization={IEEE}
}
@inproceedings{yan2018spatial,
  title={Spatial temporal graph convolutional networks for skeleton-based action recognition},
  author={Yan, Sijie and Xiong, Yuanjun and Lin, Dahua},
  booktitle={Proceedings of the AAAI conference on artificial intelligence},
  volume={32},
  number={1},
  year={2018}
}
@inproceedings{li2017adaptive,
  title={Adaptive RNN tree for large-scale human action recognition},
  author={Li, Wenbo and Wen, Longyin and Chang, Ming-Ching and Nam Lim, Ser and Lyu, Siwei},
  booktitle={Proceedings of the IEEE international conference on computer vision},
  pages={1444--1452},
  year={2017}
}
@article{wang2018action,
  title={Action recognition based on joint trajectory maps with convolutional neural networks},
  author={Wang, Pichao and Li, Wanqing and Li, Chuankun and Hou, Yonghong},
  journal={Knowledge-Based Systems},
  volume={158},
  pages={43--53},
  year={2018},
  publisher={Elsevier}
}
@article{li2017joint,
  title={Joint distance maps based action recognition with convolutional neural networks},
  author={Li, Chuankun and Hou, Yonghong and Wang, Pichao and Li, Wanqing},
  journal={IEEE Signal Processing Letters},
  volume={24},
  number={5},
  pages={624--628},
  year={2017},
  publisher={IEEE}
}
@inproceedings{li2017skeleton,
  title={Skeleton-based action recognition using LSTM and CNN},
  author={Li, Chuankun and Wang, Pichao and Wang, Shuang and Hou, Yonghong and Li, Wanqing},
  booktitle={2017 IEEE International conference on multimedia \& expo workshops (ICMEW)},
  pages={585--590},
  year={2017},
  organization={IEEE}
}
@inproceedings{chen2021channel,
  title={Channel-wise topology refinement graph convolution for skeleton-based action recognition},
  author={Chen, Yuxin and Zhang, Ziqi and Yuan, Chunfeng and Li, Bing and Deng, Ying and Hu, Weiming},
  booktitle={Proceedings of the IEEE/CVF international conference on computer vision},
  pages={13359--13368},
  year={2021}
}
@inproceedings{cheng2020skeleton,
  title={Skeleton-based action recognition with shift graph convolutional network},
  author={Cheng, Ke and Zhang, Yifan and He, Xiangyu and Chen, Weihan and Cheng, Jian and Lu, Hanqing},
  booktitle={Proceedings of the IEEE/CVF conference on computer vision and pattern recognition},
  pages={183--192},
  year={2020}
}
@inproceedings{zhou2024blockgcn,
  title={BlockGCN: Redefine Topology Awareness for Skeleton-Based Action Recognition},
  author={Zhou, Yuxuan and Yan, Xudong and Cheng, Zhi-Qi and Yan, Yan and Dai, Qi and Hua, Xian-Sheng},
  booktitle={Proceedings of the IEEE/CVF Conference on Computer Vision and Pattern Recognition},
  pages={2049--2058},
  year={2024}
}
@article{vaswani2017attention,
  title={Attention is all you need},
  author={Vaswani, A},
  journal={Advances in Neural Information Processing Systems},
  year={2017}
}
@article{plizzari2021skeleton,
  title={Skeleton-based action recognition via spatial and temporal transformer networks},
  author={Plizzari, Chiara and Cannici, Marco and Matteucci, Matteo},
  journal={Computer Vision and Image Understanding},
  volume={208},
  pages={103219},
  year={2021},
  publisher={Elsevier}
}
@inproceedings{zhang2021stst,
  title={STST: Spatial-temporal specialized transformer for skeleton-based action recognition},
  author={Zhang, Yuhan and Wu, Bo and Li, Wen and Duan, Lixin and Gan, Chuang},
  booktitle={Proceedings of the 29th ACM International Conference on Multimedia},
  pages={3229--3237},
  year={2021}
}
@article{qiu2022spatio,
  title={Spatio-temporal tuples transformer for skeleton-based action recognition},
  author={Qiu, Helei and Hou, Biao and Ren, Bo and Zhang, Xiaohua},
  journal={arXiv preprint arXiv:2201.02849},
  year={2022}
}
@inproceedings{bai2022hierarchical,
  title={Hierarchical graph convolutional skeleton transformer for action recognition},
  author={Bai, Ruwen and Li, Min and Meng, Bo and Li, Fengfa and Jiang, Miao and Ren, Junxing and Sun, Degang},
  booktitle={2022 IEEE International Conference on Multimedia and Expo (ICME)},
  pages={01--06},
  year={2022},
  organization={IEEE}
}
@inproceedings{ahn2023star,
  title={Star-transformer: a spatio-temporal cross attention transformer for human action recognition},
  author={Ahn, Dasom and Kim, Sangwon and Hong, Hyunsu and Ko, Byoung Chul},
  booktitle={Proceedings of the IEEE/CVF winter conference on applications of computer vision},
  pages={3330--3339},
  year={2023}
}
@article{liu2023transkeleton,
  title={TranSkeleton: Hierarchical spatial--temporal transformer for skeleton-based action recognition},
  author={Liu, Haowei and Liu, Yongcheng and Chen, Yuxin and Yuan, Chunfeng and Li, Bing and Hu, Weiming},
  journal={IEEE Transactions on Circuits and Systems for Video Technology},
  volume={33},
  number={8},
  pages={4137--4148},
  year={2023},
  publisher={IEEE}
}
@article{peng2024eagle,
  title={Eagle and finch: Rwkv with matrix-valued states and dynamic recurrence},
  author={Peng, Bo and Goldstein, Daniel and Anthony, Quentin and Albalak, Alon and Alcaide, Eric and Biderman, Stella and Cheah, Eugene and Du, Xingjian and Ferdinan, Teddy and Hou, Haowen and others},
  journal={arXiv preprint arXiv:2404.05892},
  year={2024}
}
@article{gu2023mamba,
  title={Mamba: Linear-time sequence modeling with selective state spaces},
  author={Gu, Albert and Dao, Tri},
  journal={arXiv preprint arXiv:2312.00752},
  year={2023}
}
@article{dosovitskiy2020image,
  title={An image is worth 16x16 words: Transformers for image recognition at scale},
  author={Dosovitskiy, Alexey},
  journal={arXiv preprint arXiv:2010.11929},
  year={2020}
}
@inproceedings{ermolov2022hyperbolic,
  title={Hyperbolic vision transformers: Combining improvements in metric learning},
  author={Ermolov, Aleksandr and Mirvakhabova, Leyla and Khrulkov, Valentin and Sebe, Nicu and Oseledets, Ivan},
  booktitle={Proceedings of the IEEE/CVF Conference on Computer Vision and Pattern Recognition},
  pages={7409--7419},
  year={2022}
}
@article{chen2022hmanet,
  title={Hmanet: Hyperbolic manifold aware network for skeleton-based action recognition},
  author={Chen, Jinghong and Zhao, Chong and Wang, Qicong and Meng, Hongying},
  journal={IEEE Transactions on Cognitive and Developmental Systems},
  volume={15},
  number={2},
  pages={602--614},
  year={2022},
  publisher={IEEE}
}
@inproceedings{qu2024llms,
  title={Llms are good action recognizers},
  author={Qu, Haoxuan and Cai, Yujun and Liu, Jun},
  booktitle={Proceedings of the IEEE/CVF Conference on Computer Vision and Pattern Recognition},
  pages={18395--18406},
  year={2024}
}
@inproceedings{han2023flatten,
  title={Flatten transformer: Vision transformer using focused linear attention},
  author={Han, Dongchen and Pan, Xuran and Han, Yizeng and Song, Shiji and Huang, Gao},
  booktitle={Proceedings of the IEEE/CVF international conference on computer vision},
  pages={5961--5971},
  year={2023}
}
@inproceedings{zhang2021hype,
  title={Hype-han: Hyperbolic hierarchical attention network for semantic embedding},
  author={Zhang, Chengkun and Gao, Junbin},
  booktitle={Proceedings of the Twenty-Ninth International Conference on International Joint Conferences on Artificial Intelligence},
  pages={3990--3996},
  year={2021}
}
@inproceedings{do2025skateformer,
  title={Skateformer: skeletal-temporal transformer for human action recognition},
  author={Do, Jeonghyeok and Kim, Munchurl},
  booktitle={European Conference on Computer Vision},
  pages={401--420},
  year={2025},
  organization={Springer}
}
@article{loshchilov2017decoupled,
  title={Decoupled weight decay regularization},
  author={Loshchilov, I},
  journal={arXiv preprint arXiv:1711.05101},
  year={2017}
}
@article{muller2019does,
  title={When does label smoothing help?},
  author={M{\"u}ller, Rafael and Kornblith, Simon and Hinton, Geoffrey E},
  journal={Advances in neural information processing systems},
  volume={32},
  year={2019}
}
@inproceedings{szegedy2016rethinking,
  title={Rethinking the inception architecture for computer vision},
  author={Szegedy, Christian and Vanhoucke, Vincent and Ioffe, Sergey and Shlens, Jon and Wojna, Zbigniew},
  booktitle={Proceedings of the IEEE conference on computer vision and pattern recognition},
  pages={2818--2826},
  year={2016}
}
@article{loshchilov2016sgdr,
  title={Sgdr: Stochastic gradient descent with warm restarts},
  author={Loshchilov, Ilya and Hutter, Frank},
  journal={arXiv preprint arXiv:1608.03983},
  year={2016}
}
@article{huang2023hyperbolic,
  title={Hyperbolic music transformer for structured music generation},
  author={Huang, Wenkai and Yu, Yujia and Xu, Haizhou and Su, Zhiwen and Wu, Yu},
  journal={IEEE Access},
  volume={11},
  pages={26893--26905},
  year={2023},
  publisher={IEEE}
}
@article{chen2024hyperbolic,
  title={Hyperbolic Pre-Trained Language Model},
  author={Chen, Weize and Han, Xu and Lin, Yankai and He, Kaichen and Xie, Ruobing and Zhou, Jie and Liu, Zhiyuan and Sun, Maosong},
  journal={IEEE/ACM Transactions on Audio, Speech, and Language Processing},
  year={2024},
  publisher={IEEE}
}
@article{ganea2018hyperbolic,
  title={Hyperbolic neural networks},
  author={Ganea, Octavian and B{\'e}cigneul, Gary and Hofmann, Thomas},
  journal={Advances in neural information processing systems},
  volume={31},
  year={2018}
}
@article{tsai2019transformer,
  title={Transformer dissection: a unified understanding of transformer's attention via the lens of kernel},
  author={Tsai, Yao-Hung Hubert and Bai, Shaojie and Yamada, Makoto and Morency, Louis-Philippe and Salakhutdinov, Ruslan},
  journal={arXiv preprint arXiv:1908.11775},
  year={2019}
}
@inproceedings{du2015hierarchical,
  title={Hierarchical recurrent neural network for skeleton based action recognition},
  author={Du, Yong and Wang, Wei and Wang, Liang},
  booktitle={Proceedings of the IEEE conference on computer vision and pattern recognition},
  pages={1110--1118},
  year={2015}
}
@inproceedings{zhao2021point,
  title={Point transformer},
  author={Zhao, Hengshuang and Jiang, Li and Jia, Jiaya and Torr, Philip HS and Koltun, Vladlen},
  booktitle={Proceedings of the IEEE/CVF international conference on computer vision},
  pages={16259--16268},
  year={2021}
}
@inproceedings{parmar2018image,
  title={Image transformer},
  author={Parmar, Niki and Vaswani, Ashish and Uszkoreit, Jakob and Kaiser, Lukasz and Shazeer, Noam and Ku, Alexander and Tran, Dustin},
  booktitle={International conference on machine learning},
  pages={4055--4064},
  year={2018},
  organization={PMLR}
}
@inproceedings{yang2024hypformer,
  title={Hypformer: Exploring efficient transformer fully in hyperbolic space},
  author={Yang, Menglin and Verma, Harshit and Zhang, Delvin Ce and Liu, Jiahong and King, Irwin and Ying, Rex},
  booktitle={Proceedings of the 30th ACM SIGKDD Conference on Knowledge Discovery and Data Mining},
  pages={3770--3781},
  year={2024}
}
@inproceedings{plizzari2021spatial,
  title={Spatial temporal transformer network for skeleton-based action recognition},
  author={Plizzari, Chiara and Cannici, Marco and Matteucci, Matteo},
  booktitle={Pattern recognition. ICPR international workshops and challenges: virtual event, January 10--15, 2021, Proceedings, Part III},
  pages={694--701},
  year={2021},
  organization={Springer}
}
@article{zhang2022zoom,
  title={Zoom transformer for skeleton-based group activity recognition},
  author={Zhang, Jiaxu and Jia, Yifan and Xie, Wei and Tu, Zhigang},
  journal={IEEE Transactions on Circuits and Systems for Video Technology},
  volume={32},
  number={12},
  pages={8646--8659},
  year={2022},
  publisher={IEEE}
}
@inproceedings{ding2023hyperformer,
  title={HyperFormer: Learning Expressive Sparse Feature Representations via Hypergraph Transformer},
  author={Ding, Kaize and Liang, Albert Jiongqian and Perozzi, Bryan and Chen, Ting and Wang, Ruoxi and Hong, Lichan and Chi, Ed H and Liu, Huan and Cheng, Derek Zhiyuan},
  booktitle={Proceedings of the 46th International ACM SIGIR Conference on Research and Development in Information Retrieval},
  pages={2062--2066},
  year={2023}
}
@inproceedings{wu2024frequency,
  title={Frequency Guidance Matters: Skeletal Action Recognition by Frequency-Aware Mixed Transformer},
  author={Wu, Wenhan and Zheng, Ce and Yang, Zihao and Chen, Chen and Das, Srijan and Lu, Aidong},
  booktitle={Proceedings of the 32nd ACM International Conference on Multimedia},
  pages={4660--4669},
  year={2024}
}
@article{balazevic2019multi,
  title={Multi-relational poincar{\'e} graph embeddings},
  author={Balazevic, Ivana and Allen, Carl and Hospedales, Timothy},
  journal={Advances in Neural Information Processing Systems},
  volume={32},
  year={2019}
}