@inproceedings{DBLP:conf/emnlp/FarinhasSM23,
  author       = {Ant{\'{o}}nio Farinhas and
                  Jos{\'{e}} Guilherme Camargo de Souza and
                  Andr{\'{e}} F. T. Martins},
  editor       = {Houda Bouamor and
                  Juan Pino and
                  Kalika Bali},
  title        = {An Empirical Study of Translation Hypothesis Ensembling with Large
                  Language Models},
  booktitle    = {Proceedings of the 2023 Conference on Empirical Methods in Natural
                  Language Processing, {EMNLP} 2023, Singapore, December 6-10, 2023},
  pages        = {11956--11970},
  publisher    = {Association for Computational Linguistics},
  year         = {2023},
  url          = {https://doi.org/10.18653/v1/2023.emnlp-main.733},
  doi          = {10.18653/V1/2023.EMNLP-MAIN.733},
  timestamp    = {Fri, 12 Apr 2024 13:11:44 +0200},
  biburl       = {https://dblp.org/rec/conf/emnlp/FarinhasSM23.bib},
  bibsource    = {dblp computer science bibliography, https://dblp.org}
}

@inproceedings{DBLP:conf/emnlp/WangLJZY0T23,
  author       = {Longyue Wang and
                  Chenyang Lyu and
                  Tianbo Ji and
                  Zhirui Zhang and
                  Dian Yu and
                  Shuming Shi and
                  Zhaopeng Tu},
  editor       = {Houda Bouamor and
                  Juan Pino and
                  Kalika Bali},
  title        = {Document-Level Machine Translation with Large Language Models},
  booktitle    = {Proceedings of the 2023 Conference on Empirical Methods in Natural
                  Language Processing, {EMNLP} 2023, Singapore, December 6-10, 2023},
  pages        = {16646--16661},
  publisher    = {Association for Computational Linguistics},
  year         = {2023},
  url          = {https://doi.org/10.18653/v1/2023.emnlp-main.1036},
  doi          = {10.18653/V1/2023.EMNLP-MAIN.1036},
  timestamp    = {Fri, 12 Apr 2024 13:11:46 +0200},
  biburl       = {https://dblp.org/rec/conf/emnlp/WangLJZY0T23.bib},
  bibsource    = {dblp computer science bibliography, https://dblp.org}
}

@inproceedings{DBLP:conf/wmt/IyerCB23,
  author       = {Vivek Iyer and
                  Pinzhen Chen and
                  Alexandra Birch},
  editor       = {Philipp Koehn and
                  Barry Haddon and
                  Tom Kocmi and
                  Christof Monz},
  title        = {Towards Effective Disambiguation for Machine Translation with Large
                  Language Models},
  booktitle    = {Proceedings of the Eighth Conference on Machine Translation, {WMT}
                  2023, Singapore, December 6-7, 2023},
  pages        = {482--495},
  publisher    = {Association for Computational Linguistics},
  year         = {2023},
  url          = {https://doi.org/10.18653/v1/2023.wmt-1.44},
  doi          = {10.18653/V1/2023.WMT-1.44},
  timestamp    = {Fri, 12 Apr 2024 13:12:00 +0200},
  biburl       = {https://dblp.org/rec/conf/wmt/IyerCB23.bib},
  bibsource    = {dblp computer science bibliography, https://dblp.org}
}

@inproceedings{DBLP:conf/wmt/KarpinskaI23,
  author       = {Marzena Karpinska and
                  Mohit Iyyer},
  editor       = {Philipp Koehn and
                  Barry Haddon and
                  Tom Kocmi and
                  Christof Monz},
  title        = {Large Language Models Effectively Leverage Document-level Context
                  for Literary Translation, but Critical Errors Persist},
  booktitle    = {Proceedings of the Eighth Conference on Machine Translation, {WMT}
                  2023, Singapore, December 6-7, 2023},
  pages        = {419--451},
  publisher    = {Association for Computational Linguistics},
  year         = {2023},
  url          = {https://doi.org/10.18653/v1/2023.wmt-1.41},
  doi          = {10.18653/V1/2023.WMT-1.41},
  timestamp    = {Fri, 12 Apr 2024 13:12:00 +0200},
  biburl       = {https://dblp.org/rec/conf/wmt/KarpinskaI23.bib},
  bibsource    = {dblp computer science bibliography, https://dblp.org}
}

@inproceedings{DBLP:conf/wmt/MoslemRMKHW23,
  author       = {Yasmin Moslem and
                  Gianfranco Romani and
                  Mahdi Molaei and
                  John D. Kelleher and
                  Rejwanul Haque and
                  Andy Way},
  editor       = {Philipp Koehn and
                  Barry Haddon and
                  Tom Kocmi and
                  Christof Monz},
  title        = {Domain Terminology Integration into Machine Translation: Leveraging
                  Large Language Models},
  booktitle    = {Proceedings of the Eighth Conference on Machine Translation, {WMT}
                  2023, Singapore, December 6-7, 2023},
  pages        = {902--911},
  publisher    = {Association for Computational Linguistics},
  year         = {2023},
  url          = {https://doi.org/10.18653/v1/2023.wmt-1.82},
  doi          = {10.18653/V1/2023.WMT-1.82},
  timestamp    = {Fri, 12 Apr 2024 13:12:01 +0200},
  biburl       = {https://dblp.org/rec/conf/wmt/MoslemRMKHW23.bib},
  bibsource    = {dblp computer science bibliography, https://dblp.org}
}

@article{DBLP:journals/corr/abs-2305-14328,
  author       = {Binwei Yao and
                  Ming Jiang and
                  Diyi Yang and
                  Junjie Hu},
  title        = {Empowering LLM-based Machine Translation with Cultural Awareness},
  volume       = {abs/2305.14328},
  year         = {2023},
  doi          = {10.48550/ARXIV.2305.14328},
  eprinttype    = {arXiv},
  eprint       = {2305.14328},
  timestamp    = {Mon, 05 Jun 2023 15:42:15 +0200},
}

@article{DBLP:journals/corr/abs-2311-02851,
  author       = {Jiali Zeng and
                  Fandong Meng and
                  Yongjing Yin and
                  Jie Zhou},
  title        = {Improving Machine Translation with Large Language Models: {A} Preliminary
                  Study with Cooperative Decoding},
  journal      = {CoRR},
  volume       = {abs/2311.02851},
  year         = {2023},
  url          = {https://doi.org/10.48550/arXiv.2311.02851},
  doi          = {10.48550/ARXIV.2311.02851},
  eprinttype    = {arXiv},
  eprint       = {2311.02851},
  timestamp    = {Wed, 08 Nov 2023 15:46:55 +0100},
  biburl       = {https://dblp.org/rec/journals/corr/abs-2311-02851.bib},
  bibsource    = {dblp computer science bibliography, https://dblp.org}
}

@article{garcia2022using,
  title={Using natural language prompts for machine translation},
  author={Garcia, Xavier and Firat, Orhan},
  journal={arXiv preprint arXiv:2202.11822},
  year={2022}
}

@article{hendy2023good,
  title={How good are gpt models at machine translation? a comprehensive evaluation},
  author={Hendy, Amr and Abdelrehim, Mohamed and Sharaf, Amr and Raunak, Vikas and Gabr, Mohamed and Matsushita, Hitokazu and Kim, Young Jin and Afify, Mohamed and Awadalla, Hany Hassan},
  journal={arXiv preprint arXiv:2302.09210},
  year={2023}
}

@article{huang2024aligning,
  title={Aligning Translation-Specific Understanding to General Understanding in Large Language Models},
  author={Huang, Yichong and Feng, Xiaocheng and Li, Baohang and Fu, Chengpeng and Huo, Wenshuai and Liu, Ting and Qin, Bing},
  journal={arXiv preprint arXiv:2401.05072},
  year={2024}
}

@article{jiao2023chatgpt,
  title={Is ChatGPT a good translator? A preliminary study},
  author={Jiao, Wenxiang and Wang, Wenxuan and Huang, Jen-tse and Wang, Xing and Tu, Zhaopeng},
  journal={arXiv preprint arXiv:2301.08745},
  volume={1},
  number={10},
  year={2023}
}

@article{le2023bloom,
  title={Bloom: A 176b-parameter open-access multilingual language model},
  author={Le Scao, Teven and Fan, Angela and Akiki, Christopher and Pavlick, Ellie and Ili{\'c}, Suzana and Hesslow, Daniel and Castagn{\'e}, Roman and Luccioni, Alexandra Sasha and Yvon, Fran{\c{c}}ois and Gall{\'e}, Matthias and others},
  year={2023}
}

@article{liang2023encouraging,
  title={Encouraging Divergent Thinking in Large Language Models through Multi-Agent Debate},
  author={Liang, Tian and He, Zhiwei and Jiao, Wenxiang and Wang, Xing and Wang, Yan and Wang, Rui and Yang, Yujiu and Tu, Zhaopeng and Shi, Shuming},
  journal={arXiv preprint arXiv:2305.19118},
  year={2023}
}

@misc{openai2024reasoning,
  author = {OpenAI},
  title = {Learning to Reason with LLMs},
  year = {2024},
  howpublished = {\url{https://openai.com/index/learning-to-reason-with-llms}}
}

@article{ouyang2022training,
  title={Training language models to follow instructions with human feedback},
  author={Ouyang, Long and Wu, Jeffrey and Jiang, Xu and Almeida, Diogo and Wainwright, Carroll and Mishkin, Pamela and Zhang, Chong and Agarwal, Sandhini and Slama, Katarina and Ray, Alex and others},
  journal={Advances in Neural Information Processing Systems},
  volume={35},
  pages={27730--27744},
  year={2022}
}

@misc{qwen2024qwq,
  author = {Qwen},
  title = {Qwq: Reflect deeply on the boundaries of the unknown},
  year = {2024},
  month = {November},
  howpublished = {\url{https://qwenlm.github.io/blog/qwq-32b-preview/}}
}

@article{shin2022effect,
  title={On the effect of pretraining corpora on in-context learning by a large-scale language model},
  author={Shin, Seongjin and Lee, Sang-Woo and Ahn, Hwijeen and Kim, Sungdong and Kim, HyoungSeok and Kim, Boseop and Cho, Kyunghyun and Lee, Gichang and Park, Woomyoung and Ha, Jung-Woo and others},
  journal={arXiv preprint arXiv:2204.13509},
  year={2022}
}

