1
@article{xiao2010comprehensive,
  title={A comprehensive review of the development of adaptive cruise control systems},
  author={Xiao, Lingyun and Gao, Feng},
  journal={Vehicle system dynamics},
  volume={48},
  number={10},
  pages={1167--1192},
  year={2010},
  publisher={Taylor \& Francis}
}

2
@article{tan2020automatic,
  title={Automatic emergency braking (AEB) system impact on fatality and injury reduction in China},
  author={Tan, Hong and Zhao, Fuquan and Hao, Han and Liu, Zongwei and Amer, Amer Ahmad and Babiker, Hassan},
  journal={International journal of environmental research and public health},
  volume={17},
  number={3},
  pages={917},
  year={2020},
  publisher={MDPI}
}

4
@article{li2021crash,
  title={Crash report data analysis for creating scenario-wise, spatio-temporal attention guidance to support computer vision-based perception of fatal crash risks},
  author={Li, Yu and Karim, Muhammad Monjurul and Qin, Ruwen and Sun, Zeyi and Wang, Zuhui and Yin, Zhaozheng},
  journal={Accident Analysis \& Prevention},
  volume={151},
  pages={105962},
  year={2021},
  publisher={Elsevier}
}

5
@techreport{singh2015critical,
  title={Critical reasons for crashes investigated in the national motor vehicle crash causation survey},
  author={Singh, Santokh},
  year={2015}
}

6
@article{karim2022dynamic,
  title={A dynamic spatial-temporal attention network for early anticipation of traffic accidents},
  author={Karim, Muhammad Monjurul and Li, Yu and Qin, Ruwen and Yin, Zhaozheng},
  journal={IEEE Transactions on Intelligent Transportation Systems},
  volume={23},
  number={7},
  pages={9590--9600},
  year={2022},
  publisher={IEEE}
}

7
@inproceedings{suzuki2018anticipating,
  title={Anticipating traffic accidents with adaptive loss and large-scale incident db},
  author={Suzuki, Tomoyuki and Kataoka, Hirokatsu and Aoki, Yoshimitsu and Satoh, Yutaka},
  booktitle={Proceedings of the IEEE conference on computer vision and pattern recognition},
  pages={3521--3529},
  year={2018}
}

8
@inproceedings{fatima2021global,
  title={Global feature aggregation for accident anticipation},
  author={Fatima, Mishal and Khan, Muhammad Umar Karim and Kyung, Chong-Min},
  booktitle={2020 25th International Conference on Pattern Recognition (ICPR)},
  pages={2809--2816},
  year={2021},
  organization={IEEE}
}

9
@article{malawade2022spatiotemporal,
  title={Spatiotemporal scene-graph embedding for autonomous vehicle collision prediction},
  author={Malawade, Arnav Vaibhav and Yu, Shih-Yuan and Hsu, Brandon and Muthirayan, Deepan and Khargonekar, Pramod P and Al Faruque, Mohammad Abdullah},
  journal={IEEE Internet of Things Journal},
  volume={9},
  number={12},
  pages={9379--9388},
  year={2022},
  publisher={IEEE}
}

10
@article{wang2023gsc,
  title={GSC: A graph and spatio-temporal continuity based framework for accident anticipation},
  author={Wang, Tianhang and Chen, Kai and Chen, Guang and Li, Bin and Li, Zhijun and Liu, Zhengfa and Jiang, Changjun},
  journal={IEEE Transactions on Intelligent Vehicles},
  volume={9},
  number={1},
  pages={2249--2261},
  year={2023},
  publisher={IEEE}
}

11
@inproceedings{yao2015describing,
  title={Describing videos by exploiting temporal structure},
  author={Yao, Li and Torabi, Atousa and Cho, Kyunghyun and Ballas, Nicolas and Pal, Christopher and Larochelle, Hugo and Courville, Aaron},
  booktitle={Proceedings of the IEEE international conference on computer vision},
  pages={4507--4515},
  year={2015}
}

12
@inproceedings{chan2017anticipating,
  title={Anticipating accidents in dashcam videos},
  author={Chan, Fu-Hsiang and Chen, Yu-Ting and Xiang, Yu and Sun, Min},
  booktitle={Computer Vision--ACCV 2016: 13th Asian Conference on Computer Vision, Taipei, Taiwan, November 20-24, 2016, Revised Selected Papers, Part IV 13},
  pages={136--153},
  year={2017},
  organization={Springer}
}

13
@inproceedings{bao2020uncertainty,
  title={Uncertainty-based traffic accident anticipation with spatio-temporal relational learning},
  author={Bao, Wentao and Yu, Qi and Kong, Yu},
  booktitle={Proceedings of the 28th ACM International Conference on Multimedia},
  pages={2682--2690},
  year={2020}
}

14
@article{cho2014learning,
  title={Learning phrase representations using RNN encoder-decoder for statistical machine translation},
  author={Cho, Kyunghyun},
  journal={arXiv preprint arXiv:1406.1078},
  year={2014}
}

15
@inproceedings{fu2018deep,
  title={Deep ordinal regression network for monocular depth estimation},
  author={Fu, Huan and Gong, Mingming and Wang, Chaohui and Batmanghelich, Kayhan and Tao, Dacheng},
  booktitle={Proceedings of the IEEE conference on computer vision and pattern recognition},
  pages={2002--2011},
  year={2018}
}

16
@inproceedings{godard2019digging,
  title={Digging into self-supervised monocular depth estimation},
  author={Godard, Cl{\'e}ment and Mac Aodha, Oisin and Firman, Michael and Brostow, Gabriel J},
  booktitle={Proceedings of the IEEE/CVF international conference on computer vision},
  pages={3828--3838},
  year={2019}
}

17
@inproceedings{yang2024depth,
  title={Depth anything: Unleashing the power of large-scale unlabeled data},
  author={Yang, Lihe and Kang, Bingyi and Huang, Zilong and Xu, Xiaogang and Feng, Jiashi and Zhao, Hengshuang},
  booktitle={Proceedings of the IEEE/CVF Conference on Computer Vision and Pattern Recognition},
  pages={10371--10381},
  year={2024}
}

18
@article{ren2016faster,
  title={Faster R-CNN: Towards real-time object detection with region proposal networks},
  author={Ren, Shaoqing and He, Kaiming and Girshick, Ross and Sun, Jian},
  journal={IEEE transactions on pattern analysis and machine intelligence},
  volume={39},
  number={6},
  pages={1137--1149},
  year={2016},
  publisher={IEEE}
}

19
@inproceedings{carreira2017quo,
  title={Quo vadis, action recognition? a new model and the kinetics dataset},
  author={Carreira, Joao and Zisserman, Andrew},
  booktitle={proceedings of the IEEE Conference on Computer Vision and Pattern Recognition},
  pages={6299--6308},
  year={2017}
}

20
@inproceedings{thakur2024graph,
  title={Graph (Graph): A Nested Graph-Based Framework for Early Accident Anticipation},
  author={Thakur, Nupur and Gouripeddi, PrasanthSai and Li, Baoxin},
  booktitle={Proceedings of the IEEE/CVF Winter Conference on Applications of Computer Vision},
  pages={7533--7541},
  year={2024}
}

21
@article{brody2021attentive,
  title={How attentive are graph attention networks?},
  author={Brody, Shaked and Alon, Uri and Yahav, Eran},
  journal={arXiv preprint arXiv:2105.14491},
  year={2021}
}

22
@inproceedings{yao2019unsupervised,
  title={Unsupervised traffic accident detection in first-person videos},
  author={Yao, Yu and Xu, Mingze and Wang, Yuchen and Crandall, David J and Atkins, Ella M},
  booktitle={2019 IEEE/RSJ International Conference on Intelligent Robots and Systems (IROS)},
  pages={273--280},
  year={2019},
  organization={IEEE}
}

23
@inproceedings{zeng2017agent,
  title={Agent-centric risk assessment: Accident anticipation and risky region localization},
  author={Zeng, Kuo-Hao and Chou, Shih-Han and Chan, Fu-Hsiang and Carlos Niebles, Juan and Sun, Min},
  booktitle={Proceedings of the IEEE Conference on Computer Vision and Pattern Recognition},
  pages={2222--2230},
  year={2017}
}

24
@inproceedings{shah2018cadp,
  title={CADP: A novel dataset for CCTV traffic camera based accident analysis},
  author={Shah, Ankit Parag and Lamare, Jean-Bapstite and Nguyen-Anh, Tuan and Hauptmann, Alexander},
  booktitle={2018 15th IEEE International Conference on Advanced Video and Signal Based Surveillance (AVSS)},
  pages={1--9},
  year={2018},
  organization={IEEE}
}

25
@inproceedings{corcoran2019traffic,
  title={Traffic risk assessment: A two-stream approach using dynamic-attention},
  author={Corcoran, Gary-Patrick and Clark, James},
  booktitle={2019 16th Conference on Computer and Robot Vision (CRV)},
  pages={166--173},
  year={2019},
  organization={IEEE}
}

26
@article{wang2020multitask,
  title={Multitask attention network for lane detection and fitting},
  author={Wang, Qi and Han, Tao and Qin, Zequn and Gao, Junyu and Li, Xuelong},
  journal={IEEE transactions on neural networks and learning systems},
  volume={33},
  number={3},
  pages={1066--1078},
  year={2020},
  publisher={IEEE}
}

27
@article{li2021abssnet,
  title={ABSSNet: Attention-based spatial segmentation network for traffic scene understanding},
  author={Li, Xuelong and Zhao, Zhiyuan and Wang, Qi},
  journal={IEEE transactions on cybernetics},
  volume={52},
  number={9},
  pages={9352--9362},
  year={2021},
  publisher={IEEE}
}

@article{karim2022toward,
  title={Toward explainable artificial intelligence for early anticipation of traffic accidents},
  author={Karim, Muhammad Monjurul and Li, Yu and Qin, Ruwen},
  journal={Transportation research record},
  volume={2676},
  number={6},
  pages={743--755},
  year={2022},
  publisher={SAGE Publications Sage CA: Los Angeles, CA}
}

28
@article{dosovitskiy2020image,
  title={An image is worth 16x16 words: Transformers for image recognition at scale},
  author={Dosovitskiy, Alexey},
  journal={arXiv preprint arXiv:2010.11929},
  year={2020}
}

29
@article{kang2022vision,
  title={Vision transformer for detecting critical situations and extracting functional scenario for automated vehicle safety assessment},
  author={Kang, Minhee and Lee, Wooseop and Hwang, Keeyeon and Yoon, Young},
  journal={Sustainability},
  volume={14},
  number={15},
  pages={9680},
  year={2022},
  publisher={MDPI}
}

30
@article{karim2023attention,
  title={An attention-guided multistream feature fusion network for early localization of risky traffic agents in driving videos},
  author={Karim, Muhammad Monjurul and Yin, Zhaozheng and Qin, Ruwen},
  journal={IEEE Transactions on Intelligent Vehicles},
  volume={9},
  number={1},
  pages={1792--1803},
  year={2023},
  publisher={IEEE}
}

31
@article{kipf2016semi,
  title={Semi-supervised classification with graph convolutional networks},
  author={Kipf, Thomas N and Welling, Max},
  journal={arXiv preprint arXiv:1609.02907},
  year={2016}
}

32
@inproceedings{guo2019attention,
  title={Attention based spatial-temporal graph convolutional networks for traffic flow forecasting},
  author={Guo, Shengnan and Lin, Youfang and Feng, Ning and Song, Chao and Wan, Huaiyu},
  booktitle={Proceedings of the AAAI conference on artificial intelligence},
  volume={33},
  number={01},
  pages={922--929},
  year={2019}
}

33
@inproceedings{diao2019dynamic,
  title={Dynamic spatial-temporal graph convolutional neural networks for traffic forecasting},
  author={Diao, Zulong and Wang, Xin and Zhang, Dafang and Liu, Yingru and Xie, Kun and He, Shaoyao},
  booktitle={Proceedings of the AAAI conference on artificial intelligence},
  volume={33},
  number={01},
  pages={890--897},
  year={2019}
}

34
@article{liu2020spatiotemporal,
  title={Spatiotemporal relationship reasoning for pedestrian intent prediction},
  author={Liu, Bingbin and Adeli, Ehsan and Cao, Zhangjie and Lee, Kuan-Hui and Shenoi, Abhijeet and Gaidon, Adrien and Niebles, Juan Carlos},
  journal={IEEE Robotics and Automation Letters},
  volume={5},
  number={2},
  pages={3485--3492},
  year={2020},
  publisher={IEEE}
}

35
@article{chung2014empirical,
  title={Empirical evaluation of gated recurrent neural networks on sequence modeling},
  author={Chung, Junyoung and Gulcehre, Caglar and Cho, KyungHyun and Bengio, Yoshua},
  journal={arXiv preprint arXiv:1412.3555},
  year={2014}
}

36
@article{zhao2019t,
  title={T-GCN: A temporal graph convolutional network for traffic prediction},
  author={Zhao, Ling and Song, Yujiao and Zhang, Chao and Liu, Yu and Wang, Pu and Lin, Tao and Deng, Min and Li, Haifeng},
  journal={IEEE transactions on intelligent transportation systems},
  volume={21},
  number={9},
  pages={3848--3858},
  year={2019},
  publisher={IEEE}
}

37
@inproceedings{godard2017unsupervised,
  title={Unsupervised monocular depth estimation with left-right consistency},
  author={Godard, Cl{\'e}ment and Mac Aodha, Oisin and Brostow, Gabriel J},
  booktitle={Proceedings of the IEEE conference on computer vision and pattern recognition},
  pages={270--279},
  year={2017}
}

38
@article{shi2015convolutional,
  title={Convolutional LSTM network: A machine learning approach for precipitation nowcasting},
  author={Shi, Xingjian and Chen, Zhourong and Wang, Hao and Yeung, Dit-Yan and Wong, Wai-Kin and Woo, Wang-chun},
  journal={Advances in neural information processing systems},
  volume={28},
  year={2015}
}


40
@article{sun2024maformer,
  title={Maformer: A transformer network with multi-scale attention fusion for visual recognition},
  author={Sun, Huixin and Wang, Yunhao and Wang, Xiaodi and Zhang, Bin and Xin, Ying and Zhang, Baochang and Cao, Xianbin and Ding, Errui and Han, Shumin},
  journal={Neurocomputing},
  volume={595},
  pages={127828},
  year={2024},
  publisher={Elsevier}
}

41
@article{ren2024unifying,
  title={Unifying Global-Local Representations in Salient Object Detection With Transformers},
  author={Ren, Sucheng and Zhao, Nanxuan and Wen, Qiang and Han, Guoqiang and He, Shengfeng},
  journal={IEEE Transactions on Emerging Topics in Computational Intelligence},
  year={2024},
  publisher={IEEE}
}

42
@article{jia2024finger,
  title={Finger Recovery Transformer: Towards Better Incomplete Fingerprint Identification},
  author={Jia, Zexi and Huang, Chuanwei and Wang, Zheng and Fei, Hongyan and Wu, Song and Feng, Jufu},
  journal={IEEE Transactions on Information Forensics and Security},
  year={2024},
  publisher={IEEE}
}

43
@article{qi2023resnet,
  title={NA-Resnet: neighbor block and optimized attention module for global-local feature extraction in facial expression recognition},
  author={Qi, Yongfeng and Zhou, Chenyang and Chen, Yixing},
  journal={Multimedia Tools and Applications},
  volume={82},
  number={11},
  pages={16375--16393},
  year={2023},
  publisher={Springer}
}

44
@article{shaheed2023efficientrmt,
  title={EfficientRMT-Net—An Efficient ResNet-50 and Vision Transformers Approach for Classifying Potato Plant Leaf Diseases},
  author={Shaheed, Kashif and Qureshi, Imran and Abbas, Fakhar and Jabbar, Sohail and Abbas, Qaisar and Ahmad, Hafsa and Sajid, Muhammad Zaheer},
  journal={Sensors},
  volume={23},
  number={23},
  pages={9516},
  year={2023},
  publisher={MDPI}
}

45
@article{karthika2024improved,
  title={Improved ResNet\_101 assisted attentional global transformer network for automated detection and classification of diabetic retinopathy disease},
  author={Karthika, S and Durgadevi, M},
  journal={Biomedical Signal Processing and Control},
  volume={88},
  pages={105674},
  year={2024},
  publisher={Elsevier}
}

46
@article{paszke2019pytorch,
  title={Pytorch: An imperative style, high-performance deep learning library},
  author={Paszke, Adam and Gross, Sam and Massa, Francisco and Lerer, Adam and Bradbury, James and Chanan, Gregory and Killeen, Trevor and Lin, Zeming and Gimelshein, Natalia and Antiga, Luca and others},
  journal={Advances in neural information processing systems},
  volume={32},
  year={2019}
}

47
@article{kingma2014adam,
  title={Adam: A method for stochastic optimization},
  author={Kingma, Diederik P},
  journal={arXiv preprint arXiv:1412.6980},
  year={2014}
}

48
@inproceedings{sutskever2013importance,
  title={On the importance of initialization and momentum in deep learning},
  author={Sutskever, Ilya and Martens, James and Dahl, George and Hinton, Geoffrey},
  booktitle={International conference on machine learning},
  pages={1139--1147},
  year={2013},
  organization={PMLR}
}

@article{sainju2020mapping,
  title={Mapping road safety features from streetview imagery: A deep learning approach},
  author={Sainju, Arpan Man and Jiang, Zhe},
  journal={ACM Transactions on Data Science},
  volume={1},
  number={3},
  pages={1--20},
  year={2020},
  publisher={ACM New York, NY, USA}
}

@article{fang2023vision,
  title={Vision-based traffic accident detection and anticipation: A survey},
  author={Fang, Jianwu and Qiao, Jiahuan and Xue, Jianru and Li, Zhengguo},
  journal={IEEE Transactions on Circuits and Systems for Video Technology},
  year={2023},
  publisher={IEEE}
}

@inproceedings{lin2020depth,
  title={Depth estimation from monocular images and sparse radar data},
  author={Lin, Juan-Ting and Dai, Dengxin and Van Gool, Luc},
  booktitle={2020 IEEE/RSJ International Conference on Intelligent Robots and Systems (IROS)},
  pages={10233--10240},
  year={2020},
  organization={IEEE}
}

@misc{NBSC2022,
  author={{National Bureau of Statistics of China}},
  title={Chinese Statistical Yearbook 2022},
  year={2022},
  howpublished={\url{http://www.stats.gov.cn/sj/ndsj/2022/indexch.htm}},
  note={Available online}
}


@article{zhou2024vision,
  title={Vision Technologies with Applications in Traffic Surveillance Systems: A Holistic Survey},
  author={Zhou, Wei and Zhao, Lei and Zhang, Runyu and Cui, Yifan and Huang, Hongpu and Qie, Kun and Wang, Chen},
  journal={arXiv preprint arXiv:2412.00348},
  year={2024}
}
@article{zhou2024teaching,
  title={Teaching Segment-Anything-Model Domain-Specific Knowledge for Road Crack Segmentation From On-Board Cameras},
  author={Zhou, Wei and Huang, Hongpu and Zhang, Hancheng and Wang, Chen},
  journal={IEEE Transactions on Intelligent Transportation Systems},
  year={2024},
  publisher={IEEE}
}

@article{zhou2023appearance,
  title={An appearance-motion network for vision-based crash detection: Improving the accuracy in congested traffic},
  author={Zhou, Wei and Wen, Longhui and Zhan, Yunfei and Wang, Chen},
  journal={IEEE transactions on intelligent transportation systems},
  year={2023},
  publisher={IEEE}
}

@article{zhou2023monitoring,
  title={Monitoring-based traffic participant detection in urban mixed traffic: A novel dataset and a tailored detector},
  author={Zhou, Wei and Wang, Chen and Xia, Jingxin and Qian, Zhendong and Wu, Yuan},
  journal={IEEE Transactions on Intelligent Transportation Systems},
  year={2023},
  publisher={IEEE}
}

@article{zhou2023pedestrian,
  title={Pedestrian crossing intention prediction from surveillance videos for over-the-horizon safety warning},
  author={Zhou, Wei and Liu, Yuqing and Zhao, Lei and Xu, Sixuan and Wang, Chen},
  journal={IEEE Transactions on Intelligent Transportation Systems},
  year={2023},
  publisher={IEEE}
}