@inproceedings{bao2020uncertainty,
  title={Uncertainty-based traffic accident anticipation with spatio-temporal relational learning},
  author={Bao, Wentao and Yu, Qi and Kong, Yu},
  booktitle={Proceedings of the 28th ACM International Conference on Multimedia},
  pages={2682--2690},
  year={2020}
}

@inproceedings{chan2017anticipating,
  title={Anticipating accidents in dashcam videos},
  author={Chan, Fu-Hsiang and Chen, Yu-Ting and Xiang, Yu and Sun, Min},
  booktitle={Computer Vision--ACCV 2016: 13th Asian Conference on Computer Vision, Taipei, Taiwan, November 20-24, 2016, Revised Selected Papers, Part IV 13},
  pages={136--153},
  year={2017},
  organization={Springer}
}

@inproceedings{corcoran2019traffic,
  title={Traffic risk assessment: A two-stream approach using dynamic-attention},
  author={Corcoran, Gary-Patrick and Clark, James},
  booktitle={2019 16th Conference on Computer and Robot Vision (CRV)},
  pages={166--173},
  year={2019},
  organization={IEEE}
}

@inproceedings{diao2019dynamic,
  title={Dynamic spatial-temporal graph convolutional neural networks for traffic forecasting},
  author={Diao, Zulong and Wang, Xin and Zhang, Dafang and Liu, Yingru and Xie, Kun and He, Shaoyao},
  booktitle={Proceedings of the AAAI conference on artificial intelligence},
  volume={33},
  number={01},
  pages={890--897},
  year={2019}
}

@article{dosovitskiy2020image,
  title={An image is worth 16x16 words: Transformers for image recognition at scale},
  author={Dosovitskiy, Alexey},
  journal={arXiv preprint arXiv:2010.11929},
  year={2020}
}

@inproceedings{fatima2021global,
  title={Global feature aggregation for accident anticipation},
  author={Fatima, Mishal and Khan, Muhammad Umar Karim and Kyung, Chong-Min},
  booktitle={2020 25th International Conference on Pattern Recognition (ICPR)},
  pages={2809--2816},
  year={2021},
  organization={IEEE}
}

@inproceedings{godard2017unsupervised,
  title={Unsupervised monocular depth estimation with left-right consistency},
  author={Godard, Cl{\'e}ment and Mac Aodha, Oisin and Brostow, Gabriel J},
  booktitle={Proceedings of the IEEE conference on computer vision and pattern recognition},
  pages={270--279},
  year={2017}
}

@inproceedings{guo2019attention,
  title={Attention based spatial-temporal graph convolutional networks for traffic flow forecasting},
  author={Guo, Shengnan and Lin, Youfang and Feng, Ning and Song, Chao and Wan, Huaiyu},
  booktitle={Proceedings of the AAAI conference on artificial intelligence},
  volume={33},
  number={01},
  pages={922--929},
  year={2019}
}

@article{kang2022vision,
  title={Vision transformer for detecting critical situations and extracting functional scenario for automated vehicle safety assessment},
  author={Kang, Minhee and Lee, Wooseop and Hwang, Keeyeon and Yoon, Young},
  journal={Sustainability},
  volume={14},
  number={15},
  pages={9680},
  year={2022},
  publisher={MDPI}
}

@article{karim2022dynamic,
  title={A dynamic spatial-temporal attention network for early anticipation of traffic accidents},
  author={Karim, Muhammad Monjurul and Li, Yu and Qin, Ruwen and Yin, Zhaozheng},
  journal={IEEE Transactions on Intelligent Transportation Systems},
  volume={23},
  number={7},
  pages={9590--9600},
  year={2022},
  publisher={IEEE}
}

@article{karim2022toward,
  title={Toward explainable artificial intelligence for early anticipation of traffic accidents},
  author={Karim, Muhammad Monjurul and Li, Yu and Qin, Ruwen},
  journal={Transportation research record},
  volume={2676},
  number={6},
  pages={743--755},
  year={2022},
  publisher={SAGE Publications Sage CA: Los Angeles, CA}
}

@article{karim2023attention,
  title={An attention-guided multistream feature fusion network for early localization of risky traffic agents in driving videos},
  author={Karim, Muhammad Monjurul and Yin, Zhaozheng and Qin, Ruwen},
  journal={IEEE Transactions on Intelligent Vehicles},
  volume={9},
  number={1},
  pages={1792--1803},
  year={2023},
  publisher={IEEE}
}

@article{kipf2016semi,
  title={Semi-supervised classification with graph convolutional networks},
  author={Kipf, Thomas N and Welling, Max},
  journal={arXiv preprint arXiv:1609.02907},
  year={2016}
}

@article{li2021abssnet,
  title={ABSSNet: Attention-based spatial segmentation network for traffic scene understanding},
  author={Li, Xuelong and Zhao, Zhiyuan and Wang, Qi},
  journal={IEEE transactions on cybernetics},
  volume={52},
  number={9},
  pages={9352--9362},
  year={2021},
  publisher={IEEE}
}

@article{liu2020spatiotemporal,
  title={Spatiotemporal relationship reasoning for pedestrian intent prediction},
  author={Liu, Bingbin and Adeli, Ehsan and Cao, Zhangjie and Lee, Kuan-Hui and Shenoi, Abhijeet and Gaidon, Adrien and Niebles, Juan Carlos},
  journal={IEEE Robotics and Automation Letters},
  volume={5},
  number={2},
  pages={3485--3492},
  year={2020},
  publisher={IEEE}
}

@article{malawade2022spatiotemporal,
  title={Spatiotemporal scene-graph embedding for autonomous vehicle collision prediction},
  author={Malawade, Arnav Vaibhav and Yu, Shih-Yuan and Hsu, Brandon and Muthirayan, Deepan and Khargonekar, Pramod P and Al Faruque, Mohammad Abdullah},
  journal={IEEE Internet of Things Journal},
  volume={9},
  number={12},
  pages={9379--9388},
  year={2022},
  publisher={IEEE}
}

@inproceedings{shah2018cadp,
  title={CADP: A novel dataset for CCTV traffic camera based accident analysis},
  author={Shah, Ankit Parag and Lamare, Jean-Bapstite and Nguyen-Anh, Tuan and Hauptmann, Alexander},
  booktitle={2018 15th IEEE International Conference on Advanced Video and Signal Based Surveillance (AVSS)},
  pages={1--9},
  year={2018},
  organization={IEEE}
}

@article{shi2015convolutional,
  title={Convolutional LSTM network: A machine learning approach for precipitation nowcasting},
  author={Shi, Xingjian and Chen, Zhourong and Wang, Hao and Yeung, Dit-Yan and Wong, Wai-Kin and Woo, Wang-chun},
  journal={Advances in neural information processing systems},
  volume={28},
  year={2015}
}

@article{sun2024maformer,
  title={Maformer: A transformer network with multi-scale attention fusion for visual recognition},
  author={Sun, Huixin and Wang, Yunhao and Wang, Xiaodi and Zhang, Bin and Xin, Ying and Zhang, Baochang and Cao, Xianbin and Ding, Errui and Han, Shumin},
  journal={Neurocomputing},
  volume={595},
  pages={127828},
  year={2024},
  publisher={Elsevier}
}

@inproceedings{thakur2024graph,
  title={Graph (Graph): A Nested Graph-Based Framework for Early Accident Anticipation},
  author={Thakur, Nupur and Gouripeddi, PrasanthSai and Li, Baoxin},
  booktitle={Proceedings of the IEEE/CVF Winter Conference on Applications of Computer Vision},
  pages={7533--7541},
  year={2024}
}

@article{wang2020multitask,
  title={Multitask attention network for lane detection and fitting},
  author={Wang, Qi and Han, Tao and Qin, Zequn and Gao, Junyu and Li, Xuelong},
  journal={IEEE transactions on neural networks and learning systems},
  volume={33},
  number={3},
  pages={1066--1078},
  year={2020},
  publisher={IEEE}
}

@article{wang2023gsc,
  title={GSC: A graph and spatio-temporal continuity based framework for accident anticipation},
  author={Wang, Tianhang and Chen, Kai and Chen, Guang and Li, Bin and Li, Zhijun and Liu, Zhengfa and Jiang, Changjun},
  journal={IEEE Transactions on Intelligent Vehicles},
  volume={9},
  number={1},
  pages={2249--2261},
  year={2023},
  publisher={IEEE}
}

@inproceedings{zeng2017agent,
  title={Agent-centric risk assessment: Accident anticipation and risky region localization},
  author={Zeng, Kuo-Hao and Chou, Shih-Han and Chan, Fu-Hsiang and Carlos Niebles, Juan and Sun, Min},
  booktitle={Proceedings of the IEEE Conference on Computer Vision and Pattern Recognition},
  pages={2222--2230},
  year={2017}
}

@article{zhao2019t,
  title={T-GCN: A temporal graph convolutional network for traffic prediction},
  author={Zhao, Ling and Song, Yujiao and Zhang, Chao and Liu, Yu and Wang, Pu and Lin, Tao and Deng, Min and Li, Haifeng},
  journal={IEEE transactions on intelligent transportation systems},
  volume={21},
  number={9},
  pages={3848--3858},
  year={2019},
  publisher={IEEE}
}

