@article{2024moshispeechtextfoundationmodel,
  title={Moshi: a speech-text foundation model for real-time dialogue},
  author={D{\'e}fossez, Alexandre and Mazar{\'e}, Laurent and Orsini, Manu and Royer, Am{\'e}lie and P{\'e}rez, Patrick and J{\'e}gou, Herv{\'e} and Grave, Edouard and Zeghidour, Neil},
  journal={arXiv preprint arXiv:2410.00037},
  year={2024}
}

@article{zeng2024glm4voiceintelligenthumanlikeendtoend,
  title={Glm-4-voice: Towards intelligent and human-like end-to-end spoken chatbot},
  author={Zeng, Aohan and Du, Zhengxiao and Liu, Mingdao and Wang, Kedong and Jiang, Shengmin and Zhao, Lei and Dong, Yuxiao and Tang, Jie},
  journal={arXiv preprint arXiv:2412.02612},
  year={2024}
}

@article{hurst2024gpt,
  title={Gpt-4o system card},
  author={Hurst, Aaron and Lerer, Adam and Goucher, Adam P and Perelman, Adam and Ramesh, Aditya and Clark, Aidan and Ostrow, AJ and Welihinda, Akila and Hayes, Alan and Radford, Alec and others},
  journal={arXiv preprint arXiv:2410.21276},
  year={2024}
}
@misc{GoogleGemini2.0,
  author={Google},
  title = {Gemini2.0},
  howpublished = {\url{https://deepmind.google/technologies/gemini/}},
  note = {2024}
}

@article{schulman2017proximalpolicyoptimizationalgorithms,
  title={Proximal policy optimization algorithms},
  author={Schulman, John and Wolski, Filip and Dhariwal, Prafulla and Radford, Alec and Klimov, Oleg},
  journal={arXiv preprint arXiv:1707.06347},
  year={2017}
}

@article{Bradley1952RankAO,
  title={Rank Analysis of Incomplete Block Designs: I. The Method of Paired Comparisons},
  author={Ralph Allan Bradley and Milton E. Terry},
  journal={Biometrika},
  year={1952},
  volume={39},
  pages={324},
  url={https://api.semanticscholar.org/CorpusID:125209808}
}

@article{gao2023paraformerfastaccurateparallel,
  title={Paraformer: Fast and accurate parallel transformer for non-autoregressive end-to-end speech recognition},
  author={Gao, Zhifu and Zhang, Shiliang and McLoughlin, Ian and Yan, Zhijie},
  journal={arXiv preprint arXiv:2206.08317},
  year={2022}
}

@article{du2024cosyvoicescalablemultilingualzeroshot,
  title={Cosyvoice: A scalable multilingual zero-shot text-to-speech synthesizer based on supervised semantic tokens},
  author={Du, Zhihao and Chen, Qian and Zhang, Shiliang and Hu, Kai and Lu, Heng and Yang, Yexin and Hu, Hangrui and Zheng, Siqi and Gu, Yue and Ma, Ziyang and others},
  journal={arXiv preprint arXiv:2407.05407},
  year={2024}
}

@article{nguyen2024spiritlminterleavedspoken,
  title={Spirit-lm: Interleaved spoken and written language model},
  author={Nguyen, Tu Anh and Muller, Benjamin and Yu, Bokai and Costa-Jussa, Marta R and Elbayad, Maha and Popuri, Sravya and Duquenne, Paul-Ambroise and Algayres, Robin and Mavlyutov, Ruslan and Gat, Itai and others},
  journal={arXiv preprint arXiv:2402.05755},
  year={2024}
}

@article{wang2024freezeomnismartlowlatency,
  title={Freeze-omni: A smart and low latency speech-to-speech dialogue model with frozen llm},
  author={Wang, Xiong and Li, Yangze and Fu, Chaoyou and Shen, Yunhang and Xie, Lei and Li, Ke and Sun, Xing and Ma, Long},
  journal={arXiv preprint arXiv:2411.00774},
  year={2024}
}

@article{gao2025lucylinguisticunderstandingcontrol,
  title={LUCY: Linguistic Understanding and Control Yielding Early Stage of Her},
  author={Gao, Heting and Shao, Hang and Wang, Xiong and Qiu, Chaofan and Shen, Yunhang and Cai, Siqi and Shi, Yuchen and Xu, Zihan and Long, Zuwei and Zhang, Yike and others},
  journal={arXiv preprint arXiv:2501.16327},
  year={2025}
}

@article{chen2025minmomultimodallargelanguage,
  title={Minmo: A multimodal large language model for seamless voice interaction},
  author={Chen, Qian and Chen, Yafeng and Chen, Yanni and Chen, Mengzhe and Chen, Yingda and Deng, Chong and Du, Zhihao and Gao, Ruize and Gao, Changfeng and Gao, Zhifu and others},
  journal={arXiv preprint arXiv:2501.06282},
  year={2025}
}

@article{chu2024qwen2audiotechnicalreport,
  title={Qwen2-audio technical report},
  author={Chu, Yunfei and Xu, Jin and Yang, Qian and Wei, Haojie and Wei, Xipin and Guo, Zhifang and Leng, Yichong and Lv, Yuanjun and He, Jinzheng and Lin, Junyang and others},
  journal={arXiv preprint arXiv:2407.10759},
  year={2024}
}

@inproceedings{radford2023robust,
  title={Robust speech recognition via large-scale weak supervision},
  author={Radford, Alec and Kim, Jong Wook and Xu, Tao and Brockman, Greg and McLeavey, Christine and Sutskever, Ilya},
  booktitle={International conference on machine learning},
  pages={28492--28518},
  year={2023},
  organization={PMLR}
}

@inproceedings{rouard2022hybrid,
  title={Hybrid Transformers for Music Source Separation},
  author={Rouard, Simon and Massa, Francisco and D{\'e}fossez, Alexandre},
  booktitle={ICASSP 23},
  year={2023}
}

@inproceedings{bu2017aishell1opensourcemandarinspeech,
  title={Aishell-1: An open-source mandarin speech corpus and a speech recognition baseline},
  author={Bu, Hui and Du, Jiayu and Na, Xingyu and Wu, Bengu and Zheng, Hao},
  booktitle={2017 20th conference of the oriental chapter of the international coordinating committee on speech databases and speech I/O systems and assessment (O-COCOSDA)},
  pages={1--5},
  year={2017},
  organization={IEEE}
}

@inproceedings{zhang2022wenetspeech10000hoursmultidomain,
  title={Wenetspeech: A 10000+ hours multi-domain mandarin corpus for speech recognition},
  author={Zhang, Binbin and Lv, Hang and Guo, Pengcheng and Shao, Qijie and Yang, Chao and Xie, Lei and Xu, Xin and Bu, Hui and Chen, Xiaoyu and Zeng, Chenchen and others},
  booktitle={ICASSP 2022-2022 IEEE International Conference on Acoustics, Speech and Signal Processing (ICASSP)},
  pages={6182--6186},
  year={2022},
  organization={IEEE}
}

@inproceedings{huang2023audiogptunderstandinggeneratingspeech,
  title={Audiogpt: Understanding and generating speech, music, sound, and talking head},
  author={Huang, Rongjie and Li, Mingze and Yang, Dongchao and Shi, Jiatong and Chang, Xuankai and Ye, Zhenhui and Wu, Yuning and Hong, Zhiqing and Huang, Jiawei and Liu, Jinglin and others},
  booktitle={Proceedings of the AAAI Conference on Artificial Intelligence},
  volume={38},
  number={21},
  pages={23802--23804},
  year={2024}
}

@article{kong2020pannslargescalepretrainedaudio,
  title={Panns: Large-scale pretrained audio neural networks for audio pattern recognition},
  author={Kong, Qiuqiang and Cao, Yin and Iqbal, Turab and Wang, Yuxuan and Wang, Wenwu and Plumbley, Mark D},
  journal={IEEE/ACM Transactions on Audio, Speech, and Language Processing},
  volume={28},
  pages={2880--2894},
  year={2020},
  publisher={IEEE}
}

@article{das2024speechverselargescalegeneralizableaudio,
  title={Speechverse: A large-scale generalizable audio language model},
  author={Das, Nilaksh and Dingliwal, Saket and Ronanki, Srikanth and Paturi, Rohit and Huang, Zhaocheng and Mathur, Prashant and Yuan, Jie and Bekal, Dhanush and Niu, Xing and Jayanthi, Sai Muralidhar and others},
  journal={arXiv preprint arXiv:2405.08295},
  year={2024}
}

@article{xie2024miniomnilanguagemodelshear,
  title={Mini-omni: Language models can hear, talk while thinking in streaming},
  author={Xie, Zhifei and Wu, Changqiao},
  journal={arXiv preprint arXiv:2408.16725},
  year={2024}
}

@article{fang2024llamaomniseamlessspeechinteraction,
  title={Llama-omni: Seamless speech interaction with large language models},
  author={Fang, Qingkai and Guo, Shoutao and Zhou, Yan and Ma, Zhengrui and Zhang, Shaolei and Feng, Yang},
  journal={arXiv preprint arXiv:2409.06666},
  year={2024}
}

@article{du2024cosyvoice2scalablestreaming,
  title={Cosyvoice 2: Scalable streaming speech synthesis with large language models},
  author={Du, Zhihao and Wang, Yuxuan and Chen, Qian and Shi, Xian and Lv, Xiang and Zhao, Tianyu and Gao, Zhifu and Yang, Yexin and Gao, Changfeng and Wang, Hui and others},
  journal={arXiv preprint arXiv:2412.10117},
  year={2024}
}

@article{ming2024advancingautoregressivecontinuationvideo,
  title={Advancing Auto-Regressive Continuation for Video Frames},
  author={Ming, Ruibo and Wu, Jingwei and Huang, Zhewei and Ju, Zhuoxuan and Hu, Jianming and Peng, Lihui and Zhou, Shuchang},
  journal={arXiv preprint arXiv:2412.03758},
  year={2024}
}

@article{anastassiou2024seedttsafamilyofhighquality,
  title={Seed-TTS: A Family of High-Quality Versatile Speech Generation Models},
  author={Anastassiou, Philip and Chen, Jiawei and Chen, Jitong and Chen, Yuanzhe and Chen, Zhuo and Chen, Ziyi and Cong, Jian and Deng, Lelai and Ding, Chuang and Gao, Lu and others},
  journal={arXiv preprint arXiv:2406.02430},
  year={2024}
}

@article{anenhancedres2netwithlocal,
  title={An enhanced res2net with local and global feature fusion for speaker verification},
  author={Chen, Yafeng and Zheng, Siqi and Wang, Hui and Cheng, Luyao and Chen, Qian and Qi, Jiajun},
  journal={arXiv preprint arXiv:2305.12838},
  year={2023}
}


@article{zhang2024disttrain,
  title={DistTrain: Addressing model and data heterogeneity with disaggregated training for multimodal large language models},
  author={Zhang, Zili and Zhong, Yinmin and Ming, Ranchen and Hu, Hanpeng and Sun, Jianjian and Ge, Zheng and Zhu, Yibo and Jin, Xin},
  journal={arXiv preprint arXiv:2408.04275},
  year={2024}
}
@article{chu2024qwen2,
  title={Qwen2-audio technical report},
  author={Chu, Yunfei and Xu, Jin and Yang, Qian and Wei, Haojie and Wei, Xipin and Guo, Zhifang and Leng, Yichong and Lv, Yuanjun and He, Jinzheng and Lin, Junyang and others},
  journal={arXiv preprint arXiv:2407.10759},
  year={2024}
}
@article{hu2024wavllm,
  title={Wavllm: Towards robust and adaptive speech large language model},
  author={Hu, Shujie and Zhou, Long and Liu, Shujie and Chen, Sanyuan and Meng, Lingwei and Hao, Hongkun and Pan, Jing and Liu, Xunying and Li, Jinyu and Sivasankaran, Sunit and others},
  journal={arXiv preprint arXiv:2404.00656},
  year={2024}
}
@article{dubey2024llama,
  title={The llama 3 herd of models},
  author={Dubey, Abhimanyu and Jauhri, Abhinav and Pandey, Abhinav and Kadian, Abhishek and Al-Dahle, Ahmad and Letman, Aiesha and Mathur, Akhil and Schelten, Alan and Yang, Amy and Fan, Angela and others},
  journal={arXiv preprint arXiv:2407.21783},
  year={2024}
}

@misc{step1,
    title = {Step-1: A 130B Large Language Model},
    author = {StepFun},
    year = {2024},
    howpublished = {\url{https://platform.stepfun.com/docs/llm/text}},
    note = {Accessed: February 2024}
}

@misc{step2,
    title = {Step-2},
    author = {StepFun},
    year = {2024},
    howpublished = {\url{https://platform.stepfun.com/docs/llm/text}},
    note = {Accessed: February 2024}
}


@misc{doubaovoice,
    title = {doubaovoice},
    author = {bytedance},
    year = {2024},
    howpublished = {\url{https://team.doubao.com/zh/special/realtime_voice}},
    note = {Accessed: 2024}
}