@misc{chen2024scalablemultirobotcollaborationlarge,
      title={{Scalable Multi-Robot Collaboration with Large Language Models: Centralized or Decentralized Systems?}}, 
      author={Yongchao Chen and Jacob Arkin and Yang Zhang and Nicholas Roy and Chuchu Fan},
      year={2024},
      eprint={2309.15943},
      archivePrefix={arXiv},
      primaryClass={cs.RO},
      url={https://arxiv.org/abs/2309.15943}, 
}

@article{zheng2023efficiently,
  title={Efficiently Programming Large Language Models using SGLang.},
  author={Zheng, Lianmin and Yin, Liangsheng and Xie, Zhiqiang and Huang, Jeff and Sun, Chuyue and Yu, Cody\_Hao and Cao, Shiyi and Kozyrakis, Christos and Stoica, Ion and Gonzalez, Joseph E and others},
  year={2023},
  publisher={arXiv}
}

@incollection{Alam2011,
  author    = {Shah Jamal Alam and Armando Geller},
  title     = {Networks in Agent-Based Social Simulation},
  booktitle = {Agent-Based Models of Geographical Systems},
  pages     = {199--216},
  year      = {2011},
  publisher = {Springer},
  doi       = {10.1007/978-90-481-8927-4_11},
  pmcid     = {PMC7121994}
}

@misc{li2024agentsneed,
      title={More Agents Is All You Need}, 
      author={Junyou Li and Qin Zhang and Yangbin Yu and Qiang Fu and Deheng Ye},
      year={2024},
      eprint={2402.05120},
      archivePrefix={arXiv},
      primaryClass={cs.CL},
      url={https://arxiv.org/abs/2402.05120}, 
}

@misc{brown2020languagemodelsfewshotlearners,
      title={Language Models are Few-Shot Learners}, 
      author={Tom B. Brown and Benjamin Mann and Nick Ryder and Melanie Subbiah and Jared Kaplan and Prafulla Dhariwal and Arvind Neelakantan and Pranav Shyam and Girish Sastry and Amanda Askell and Sandhini Agarwal and Ariel Herbert-Voss and Gretchen Krueger and Tom Henighan and Rewon Child and Aditya Ramesh and Daniel M. Ziegler and Jeffrey Wu and Clemens Winter and Christopher Hesse and Mark Chen and Eric Sigler and Mateusz Litwin and Scott Gray and Benjamin Chess and Jack Clark and Christopher Berner and Sam McCandlish and Alec Radford and Ilya Sutskever and Dario Amodei},
      eprint={2005.14165},
      archivePrefix={arXiv},
      primaryClass={cs.CL},
      url={https://arxiv.org/abs/2005.14165}, 
}

@article{barabasi2003scale,
  title={Scale-free networks},
  author={Barab{\'a}si, Albert-L{\'a}szl{\'o} and Bonabeau, Eric},
  journal={Scientific american},
  volume={288},
  number={5},
  pages={50--9},
  year={2003}
}

@article{erdos1959random,
  title={On random graphs I},
  author={Erd{\"o}s, Paul and R{\'e}nyi, Alfr{\'e}d},
  journal={Publicationes Mathematicae (Debrecen)},
  volume={6},
  pages={290--297},
  year={1959},
  note={Dedicated to O. Vargo on the occasion of his 50th birthday},
  address={Budapest}
}

@article{watts1998collective,
  title={Collective dynamics of ‘small-world’ networks},
  author={Watts, Duncan J. and Strogatz, Steven H.},
  journal={Nature},
  volume={393},
  pages={440--442},
  year={1998},
  publisher={Nature Publishing Group},
  doi={10.1038/30918},
  note={Published: 04 June 1998}
}

@misc{radford2018improving,
  title={Improving Language Understanding by Generative Pre-Training},
  author={Radford, Alec and Narasimhan, Karthik and Salimans, Tim and Sutskever, Ilya},
  organization={OpenAI},
  email={alec@openai.com, karthikn@openai.com, tim@openai.com, ilyasu@openai.com},
  year={2018},
  note={Available: OpenAI website}
}

@misc{chuang2024simulatingopiniondynamicsnetworks,
      title={{Simulating Opinion Dynamics with Networks of LLM-based Agents}}, 
      author={Yun-Shiuan Chuang and Agam Goyal and Nikunj Harlalka and Siddharth Suresh and Robert Hawkins and Sijia Yang and Dhavan Shah and Junjie Hu and Timothy T. Rogers},
      year={2024},
      eprint={2311.09618},
      archivePrefix={arXiv},
      primaryClass={physics.soc-ph},
      url={https://arxiv.org/abs/2311.09618}, 
}

@misc{hamidian2019rumordetectionclassificationtwitter,
      title={{Rumor Detection and Classification for Twitter Data}}, 
      author={Sardar Hamidian and Mona T Diab},
      year={2019},
      eprint={1912.08926},
      archivePrefix={arXiv},
      primaryClass={cs.SI},
      url={https://arxiv.org/abs/1912.08926}, 
}

@misc{zehmakan2023rumorsspreadfastsocial,
      title={Why Rumors Spread Fast in Social Networks, and How to Stop It}, 
      author={Ahad N. Zehmakan and Charlotte Out and Sajjad Hesamipour Khelejan},
      year={2023},
      eprint={2305.08558},
      archivePrefix={arXiv},
      primaryClass={cs.SI},
      url={https://arxiv.org/abs/2305.08558}, 
}

@article{chen2020rumor,
  title={Rumor spreading model considering rumor credibility, correlation and crowd classification based on personality},
  author={Chen, Xuelong and Wang, Nan},
  journal={Scientific reports},
  volume={10},
  number={1},
  pages={5887},
  year={2020},
  publisher={Nature Publishing Group UK London}
}

@inproceedings{kaligotla2015agent,
  title={An agent based model of spread of competing rumors through online interactions on social media},
  author={Kaligotla, Chaitanya and Y{\"u}cesan, Enver and Chick, Stephen E},
  booktitle={2015 winter simulation conference (WSC)},
  pages={3985--3996},
  year={2015},
  organization={IEEE}
}

@misc{wilensky1999netlogo,
  author = {Wilensky, U.},
  title = {{NetLogo}},
  publisher = {Center for Connected Learning and Computer-Based Modeling, Northwestern University},
  address = {Evanston, IL},
year={1999},
  howpublished = {\url{http://ccl.northwestern.edu/netlogo}}
}

@article{leskovec2012learning,
  title={Learning to discover social circles in ego networks},
  author={Leskovec, Jure and Mcauley, Julian},
  journal={Advances in neural information processing systems},
  volume={25},
  year={2012}
}

@inproceedings{park2023Generate,
author = {Park, Joon Sung and O'Brien, Joseph and Cai, Carrie Jun and Morris, Meredith Ringel and Liang, Percy and Bernstein, Michael S.},
title = {Generative Agents: Interactive Simulacra of Human Behavior},
isbn = {9798400701320},
url = {https://doi.org/10.1145/3586183.3606763},
doi = {10.1145/3586183.3606763},
booktitle = {Proceedings of the 36th Annual ACM Symposium on User Interface Software and Technology},
articleno = {2},
numpages = {22},
year = {2023},
keywords = {Human-AI interaction, agents, generative AI, large language models},
location = {San Francisco, CA, USA},
}

@misc{liu2024largelanguagemodelsdetect,
      title={Can Large Language Models Detect Rumors on Social Media?}, 
      author={Qiang Liu and Xiang Tao and Junfei Wu and Shu Wu and Liang Wang},
      year={2024},
      eprint={2402.03916},
      archivePrefix={arXiv},
      primaryClass={cs.IR},
      url={https://arxiv.org/abs/2402.03916}, 
}

@misc{openai2024chatgpt,
  author       = {OpenAI},
  title        = {{ChatGPT}},
  year         = {2024},
  howpublished = {\url{https://www.openai.com}},
}

@article{DING2023128488,
title = {Simulating rumor spreading and rebuttal strategy with rebuttal forgetting: An agent-based modeling approach},
journal = {Physica A: Statistical Mechanics and its Applications},
volume = {612},
pages = {128488},
year = {2023},
issn = {0378-4371},
doi = {https://doi.org/10.1016/j.physa.2023.128488},
url = {https://www.sciencedirect.com/science/article/pii/S0378437123000432},
author = {Haixin Ding and Li Xie},
keywords = {Rumor, Rebuttal, Forgetting, SIR model, Innovation diffusion, Agent-based modeling},
}