@article{chen2020rumor,
  title={Rumor spreading model considering rumor credibility, correlation and crowd classification based on personality},
  author={Chen, Xuelong and Wang, Nan},
  journal={Scientific reports},
  volume={10},
  number={1},
  pages={5887},
  year={2020},
  publisher={Nature Publishing Group UK London}
}

@misc{chen2024scalablemultirobotcollaborationlarge,
      title={{Scalable Multi-Robot Collaboration with Large Language Models: Centralized or Decentralized Systems?}}, 
      author={Yongchao Chen and Jacob Arkin and Yang Zhang and Nicholas Roy and Chuchu Fan},
      year={2024},
      eprint={2309.15943},
      archivePrefix={arXiv},
      primaryClass={cs.RO},
      url={https://arxiv.org/abs/2309.15943}, 
}

@misc{chuang2024simulatingopiniondynamicsnetworks,
      title={{Simulating Opinion Dynamics with Networks of LLM-based Agents}}, 
      author={Yun-Shiuan Chuang and Agam Goyal and Nikunj Harlalka and Siddharth Suresh and Robert Hawkins and Sijia Yang and Dhavan Shah and Junjie Hu and Timothy T. Rogers},
      year={2024},
      eprint={2311.09618},
      archivePrefix={arXiv},
      primaryClass={physics.soc-ph},
      url={https://arxiv.org/abs/2311.09618}, 
}

@misc{hamidian2019rumordetectionclassificationtwitter,
      title={{Rumor Detection and Classification for Twitter Data}}, 
      author={Sardar Hamidian and Mona T Diab},
      year={2019},
      eprint={1912.08926},
      archivePrefix={arXiv},
      primaryClass={cs.SI},
      url={https://arxiv.org/abs/1912.08926}, 
}

@inproceedings{kaligotla2015agent,
  title={An agent based model of spread of competing rumors through online interactions on social media},
  author={Kaligotla, Chaitanya and Y{\"u}cesan, Enver and Chick, Stephen E},
  booktitle={2015 winter simulation conference (WSC)},
  pages={3985--3996},
  year={2015},
  organization={IEEE}
}

@misc{openai2024chatgpt,
  author       = {OpenAI},
  title        = {{ChatGPT}},
  year         = {2024},
  howpublished = {\url{https://www.openai.com}},
}

@inproceedings{park2023Generate,
author = {Park, Joon Sung and O'Brien, Joseph and Cai, Carrie Jun and Morris, Meredith Ringel and Liang, Percy and Bernstein, Michael S.},
title = {Generative Agents: Interactive Simulacra of Human Behavior},
isbn = {9798400701320},
url = {https://doi.org/10.1145/3586183.3606763},
doi = {10.1145/3586183.3606763},
booktitle = {Proceedings of the 36th Annual ACM Symposium on User Interface Software and Technology},
articleno = {2},
numpages = {22},
year = {2023},
keywords = {Human-AI interaction, agents, generative AI, large language models},
location = {San Francisco, CA, USA},
}

@misc{wilensky1999netlogo,
  author = {Wilensky, U.},
  title = {{NetLogo}},
  publisher = {Center for Connected Learning and Computer-Based Modeling, Northwestern University},
  address = {Evanston, IL},
year={1999},
  howpublished = {\url{http://ccl.northwestern.edu/netlogo}}
}

@misc{zehmakan2023rumorsspreadfastsocial,
      title={Why Rumors Spread Fast in Social Networks, and How to Stop It}, 
      author={Ahad N. Zehmakan and Charlotte Out and Sajjad Hesamipour Khelejan},
      year={2023},
      eprint={2305.08558},
      archivePrefix={arXiv},
      primaryClass={cs.SI},
      url={https://arxiv.org/abs/2305.08558}, 
}

