@inproceedings{li2017person,
  title={Person Search with Natural Language Description},
  author={Li, Shuang and Xiao, Tong and Li, Hongsheng and Zhou, Bolei and Yue, Dayu and Wang, Xiaogang},
  booktitle={Computer Vision and Pattern Recognition},
  pages={1970--1979},
  year={2017}
}

@inproceedings{park2025plot,
  title={PLOT: Text-based Person Search with Part Slot Attention for Corresponding Part Discovery},
  author={Park, Jicheol and Kim, Dongwon and Jeong, Boseung and Kwak, Suha},
  booktitle={European Conference on Computer Vision},
  pages={474--490},
  year={2025},
}

@inproceedings{cao2024empirical,
  title={An Empirical Study of Clip for Text-based Person Search},
  author={Cao, Min and Bai, Yang and Zeng, Ziyin and Ye, Mang and Zhang, Min},
  booktitle={AAAI Conference on Artificial Intelligence},
  pages={465--473},
  year={2024}
}

@inproceedings{bai2023text,
  title={Text-based Person Search without Parallel Image-Text Data},
  author={Bai, Yang and Wang, Jingyao and Cao, Min and Chen, Chen and Cao, Ziqiang and Nie, Liqiang and Zhang, Min},
  booktitle={ACM International Conference on Multimedia},
  pages={757--767},
  year={2023}
}

@article{yang2024beyond,
  title={Beyond Walking: A Large-Scale Image-Text Benchmark for Text-based Person Anomaly Search},
  author={Yang, Shuyu and Wang, Yaxiong and Zhu, Li and Zheng, Zhedong},
  journal={arXiv preprint arXiv:2411.17776},
  year={2024}
}

@misc{zeng2022multigrainedvisionlanguagepretraining,
  title={Multi-Grained Vision Language Pre-Training: Aligning Texts with Visual Concepts}, 
  author={Yan Zeng and Xinsong Zhang and Hang Li},
  eprint={2111.08276},
  archivePrefix={arXiv},
  primaryClass={cs.CL},
  year={2022},
}

@inproceedings{zhang2018deep,
  title={Deep Cross-Modal Projection Learning for Image-Text Matching},
  author={Zhang, Ying and Lu, Huchuan},
  booktitle={European Conference on Computer Vision},
  pages={686--701},
  year={2018}
}

@article{niu2020improving,
  title={Improving Description-Based Person Re-Identification by Multi-Granularity Image-Text Alignments},
  author={Niu, Kai and Huang, Yan and Ouyang, Wanli and Wang, Liang},
  journal={IEEE Transactions on Image Processing},
  pages={5542--5556},
  year={2020},
}

@inproceedings{feng2021convolutional,
  title={Convolutional Transformer Based Dual Discriminator Generative Adversarial Networks for Video Anomaly Detection},
  author={Feng, Xinyang and Song, Dongjin and Chen, Yuncong and Chen, Zhengzhang and Ni, Jingchao and Chen, Haifeng},
  booktitle={ACM International Conference on Multimedia},
  pages={5546--5554},
  year={2021}
}

@inproceedings{flaborea2023multimodal,
  title={Multimodal Motion Conditioned Diffusion Model for Skeleton-Based Video Anomaly Detection},
  author={Flaborea, Alessandro and Collorone, Luca and Di Melendugno, Guido Maria D'Amely and D'Arrigo, Stefano and Prenkaj, Bardh and Galasso, Fabio},
  booktitle={International Conference on Computer Vision},
  pages={10318--10329},
  year={2023}
}

@inproceedings{hirschorn2023normalizing,
  title={Normalizing Flows for Human Pose Anomaly Detection},
  author={Hirschorn, Or and Avidan, Shai},
  booktitle={International Conference on Computer Vision},
  pages={13545--13554},
  year={2023}
}

@inproceedings{zaheer2022generative,
  title={Generative Cooperative Learning for Unsupervised Video Anomaly Detection},
  author={Zaheer, M Zaigham and Mahmood, Arif and Khan, M Haris and Segu, Mattia and Yu, Fisher and Lee, Seung-Ik},
  booktitle={Computer Vision and Pattern Recognition},
  pages={14744--14754},
  year={2022}
}

@inproceedings{acsintoae2022ubnormal,
  title={Ubnormal: New Benchmark for Supervised Open-Set Video Anomaly Detection},
  author={Acsintoae, Andra and Florescu, Andrei and Georgescu, Mariana-Iuliana and Mare, Tudor and Sumedrea, Paul and Ionescu, Radu Tudor and Khan, Fahad Shahbaz and Shah, Mubarak},
  booktitle={Computer Vision and Pattern Recognition},
  pages={20143--20153},
  year={2022}
}

@article{chen2023vlp,
  title={Vlp: A Survey on Vision-Language Pre-training},
  author={Chen, Fei-Long and Zhang, Du-Zhen and Han, Ming-Lun and Chen, Xiu-Yi and Shi, Jing and Xu, Shuang and Xu, Bo},
  journal={Machine Intelligence Research},
  pages={38--56},
  year={2023},
}

@inproceedings{li2020oscar,
 author = {Li, Xiujun and Yin, Xi and Li, Chunyuan and Zhang, Pengchuan and Hu, Xiaowei and Zhang, Lei and Wang, Lijuan and Hu, Houdong and Dong, Li and Wei, Furu and Choi, Yejin and Gao, Jianfeng},
 title = {Oscar: Object-Semantics Aligned Pre-training for Vision-Language Tasks},
 booktitle = {European Conference on Computer Vision},
 pages={121--137},
 year = {2020},
}

@inproceedings{zhou2020unified,
  title={Unified Vision-Language Pre-training for Image Captioning and Vqa},
  author={Zhou, Luowei and Palangi, Hamid and Zhang, Lei and Hu, Houdong and Corso, Jason and Gao, Jianfeng},
  booktitle={AAAI Conference on Artificial Intelligence},
  pages={13041--13049},
  year={2020}
}

@inproceedings{zhang2020devlbert,
  title={Devlbert: Learning Deconfounded Visio-Linguistic Representations},
  author={Zhang, Shengyu and Jiang, Tan and Wang, Tan and Kuang, Kun and Zhao, Zhou and Zhu, Jianke and Yu, Jin and Yang, Hongxia and Wu, Fei},
  booktitle={ACM International Conference on Multimedia},
  pages={4373--4382},
  year={2020}
}

@inproceedings{dou2022empirical,
  title={An Empirical Study of Training End-to-End Vision-and-Language Transformers},
  author={Dou, Zi-Yi and Xu, Yichong and Gan, Zhe and Wang, Jianfeng and Wang, Shuohang and Wang, Lijuan and Zhu, Chenguang and Zhang, Pengchuan and Yuan, Lu and Peng, Nanyun and others},
  booktitle={Computer Vision and Pattern Recognition},
  pages={18166--18176},
  year={2022}
}

@inproceedings{NEURIPS2021_50525975,
 author = {Li, Junnan and Selvaraju, Ramprasaath and Gotmare, Akhilesh and Joty, Shafiq and Xiong, Caiming and Hoi, Steven Chu Hong},
 title = {Align before Fuse: Vision and Language Representation Learning with Momentum Distillation},
 booktitle = {Neural Information Processing Systems},
 pages = {9694--9705},
 year = {2021}
}

@article{li2020hero,
  title={Hero: Hierarchical Encoder for Video+ Language Omni-Representation Pre-training},
  author={Li, Linjie and Chen, Yen-Chun and Cheng, Yu and Gan, Zhe and Yu, Licheng and Liu, Jingjing},
  journal={arXiv preprint arXiv:2005.00200},
  year={2020}
}

@inproceedings{jiang2020defense,
  title={In Defense of Grid Features for Visual Question Answering},
  author={Jiang, Huaizu and Misra, Ishan and Rohrbach, Marcus and Learned-Miller, Erik and Chen, Xinlei},
  booktitle={Computer Vision and Pattern Recognition},
  pages={10267--10276},
  year={2020}
}

@misc{huang2024llm2clippowerfullanguagemodel,
  title={LLM2CLIP: Powerful Language Model Unlock Richer Visual Representation},
  author={Weiquan Huang and Aoqi Wu and Yifan Yang and Xufang Luo and Yuqing Yang and Liang Hu and Qi Dai and Xiyang Dai and Dongdong Chen and Chong Luo and Lili Qiu},
  year={2024},
  eprint={2411.04997},
  archivePrefix={arXiv},
  primaryClass={cs.CV},
  url={https://arxiv.org/abs/2411.04997}
}

@article{sun2023eva,
  title={Eva-Clip: Improved Training Techniques for Clip at Scale},
  author={Sun, Quan and Fang, Yuxin and Wu, Ledell and Wang, Xinlong and Cao, Yue},
  journal={arXiv preprint arXiv:2303.15389},
  year={2023}
}

@inproceedings{vaswani2017attention,
  title={Attention is All You Need},
  author={Vaswani, Ashish  and  Shazeer, Noam  and  Parmar, Niki  and  Uszkoreit, Jakob  and  Jones, Llion  and  Gomez, Aidan N  and  Kaiser, Lukasz  and  Polosukhin, Illia},
  booktitle={Neural Information Processing Systems},
  pages={6000--6010},
  year={2017}
}

@inproceedings{wang2019position,
  title={Position focused attention network for image-text matching},
  author={Wang, Yaxiong and Yang, Hao and Qian, Xueming and Ma, Lin and Lu, Jing and Li, Biao and Fan, Xin},
  booktitle={Proceedings of the 28th International Joint Conference on Artificial Intelligence},
  pages={3792--3798},
  year={2019}
}

@article{wang2020pfan++,
  title={PFAN++: Bi-directional image-text retrieval with position focused attention network},
  author={Wang, Yaxiong and Yang, Hao and Bai, Xiuxiu and Qian, Xueming and Ma, Lin and Lu, Jing and Li, Biao and Fan, Xin},
  journal={IEEE Transactions on Multimedia},
  volume={23},
  pages={3362--3376},
  year={2020},
  publisher={IEEE}
}

@inproceedings{jiang2024cala,
  title={CaLa: Complementary Association Learning for Augmenting Comoposed Image Retrieval},
  author={Jiang, Xintong and Wang, Yaxiong and Li, Mengjian and Wu, Yujiao and Hu, Bingwen and Qian, Xueming},
  booktitle={Proceedings of the 47th International ACM SIGIR Conference on Research and Development in Information Retrieval},
  pages={2177--2187},
  year={2024}
}

@article{lin2023diff,
  title={Diff attention: A novel attention scheme for person re-identification},
  author={Lin, Xin and Zhu, Li and Yang, Shuyu and Wang, Yaxiong},
  journal={Computer Vision and Image Understanding},
  volume={228},
  pages={103623},
  year={2023},
  publisher={Elsevier}
}

@inproceedings{wu2024comprehensive,
  title={Comprehensive Survey on Person Identification: Queries, Methods, and Datasets},
  author={Wu, Jingjing and Zhang, Yunkai and Zhou, Xi and Tang, Shengeng and Wei, Yanyan},
  booktitle={Proceedings of the 1st ICMR Workshop on Multimedia Object Re-Identification},
  pages={1--6},
  year={2024}
}

@article{wu2024intermediary,
  title={Intermediary-Generated Bridge Network for RGB-D Cross-Modal Re-Identification},
  author={Wu, Jingjing and Hong, Richang and Tang, Shengeng},
  journal={ACM Transactions on Intelligent Systems and Technology},
  volume={15},
  number={6},
  pages={1--25},
  year={2024}
}


@inproceedings{tang2024sign,
  title={Sign-IDD: Iconicity Disentangled Diffusion for Sign Language Production},
  author={Tang, Shengeng and He, Jiayi and Guo, Dan and Wei, Yanyan and Li, Feng and Hong, Richang},  booktitle={Proceedings of the AAAI Conference on Artificial Intelligence},
  year={2025}
}

@article{tang2024gloss,
  title={Gloss-driven Conditional Diffusion Models for Sign Language Production},
  author={Tang, Shengeng and Xue, Feng and Wu, Jingjing and Wang, Shuo and Hong, Richang},
  journal={ACM Transactions on Multimedia Computing, Communications and Applications},
  year={2024}
}

@article{tang2022graph,
  title={Graph-based multimodal sequential embedding for sign language translation},
  author={Tang, Shengeng and Guo, Dan and Hong, Richang and Wang, Meng},
  journal={IEEE Transactions on Multimedia},
  volume={24},
  pages={4433--4445},
  year={2022}
}

@article{song2024emotional,
  title={Emotional Video Captioning With Vision-Based Emotion Interpretation Network},
  author={Song, Peipei and Guo, Dan and Yang, Xun and Tang, Shengeng and Wang, Meng},
  journal={IEEE Transactions on Image Processing},
  volume={33},
  pages={1122--1135},
  year={2024}
}

@article{ma2024modality,
  title={Modality Alignment Meets Federated Broadcasting},
  author={Ma, Yuting and Tang, Shengeng and Xu, Xiaohua and Cheng, Lechao},
  journal={arXiv preprint arXiv:2411.15837},
  year={2024}
}

@article{wei2025leveraging,
  title={Leveraging vision-language prompts for real-world image restoration and enhancement},
  author={Wei, Yanyan and Zhang, Yilin and Li, Kun and Wang, Fei and Tang, Shengeng and Zhang, Zhao},
  journal={Computer Vision and Image Understanding},
  volume={250},
  pages={104222},
  year={2025}
}

@inproceedings{tang2022gloss,
  title={Gloss semantic-enhanced network with online back-translation for sign language production},
  author={Tang, Shengeng and Hong, Richang and Guo, Dan and Wang, Meng},
  booktitle={Proceedings of the 30th ACM International Conference on Multimedia},
  pages={5630--5638},
  year={2022}
}

@inproceedings{wang2025MORE,
  title={MORE'25 Multimedia Object Re-ID: Advancements, Challenges, and Opportunities},
  author={Wang, Yaxiong and Hou, Yunzhong and Yang, Shuyu and Zheng, Zhedong and Zhong, Zhun and Zheng, Liang},
  booktitle={ACM Web Conference Workshop},
  year={2025}
}
@inproceedings{10.1145/3581783.3612009,
author = {Shen, Fei and Shu, Xiangbo and Du, Xiaoyu and Tang, Jinhui},
title = {Pedestrian-specific Bipartite-aware Similarity Learning for Text-based Person Retrieval},
year = {2023},
booktitle = {ACM International Conference on Multimedia},
pages = {8922–8931},
}

@inproceedings{NEURIPS2021,
 author = {Li, Junnan and Selvaraju, Ramprasaath and Gotmare, Akhilesh and Joty, Shafiq and Xiong, Caiming and Hoi, Steven Chu Hong},
 booktitle = {Neural Information Processing Systems},
 editor = {M. Ranzato and A. Beygelzimer and Y. Dauphin and P.S. Liang and J. Wortman Vaughan},
 pages = {9694--9705},
 title = {Align before Fuse: Vision and Language Representation Learning with Momentum Distillation},
 volume = {34},
 year = {2021}
}
