@inproceedings{NEURIPS2021_50525975,
 author = {Li, Junnan and Selvaraju, Ramprasaath and Gotmare, Akhilesh and Joty, Shafiq and Xiong, Caiming and Hoi, Steven Chu Hong},
 title = {Align before Fuse: Vision and Language Representation Learning with Momentum Distillation},
 booktitle = {Neural Information Processing Systems},
 pages = {9694--9705},
 year = {2021}
}

@inproceedings{acsintoae2022ubnormal,
  title={Ubnormal: New Benchmark for Supervised Open-Set Video Anomaly Detection},
  author={Acsintoae, Andra and Florescu, Andrei and Georgescu, Mariana-Iuliana and Mare, Tudor and Sumedrea, Paul and Ionescu, Radu Tudor and Khan, Fahad Shahbaz and Shah, Mubarak},
  booktitle={Computer Vision and Pattern Recognition},
  pages={20143--20153},
  year={2022}
}

@article{chen2023vlp,
  title={Vlp: A Survey on Vision-Language Pre-training},
  author={Chen, Fei-Long and Zhang, Du-Zhen and Han, Ming-Lun and Chen, Xiu-Yi and Shi, Jing and Xu, Shuang and Xu, Bo},
  journal={Machine Intelligence Research},
  pages={38--56},
  year={2023},
}

@inproceedings{dou2022empirical,
  title={An Empirical Study of Training End-to-End Vision-and-Language Transformers},
  author={Dou, Zi-Yi and Xu, Yichong and Gan, Zhe and Wang, Jianfeng and Wang, Shuohang and Wang, Lijuan and Zhu, Chenguang and Zhang, Pengchuan and Yuan, Lu and Peng, Nanyun and others},
  booktitle={Computer Vision and Pattern Recognition},
  pages={18166--18176},
  year={2022}
}

@inproceedings{feng2021convolutional,
  title={Convolutional Transformer Based Dual Discriminator Generative Adversarial Networks for Video Anomaly Detection},
  author={Feng, Xinyang and Song, Dongjin and Chen, Yuncong and Chen, Zhengzhang and Ni, Jingchao and Chen, Haifeng},
  booktitle={ACM International Conference on Multimedia},
  pages={5546--5554},
  year={2021}
}

@inproceedings{flaborea2023multimodal,
  title={Multimodal Motion Conditioned Diffusion Model for Skeleton-Based Video Anomaly Detection},
  author={Flaborea, Alessandro and Collorone, Luca and Di Melendugno, Guido Maria D'Amely and D'Arrigo, Stefano and Prenkaj, Bardh and Galasso, Fabio},
  booktitle={International Conference on Computer Vision},
  pages={10318--10329},
  year={2023}
}

@inproceedings{hirschorn2023normalizing,
  title={Normalizing Flows for Human Pose Anomaly Detection},
  author={Hirschorn, Or and Avidan, Shai},
  booktitle={International Conference on Computer Vision},
  pages={13545--13554},
  year={2023}
}

@inproceedings{jiang2020defense,
  title={In Defense of Grid Features for Visual Question Answering},
  author={Jiang, Huaizu and Misra, Ishan and Rohrbach, Marcus and Learned-Miller, Erik and Chen, Xinlei},
  booktitle={Computer Vision and Pattern Recognition},
  pages={10267--10276},
  year={2020}
}

@inproceedings{li2017person,
  title={Person Search with Natural Language Description},
  author={Li, Shuang and Xiao, Tong and Li, Hongsheng and Zhou, Bolei and Yue, Dayu and Wang, Xiaogang},
  booktitle={Computer Vision and Pattern Recognition},
  pages={1970--1979},
  year={2017}
}

@article{li2020hero,
  title={Hero: Hierarchical Encoder for Video+ Language Omni-Representation Pre-training},
  author={Li, Linjie and Chen, Yen-Chun and Cheng, Yu and Gan, Zhe and Yu, Licheng and Liu, Jingjing},
  journal={arXiv preprint arXiv:2005.00200},
  year={2020}
}

@inproceedings{li2020oscar,
 author = {Li, Xiujun and Yin, Xi and Li, Chunyuan and Zhang, Pengchuan and Hu, Xiaowei and Zhang, Lei and Wang, Lijuan and Hu, Houdong and Dong, Li and Wei, Furu and Choi, Yejin and Gao, Jianfeng},
 title = {Oscar: Object-Semantics Aligned Pre-training for Vision-Language Tasks},
 booktitle = {European Conference on Computer Vision},
 pages={121--137},
 year = {2020},
}

@article{niu2020improving,
  title={Improving Description-Based Person Re-Identification by Multi-Granularity Image-Text Alignments},
  author={Niu, Kai and Huang, Yan and Ouyang, Wanli and Wang, Liang},
  journal={IEEE Transactions on Image Processing},
  pages={5542--5556},
  year={2020},
}

@article{wei2025leveraging,
  title={Leveraging vision-language prompts for real-world image restoration and enhancement},
  author={Wei, Yanyan and Zhang, Yilin and Li, Kun and Wang, Fei and Tang, Shengeng and Zhang, Zhao},
  journal={Computer Vision and Image Understanding},
  volume={250},
  pages={104222},
  year={2025}
}

@inproceedings{zaheer2022generative,
  title={Generative Cooperative Learning for Unsupervised Video Anomaly Detection},
  author={Zaheer, M Zaigham and Mahmood, Arif and Khan, M Haris and Segu, Mattia and Yu, Fisher and Lee, Seung-Ik},
  booktitle={Computer Vision and Pattern Recognition},
  pages={14744--14754},
  year={2022}
}

@inproceedings{zhang2018deep,
  title={Deep Cross-Modal Projection Learning for Image-Text Matching},
  author={Zhang, Ying and Lu, Huchuan},
  booktitle={European Conference on Computer Vision},
  pages={686--701},
  year={2018}
}

@inproceedings{zhang2020devlbert,
  title={Devlbert: Learning Deconfounded Visio-Linguistic Representations},
  author={Zhang, Shengyu and Jiang, Tan and Wang, Tan and Kuang, Kun and Zhao, Zhou and Zhu, Jianke and Yu, Jin and Yang, Hongxia and Wu, Fei},
  booktitle={ACM International Conference on Multimedia},
  pages={4373--4382},
  year={2020}
}

@inproceedings{zhou2020unified,
  title={Unified Vision-Language Pre-training for Image Captioning and Vqa},
  author={Zhou, Luowei and Palangi, Hamid and Zhang, Lei and Hu, Houdong and Corso, Jason and Gao, Jianfeng},
  booktitle={AAAI Conference on Artificial Intelligence},
  pages={13041--13049},
  year={2020}
}

