@inproceedings{bossek2019evolving,
  title={Evolving diverse TSP instances by means of novel and creative mutation operators},
  author={Bossek, Jakob and Kerschke, Pascal and Neumann, Aneta and Wagner, Markus and Neumann, Frank and Trautmann, Heike},
  booktitle={Proceedings of the 15th ACM/SIGEVO conference on foundations of genetic algorithms},
  pages={58--71},
  year={2019}
}

@article{gent1996tsp,
  title={The TSP phase transition},
  author={Gent, Ian P and Walsh, Toby},
  journal={Artificial Intelligence},
  volume={88},
  number={1-2},
  pages={349--358},
  year={1996},
  publisher={Elsevier}
}

@article{gil2023evolving,
  title={Evolving ensembles of heuristics for the travelling salesman problem},
  author={Gil-Gala, Francisco J and Durasevi{\'c}, Marko and Sierra, Mar{\'\i}a R and Varela, Ramiro},
  journal={Natural Computing},
  volume={22},
  number={4},
  pages={671--684},
  year={2023},
  publisher={Springer}
}

@article{lischka2024less,
  title={Less Is More-On the Importance of Sparsification for Transformers and Graph Neural Networks for TSP},
  author={Lischka, Attila and Wu, Jiaming and Basso, Rafael and Chehreghani, Morteza Haghir and Kulcs{\'a}r, Bal{\'a}zs},
  journal={arXiv preprint arXiv:2403.17159},
  year={2024}
}

@article{wang2021game,
  title={A game-theoretic approach for improving generalization ability of TSP solvers},
  author={Wang, Chenguang and Yang, Yaodong and Slumbers, Oliver and Han, Congying and Guo, Tiande and Zhang, Haifeng and Wang, Jun},
  journal={arXiv preprint arXiv:2110.15105},
  year={2021}
}

@article{wang2024asp,
  title={Asp: Learn a universal neural solver!},
  author={Wang, Chenguang and Yu, Zhouliang and McAleer, Stephen and Yu, Tianshu and Yang, Yaodong},
  journal={IEEE Transactions on Pattern Analysis and Machine Intelligence},
  year={2024},
  publisher={IEEE}
}

@inproceedings{yehuda2020s,
  title={It’s not what machines can learn, it’s what we cannot teach},
  author={Yehuda, Gal and Gabel, Moshe and Schuster, Assaf},
  booktitle={International conference on machine learning},
  pages={10831--10841},
  year={2020},
  organization={PMLR}
}

@inproceedings{zhang2022learning,
  title={Learning to solve travelling salesman problem with hardness-adaptive curriculum},
  author={Zhang, Zeyang and Zhang, Ziwei and Wang, Xin and Zhu, Wenwu},
  booktitle={Proceedings of the AAAI Conference on Artificial Intelligence},
  volume={36},
  number={8},
  pages={9136--9144},
  year={2022}
}

