@article{bib1,
author = {Rosenkrantz, Daniel and Stearns, Richard and II, Philip},
year = {1977},
month = {09},
pages = {563-581},
title = {An Analysis of Several Heuristics for the Traveling Salesman Problem},
volume = {6},
isbn = {978-1-4020-9687-7},
journal = {SIAM J. Comput.},
doi = {10.1137/0206041}
}
Johnson, David S., Lyle A. McGeoch, and Edward E. Rothberg. "Asymptotic experimental analysis for the Held-Karp traveling salesman bound." Proceedings of the 7th Annual ACM-SIAM Symposium on Discrete Algorithms. Vol. 341. San Francisco: ACM Press, 1996.
@article{bib2,
    author = {Johnson David S., Lyle A. McGeoch and Edward E. Rothberg} ,
    title = {Asymptotic experimental analysis for the Held-Karp traveling salesman bound},
    journal = {roceedings of the 7th Annual ACM-SIAM Symposium on Discrete Algorithms} ,
    year = {1996},
    publisher={ACM Press},
    volume = {341}
}
@article{Beardwood59,
    author = {Beardwood Jillian, John H. Halton and John Michael Hammersley} ,
    title = {The shortest path through many points} ,
    volume = {55},
    number = {4},
    year = {1959},
    publisher = {Cambridge University Press},
    journal = {Mathematical proceedings of the Cambridge philosophical society}
}
@article{Bresson2021,
  title={The transformer network for the traveling salesman problem},
  author={Bresson Xavier and Thomas Laurent},
  journal={arXiv preprint arXiv:2103.03012},
  year={2021}
}

@article{barabasi1999emergence,
  title={Emergence of scaling in random networks},
  author={Barab{\'a}si, Albert-L{\'a}szl{\'o} and Albert, R{\'e}ka},
  journal={science},
  volume={286},
  number={5439},
  pages={509--512},
  year={1999},
  publisher={American Association for the Advancement of Science}
}
arXiv preprint arXiv:2103.03012 (2021).
@article{barabasi2009scale,
  title={Scale-free networks: a decade and beyond},
  author={Barab{\'a}si, Albert-L{\'a}szl{\'o}},
  journal={science},
  volume={325},
  number={5939},
  pages={412--413},
  year={2009},
  publisher={American Association for the Advancement of Science}
}

@article{albert2002statistical,
  title={Statistical mechanics of complex networks},
  author={Albert, R{\'e}ka and Barab{\'a}si, Albert-L{\'a}szl{\'o}},
  journal={Reviews of modern physics},
  volume={74},
  number={1},
  pages={47},
  year={2002},
  publisher={APS}
}

@article{fruchterman1991graph,
  title={Graph drawing by force-directed placement},
  author={Fruchterman, Thomas MJ and Reingold, Edward M},
  journal={Software: Practice and experience},
  volume={21},
  number={11},
  pages={1129--1164},
  year={1991},
  publisher={Wiley Online Library}
}
@article{reinelt1995tsplib95,
  title={Tsplib95},
  author={Reinelt, Gerhard},
  journal={Interdisziplin{\"a}res Zentrum f{\"u}r Wissenschaftliches Rechnen (IWR), Heidelberg},
  volume={338},
  pages={1--16},
  year={1995}
}

@article{onwubolu2004optimizing,
  title={Optimizing CNC drilling machine operations: traveling salesman problem-differential evolution approach},
  author={Onwubolu, Godfrey C and Babu, BV and Onwubolu, Godfrey C},
  journal={New optimization techniques in engineering},
  pages={537--565},
  year={2004},
  publisher={Springer}
}

@article{sanchis1990complexity,
  title={On the complexity of test case generation for NP-hard problems},
  author={Sanchis, Laura A.},
  journal={Information Processing Letters},
  volume={36},
  number={3},
  pages={135--140},
  year={1990}
}

@inproceedings{yehuda2020s,
  title={It’s not what machines can learn, it’s what we cannot teach},
  author={Yehuda, Gal and Gabel, Moshe and Schuster, Assaf},
  booktitle={International conference on machine learning},
  pages={10831--10841},
  year={2020},
  organization={PMLR}
}

@article{wang2024asp,
  title={Asp: Learn a universal neural solver!},
  author={Wang, Chenguang and Yu, Zhouliang and McAleer, Stephen and Yu, Tianshu and Yang, Yaodong},
  journal={IEEE Transactions on Pattern Analysis and Machine Intelligence},
  year={2024},
  publisher={IEEE}
}

@article{Jingyan:196322,
author = {Jingyan Sui and Shizhe Ding and Xulin Huang and Yue Yu and Ruizhi Liu and Boyang Xia and Zhenxin Ding and Liming Xu and Haicang Zhang and Chungong Yu and Dongbo Bu},
title = {A survey on deep learning-based algorithms for the traveling salesman problem},
publisher = {Front. Comput. Sci.},
year = {2025},
journal = {Frontiers of Computer Science},
volume = {19},
number = {6},
eid = {196322},
numpages = {0},
pages = {196322},
keywords = {traveling salesman problem;algorithms design;deep learning;neural network},
url = {https://journal.hep.com.cn/fcs/EN/abstract/article_39985.shtml},
doi = {10.1007/s11704-024-40490-y}
}  

@article{joshi2022learning,
  title={Learning the travelling salesperson problem requires rethinking generalization},
  author={Joshi, Chaitanya K and Cappart, Quentin and Rousseau, Louis-Martin and Laurent, Thomas},
  journal={Constraints},
  volume={27},
  number={1},
  pages={70--98},
  year={2022},
  publisher={Springer}
}

@article{yook2024cycleformer,
  title={CycleFormer: TSP Solver Based on Language Modeling},
  author={Yook, Jieun and Seo, Junpyo and Huh, Joon and Byun, Han Joon and Moon, Byung-ro},
  journal={arXiv preprint arXiv:2405.20042},
  year={2024}
}

@article{held1962dynamic,
  title={A dynamic programming approach to sequencing problems},
  author={Held, Michael and Karp, Richard M},
  journal={Journal of the Society for Industrial and Applied mathematics},
  volume={10},
  number={1},
  pages={196--210},
  year={1962},
  publisher={SIAM}
}

@article{baniasadi2020transformation,
  title={A transformation technique for the clustered generalized traveling salesman problem with applications to logistics},
  author={Baniasadi, Pouya and Foumani, Mehdi and Smith-Miles, Kate and Ejov, Vladimir},
  journal={European Journal of Operational Research},
  volume={285},
  number={2},
  pages={444--457},
  year={2020},
  publisher={Elsevier}
}

@article{ralphs2003capacitated,
  title={On the capacitated vehicle routing problem},
  author={Ralphs, Ted K and Kopman, Leonid and Pulleyblank, William R and Trotter, Leslie E},
  journal={Mathematical programming},
  volume={94},
  pages={343--359},
  year={2003},
  publisher={Springer}
}

@article{bagchi2006review,
  title={A review of TSP based approaches for flowshop scheduling},
  author={Bagchi, Tapan P and Gupta, Jatinder ND and Sriskandarajah, Chelliah},
  journal={European Journal of Operational Research},
  volume={169},
  number={3},
  pages={816--854},
  year={2006},
  publisher={Elsevier}
}

@article{volgenant1982branch,
  title={A branch and bound algorithm for the symmetric traveling salesman problem based on the 1-tree relaxation},
  author={Volgenant, Ton and Jonker, Roy},
  journal={European Journal of Operational Research},
  volume={9},
  number={1},
  pages={83--89},
  year={1982},
  publisher={Elsevier}
}

@article{larranaga1999genetic,
  title={Genetic algorithms for the travelling salesman problem: A review of representations and operators},
  author={Larranaga, Pedro and Kuijpers, Cindy M. H. and Murga, Roberto H. and Inza, Inaki and Dizdarevic, Sejla},
  journal={Artificial intelligence review},
  volume={13},
  pages={129--170},
  year={1999},
  publisher={Springer}
}

@article{lecun2015deep,
  title={Deep learning},
  author={LeCun, Yann and Bengio, Yoshua and Hinton, Geoffrey},
  journal={nature},
  volume={521},
  number={7553},
  pages={436--444},
  year={2015},
  publisher={Nature Publishing Group UK London}
}

@article{vinyals2015pointer,
  title={Pointer networks},
  author={Vinyals, Oriol and Fortunato, Meire and Jaitly, Navdeep},
  journal={Advances in neural information processing systems},
  volume={28},
  year={2015}
}

@article{kool2018attention,
  title={Attention, learn to solve routing problems!},
  author={Kool, Wouter and Van Hoof, Herke and Welling, Max},
  journal={arXiv preprint arXiv:1803.08475},
  year={2018}
}

@inproceedings{jin2023pointerformer,
  title={Pointerformer: Deep reinforced multi-pointer transformer for the traveling salesman problem},
  author={Jin, Yan and Ding, Yuandong and Pan, Xuanhao and He, Kun and Zhao, Li and Qin, Tao and Song, Lei and Bian, Jiang},
  booktitle={Proceedings of the AAAI Conference on Artificial Intelligence},
  volume={37},
  number={7},
  pages={8132--8140},
  year={2023}
}

@article{wang2021game,
  title={A game-theoretic approach for improving generalization ability of TSP solvers},
  author={Wang, Chenguang and Yang, Yaodong and Slumbers, Oliver and Han, Congying and Guo, Tiande and Zhang, Haifeng and Wang, Jun},
  journal={arXiv preprint arXiv:2110.15105},
  year={2021}
}

@inproceedings{zhang2022learning,
  title={Learning to solve travelling salesman problem with hardness-adaptive curriculum},
  author={Zhang, Zeyang and Zhang, Ziwei and Wang, Xin and Zhu, Wenwu},
  booktitle={Proceedings of the AAAI Conference on Artificial Intelligence},
  volume={36},
  number={8},
  pages={9136--9144},
  year={2022}
}

@article{gent1996tsp,
  title={The TSP phase transition},
  author={Gent, Ian P and Walsh, Toby},
  journal={Artificial Intelligence},
  volume={88},
  number={1-2},
  pages={349--358},
  year={1996},
  publisher={Elsevier}
}

@article{gil2023evolving,
  title={Evolving ensembles of heuristics for the travelling salesman problem},
  author={Gil-Gala, Francisco J and Durasevi{\'c}, Marko and Sierra, Mar{\'\i}a R and Varela, Ramiro},
  journal={Natural Computing},
  volume={22},
  number={4},
  pages={671--684},
  year={2023},
  publisher={Springer}
}

@article{kwon2020pomo,
  title={Pomo: Policy optimization with multiple optima for reinforcement learning},
  author={Kwon, Yeong-Dae and Choo, Jinho and Kim, Byoungjip and Yoon, Iljoo and Gwon, Youngjune and Min, Seungjai},
  journal={Advances in Neural Information Processing Systems},
  volume={33},
  pages={21188--21198},
  year={2020}
}

@article{applegate1998solution,
  title={On the solution of traveling salesman problems},
  author={Applegate, David and Bixby, Robert and Cook, William and Chv{\'a}tal, Vasek},
  year={1998},
  publisher={Rheinische Friedrich-Wilhelms-Universit{\"a}t Bonn}
}

@book{applegate1995finding,
  title={Finding cuts in the TSP (A preliminary report)},
  author={Applegate, David and Bixby, Robert and Chv{\'a}tal, Va{\v{s}}ek and Cook, William},
  volume={95},
  year={1995},
  publisher={Citeseer}
}



@article{lischka2024less,
  title={Less Is More-On the Importance of Sparsification for Transformers and Graph Neural Networks for TSP},
  author={Lischka, Attila and Wu, Jiaming and Basso, Rafael and Chehreghani, Morteza Haghir and Kulcs{\'a}r, Bal{\'a}zs},
  journal={arXiv preprint arXiv:2403.17159},
  year={2024}
}

@inproceedings{bossek2019evolving,
  title={Evolving diverse TSP instances by means of novel and creative mutation operators},
  author={Bossek, Jakob and Kerschke, Pascal and Neumann, Aneta and Wagner, Markus and Neumann, Frank and Trautmann, Heike},
  booktitle={Proceedings of the 15th ACM/SIGEVO conference on foundations of genetic algorithms},
  pages={58--71},
  year={2019}
}

@misc{wu2023dataoptimizationdeeplearning,
      title={Data Optimization in Deep Learning: A Survey}, 
      author={Ou Wu and Rujing Yao},
      year={2023},
      eprint={2310.16499},
      archivePrefix={arXiv},
      primaryClass={cs.LG},
      url={https://arxiv.org/abs/2310.16499}, 
}

@misc{kaplan2020scalinglawsneurallanguage,
      title={Scaling Laws for Neural Language Models}, 
      author={Jared Kaplan and Sam McCandlish and Tom Henighan and Tom B. Brown and Benjamin Chess and Rewon Child and Scott Gray and Alec Radford and Jeffrey Wu and Dario Amodei},
      year={2020},
      eprint={2001.08361},
      archivePrefix={arXiv},
      primaryClass={cs.LG},
      url={https://arxiv.org/abs/2001.08361}, 
}

@article{min2024size,
  title={On Size and Hardness Generalization in Unsupervised Learning for the Travelling Salesman Problem},
  author={Min, Yimeng and Gomes, Carla P},
  journal={arXiv preprint arXiv:2403.20212},
  year={2024}
}

@incollection{gasse2022machine,
  title={Machine Learning for Combinatorial Optimization},
  author={Gasse, Maxime and Lodi, Andrea},
  booktitle={Encyclopedia of Optimization},
  pages={1--13},
  year={2022},
  publisher={Springer}
}

@article{bengio2021machine,
  title={Machine learning for combinatorial optimization: a methodological tour d’horizon},
  author={Bengio, Yoshua and Lodi, Andrea and Prouvost, Antoine},
  journal={European Journal of Operational Research},
  volume={290},
  number={2},
  pages={405--421},
  year={2021},
  publisher={Elsevier}
}

@article{geirhos2020shortcut,
  title={Shortcut learning in deep neural networks},
  author={Geirhos, Robert and Jacobsen, J{\"o}rn-Henrik and Michaelis, Claudio and Zemel, Richard and Brendel, Wieland and Bethge, Matthias and Wichmann, Felix A},
  journal={Nature Machine Intelligence},
  volume={2},
  number={11},
  pages={665--673},
  year={2020},
  publisher={Nature Publishing Group UK London}
}

@article{mitchell2023debate,
  title={The debate over understanding in AI’s large language models},
  author={Mitchell, Melanie and Krakauer, David C},
  journal={Proceedings of the National Academy of Sciences},
  volume={120},
  number={13},
  pages={e2215907120},
  year={2023},
  publisher={National Acad Sciences}
}
@article{geirhos2018imagenet,
  title={ImageNet-trained CNNs are biased towards texture; increasing shape bias improves accuracy and robustness},
  author={Geirhos, Robert and Rubisch, Patricia and Michaelis, Claudio and Bethge, Matthias and Wichmann, Felix A and Brendel, Wieland},
  journal={arXiv preprint arXiv:1811.12231},
  year={2018}
}

@inproceedings{kizilatecs2013nearest,
  title={On the nearest neighbor algorithms for the traveling salesman problem},
  author={Kizilate{\c{s}}, G{\"o}zde and Nuriyeva, Fidan},
  booktitle={Advances in Computational Science, Engineering and Information Technology: Proceedings of the Third International Conference on Computational Science, Engineering and Information Technology (CCSEIT-2013), KTO Karatay University, June 7-9, 2013, Konya, Turkey-Volume 1},
  pages={111--118},
  year={2013},
  organization={Springer}
}