@inproceedings{BERT,
  author       = {Jacob Devlin and
                  Ming{-}Wei Chang and
                  Kenton Lee and
                  Kristina Toutanova},
  editor       = {Jill Burstein and
                  Christy Doran and
                  Thamar Solorio},
  title        = {{BERT:} Pre-training of Deep Bidirectional Transformers for Language
                  Understanding},
  booktitle    = {Proceedings of the 2019 Conference of the North American Chapter of
                  the Association for Computational Linguistics: Human Language Technologies,
                  {NAACL-HLT} 2019, Minneapolis, MN, USA, June 2-7, 2019, Volume 1 (Long
                  and Short Papers)},
  pages        = {4171--4186},
  publisher    = {Association for Computational Linguistics},
  year         = {2019},
  url          = {https://doi.org/10.18653/v1/n19-1423},
  doi          = {10.18653/V1/N19-1423},
  timestamp    = {Mon, 26 Sep 2022 12:21:55 +0200},
  biburl       = {https://dblp.org/rec/conf/naacl/DevlinCLT19.bib},
  bibsource    = {dblp computer science bibliography, https://dblp.org}
}

@article{ChartAdapter2024,
  author       = {Peixin Xu and
                  Yujuan Ding and
                  Wenqi Fan},
  title        = {ChartAdapter: Large Vision-Language Model for Chart Summarization},
  journal      = {CoRR},
  volume       = {abs/2412.20715},
  year         = {2024},
  url          = {https://doi.org/10.48550/arXiv.2412.20715},
  doi          = {10.48550/ARXIV.2412.20715},
  eprinttype    = {arXiv},
  eprint       = {2412.20715},
  timestamp    = {Sat, 25 Jan 2025 22:09:29 +0100},
  biburl       = {https://dblp.org/rec/journals/corr/abs-2412-20715.bib},
  bibsource    = {dblp computer science bibliography, https://dblp.org}
}

@article{ChartAssistant2024,
  title={Chartassisstant: A universal chart multimodal language model via chart-to-table pre-training and multitask instruction tuning},
  author={Meng, Fanqing and Shao, Wenqi and Lu, Quanfeng and Gao, Peng and Zhang, Kaipeng and Qiao, Yu and Luo, Ping},
  journal={arXiv preprint arXiv:2401.02384},
  year={2024}
}

@inproceedings{ChartThinker2024,
  author       = {Mengsha Liu and
                  Daoyuan Chen and
                  Yaliang Li and
                  Guian Fang and
                  Ying Shen},
  editor       = {Nicoletta Calzolari and
                  Min{-}Yen Kan and
                  V{\'{e}}ronique Hoste and
                  Alessandro Lenci and
                  Sakriani Sakti and
                  Nianwen Xue},
  title        = {ChartThinker: {A} Contextual Chain-of-Thought Approach to Optimized
                  Chart Summarization},
  booktitle    = {Proceedings of the 2024 Joint International Conference on Computational
                  Linguistics, Language Resources and Evaluation, {LREC/COLING} 2024,
                  20-25 May, 2024, Torino, Italy},
  pages        = {3057--3074},
  publisher    = {{ELRA} and {ICCL}},
  year         = {2024},
  url          = {https://aclanthology.org/2024.lrec-main.273},
  timestamp    = {Fri, 12 Jul 2024 11:52:24 +0200},
  biburl       = {https://dblp.org/rec/conf/coling/LiuCLFS24.bib},
  bibsource    = {dblp computer science bibliography, https://dblp.org}
}

@inproceedings{EmergentAbilities,
  author       = {Flavio Petruzzellis and
                  Alberto Testolin and
                  Alessandro Sperduti},
  editor       = {Michael Wand and
                  Krist{\'{\i}}na Malinovsk{\'{a}} and
                  J{\"{u}}rgen Schmidhuber and
                  Igor V. Tetko},
  title        = {Assessing the Emergent Symbolic Reasoning Abilities of Llama Large
                  Language Models},
  booktitle    = {Artificial Neural Networks and Machine Learning - {ICANN} 2024 - 33rd
                  International Conference on Artificial Neural Networks, Lugano, Switzerland,
                  September 17-20, 2024, Proceedings, Part {V}},
  series       = {Lecture Notes in Computer Science},
  volume       = {15020},
  pages        = {266--276},
  publisher    = {Springer},
  year         = {2024},
  url          = {https://doi.org/10.1007/978-3-031-72344-5\_18},
  doi          = {10.1007/978-3-031-72344-5\_18},
  timestamp    = {Sun, 29 Sep 2024 21:17:21 +0200},
  biburl       = {https://dblp.org/rec/conf/icann/PetruzzellisTS24.bib},
  bibsource    = {dblp computer science bibliography, https://dblp.org}
}

@inproceedings{GPT,
  author       = {Zhenhailong Wang and
                  Manling Li and
                  Ruochen Xu and
                  Luowei Zhou and
                  Jie Lei and
                  Xudong Lin and
                  Shuohang Wang and
                  Ziyi Yang and
                  Chenguang Zhu and
                  Derek Hoiem and
                  Shih{-}Fu Chang and
                  Mohit Bansal and
                  Heng Ji},
  editor       = {Sanmi Koyejo and
                  S. Mohamed and
                  A. Agarwal and
                  Danielle Belgrave and
                  K. Cho and
                  A. Oh},
  title        = {Language Models with Image Descriptors are Strong Few-Shot Video-Language
                  Learners},
  booktitle    = {Advances in Neural Information Processing Systems 35: Annual Conference
                  on Neural Information Processing Systems 2022, NeurIPS 2022, New Orleans,
                  LA, USA, November 28 - December 9, 2022},
  year         = {2022},
  url          = {http://papers.nips.cc/paper\_files/paper/2022/hash/381ceeae4a1feb1abc59c773f7e61839-Abstract-Conference.html},
  timestamp    = {Mon, 08 Jan 2024 16:31:37 +0100},
  biburl       = {https://dblp.org/rec/conf/nips/WangLXZ00WY0HCB22.bib},
  bibsource    = {dblp computer science bibliography, https://dblp.org}
}

@inproceedings{LLMChallenges,
  author       = {Emily M. Bender and
                  Timnit Gebru and
                  Angelina McMillan{-}Major and
                  Shmargaret Shmitchell},
  editor       = {Madeleine Clare Elish and
                  William Isaac and
                  Richard S. Zemel},
  title        = {On the Dangers of Stochastic Parrots: Can Language Models Be Too Big?},
  booktitle    = {FAccT '21: 2021 {ACM} Conference on Fairness, Accountability, and
                  Transparency, Virtual Event / Toronto, Canada, March 3-10, 2021},
  pages        = {610--623},
  publisher    = {{ACM}},
  year         = {2021},
  url          = {https://doi.org/10.1145/3442188.3445922},
  doi          = {10.1145/3442188.3445922},
  timestamp    = {Fri, 05 May 2023 15:54:55 +0200},
  biburl       = {https://dblp.org/rec/conf/fat/BenderGMS21.bib},
  bibsource    = {dblp computer science bibliography, https://dblp.org}
}

@article{LLMTasks,
  author       = {Michael Wornow and
                  Yizhe Xu and
                  Rahul Thapa and
                  Birju S. Patel and
                  Ethan Steinberg and
                  Scott L. Fleming and
                  Michael A. Pfeffer and
                  Jason A. Fries and
                  Nigam H. Shah},
  title        = {The Shaky Foundations of Clinical Foundation Models: {A} Survey of
                  Large Language Models and Foundation Models for EMRs},
  journal      = {CoRR},
  volume       = {abs/2303.12961},
  year         = {2023},
  url          = {https://doi.org/10.48550/arXiv.2303.12961},
  doi          = {10.48550/ARXIV.2303.12961},
  eprinttype    = {arXiv},
  eprint       = {2303.12961},
  timestamp    = {Thu, 13 Apr 2023 17:40:16 +0200},
  biburl       = {https://dblp.org/rec/journals/corr/abs-2303-12961.bib},
  bibsource    = {dblp computer science bibliography, https://dblp.org}
}

@article{OCRChart2text,
  title={Chart-to-text: A large-scale benchmark for chart summarization},
  author={Kantharaj, Shankar and Leong, Rixie Tiffany Ko and Lin, Xiang and Masry, Ahmed and Thakkar, Megh and Hoque, Enamul and Joty, Shafiq},
  journal={arXiv preprint arXiv:2203.06486},
  year={2022}
}

@inproceedings{OCRChartSum,
  title={Extractive Odia Text Summarization System: An OCR Based Approach},
  author={Parida, Shantipriya},
  booktitle={Biologically Inspired Techniques in Many-Criteria Decision Making: International Conference on Biologically Inspired Techniques in Many-Criteria Decision Making (BITMDM-2019)},
  volume={10},
  pages={136},
  year={2020},
  organization={Springer Nature}
}

@article{StructChartSum,
  title={Automatic structured text summarization with concept maps},
  author={Falke, Tobias},
  year={2019},
  publisher={Technische Universit{\"a}t Darmstadt}
}

@article{TemplateChartSum,
  title={Automatic chart understanding: a review},
  author={Farahani, Ali Mazraeh and Adibi, Peyman and Ehsani, Mohammad Saeed and Hutter, Hans-Peter and Darvishy, Alireza},
  journal={IEEE Access},
  volume={11},
  pages={76202--76221},
  year={2023},
  publisher={IEEE}
}

@inproceedings{Transformer,
  author       = {Xiaopeng Zhang and
                  Haoyu Yang and
                  Evangeline F. Y. Young},
  title        = {Attentional Transfer is All You Need: Technology-aware Layout Pattern
                  Generation},
  booktitle    = {58th {ACM/IEEE} Design Automation Conference, {DAC} 2021, San Francisco,
                  CA, USA, December 5-9, 2021},
  pages        = {169--174},
  publisher    = {{IEEE}},
  year         = {2021},
  url          = {https://doi.org/10.1109/DAC18074.2021.9586227},
  doi          = {10.1109/DAC18074.2021.9586227},
  timestamp    = {Wed, 03 May 2023 17:06:11 +0200},
  biburl       = {https://dblp.org/rec/conf/dac/ZhangYY21.bib},
  bibsource    = {dblp computer science bibliography, https://dblp.org}
}

@article{wang2024diffusion,
  title={Diffusion Model with Representation Alignment for Protein Inverse Folding},
  author={Wang, Chenglin and Zhou, Yucheng and Zhai, Zijie and Shen, Jianbing and Zhang, Kai},
  journal={arXiv preprint arXiv:2412.09380},
  year={2024}
}

@article{wang2024memorymamba,
  title={Memorymamba: Memory-augmented state space model for defect recognition},
  author={Wang, Qianning and Hu, He and Zhou, Yucheng},
  journal={arXiv preprint arXiv:2405.03673},
  year={2024}
}

@misc{zhou2024less,
  title={Less Is More: Vision Representation Compression for Efficient Video Generation with Large Language Models},
  author={Zhou, Yucheng and Zhang, Jihai and Chen, Guanjie and Shen, Jianbing and Cheng, Yu},
  year={2024},
  publisher={OpenReview}
}

@inproceedings{zhou2024visual,
  author       = {Yucheng Zhou and
                  Xiang Li and
                  Qianning Wang and
                  Jianbing Shen},
  title        = {Visual In-Context Learning for Large Vision-Language Models},
  booktitle    = {Findings of the Association for Computational Linguistics, {ACL} 2024,
                  Bangkok, Thailand and virtual meeting, August 11-16, 2024},
  pages        = {15890--15902},
  publisher    = {Association for Computational Linguistics},
  year         = {2024},
}

