@article{agrawal2024exploring,
  title={Can LLMs Perform Structured Graph Reasoning Tasks?},
  author={Agrawal, Palaash and Vasania, Shavak and Tan, Cheston},
  journal={arXiv:2402.01805},
  year={2024}
}

@article{besta2024demystifying,
  title={Demystifying Chains, Trees, and Graphs of Thoughts},
  author={Besta, Maciej and Memedi, Florim and Zhang, Zhenyu and Gerstenberger, Robert and Piao, Guangyuan and Blach, Nils and Nyczyk, Piotr and Copik, Marcin and Kwasniewski, Grzegorz and M{\"u}ller, J{\"u}rgen and others},
  journal={arXiv:2401.14295},
  year={2024},
    abstract={}

}

@inproceedings{besta2024graph,
  title={Graph of Thoughts: Solving Elaborate Problems with Large Language Models},
  author={Besta, Maciej and Blach, Nils and Kubicek, Ales and Gerstenberger, Robert and Podstawski, Michal and Gianinazzi, Lukas and Gajda, Joanna and Lehmann, Tomasz and Niewiadomski, Hubert and Nyczyk, Piotr and others},
  booktitle={AAAI},
  year={2024}
}

@article{cao2024graphinsight,
  title={GraphInsight: Unlocking Insights in Large Language Models for Graph Structure Understanding},
  author={Cao, Yukun and Han, Shuo and Gao, Zengyi and Ding, Zezhong and Xie, Xike and Zhou, S Kevin},
  journal={arXiv:2409.03258},
  year={2024}
}

@article{chai2023graphllm,
  title={Graphllm: Boosting Graph Reasoning Ability of Large Language Model},
  author={Chai, Ziwei and Zhang, Tianjie and Wu, Liang and Han, Kaiqiao and Hu, Xiaohai and Huang, Xuanwen and Yang, Yang},
  journal={arXiv:2310.05845},
  year={2023}
}

@article{chen2024exploring,
  title={Exploring the Potential of Large Language Models ({LLM}s) in Learning on Graphs},
  author={Chen, Zhikai and Mao, Haitao and Li, Hang and Jin, Wei and Wen, Hongzhi and Wei, Xiaochi and Wang, Shuaiqiang and Yin, Dawei and Fan, Wenqi and Liu, Hui and others},
  journal={ACM SIGKDD Explorations Newsletter},
  volume={25},
  number={2},
  pages={42--61},
  year={2024}
}

@article{dai2024revisiting,
  title={Revisiting the Graph Reasoning Ability of Large Language Models: Case Studies in Translation, Connectivity and Shortest Path},
  author={Dai, Xinnan and Wen, Qihao and Shen, Yifei and Wen, Hongzhi and Li, Dongsheng and Tang, Jiliang and Shan, Caihua},
  journal={arXiv:2408.09529},
  year={2024}
}

@article{drakulic2024goal,
  title={Goal: A Generalist Combinatorial Optimization Agent Learner},
  author={Drakulic, Darko and Michel, Sofia and Andreoli, Jean-Marc},
  journal={arXiv:2406.15079},
  year={2024}
}

@article{elhenawy2024eyeballing,
  title={Eyeballing Combinatorial Problems: A Case Study of Using Multimodal Large Language Models to Solve Traveling Salesman Problems},
  author={Elhenawy, Mohammed and Abdelhay, Ahmed and Alhadidi, Taqwa I and Ashqar, Huthaifa I and Jaradat, Shadi and Jaber, Ahmed and Glaser, Sebastien and Rakotonirainy, Andry},
  journal={arXiv:2406.06865},
  year={2024}
}

@article{elhenawy2024visual,
  title={Visual Reasoning and Multi-Agent Approach in Multimodal Large Language Models (MLLMs): Solving TSP and mTSP Combinatorial Challenges},
  author={Elhenawy, Mohammed and Abutahoun, Ahmad and Alhadidi, Taqwa I and Jaber, Ahmed and Ashqar, Huthaifa I and Jaradat, Shadi and Abdelhay, Ahmed and Glaser, Sebastien and Rakotonirainy, Andry},
  journal={arXiv:2407.00092},
  year={2024}
}

@article{fatemi2023talk,
  title={Talk like a Graph: Encoding Graphs for Large Language Models},
  author={Fatemi, Bahare and Halcrow, Jonathan and Perozzi, Bryan},
  journal={arXiv:2310.04560},
  year={2023}
}

@article{feng2024beyond,
  title={Beyond Graphs: Can Large Language Models Comprehend Hypergraphs?},
  author={Feng, Yifan and Yang, Chengwu and Hou, Xingliang and Du, Shaoyi and Ying, Shihui and Wu, Zongze and Gao, Yue},
  journal={arXiv:2410.10083},
  year={2024}
}

@article{firooz2024lost,
  title={Lost-in-Distance: Impact of Contextual Proximity on LLM Performance in Graph Tasks},
  author={Firooz, Hamed and Sanjabi, Maziar and Jiang, Wenlong and Zhai, Xiaoling},
  journal={arXiv:2410.01985},
  year={2024}
}

@article{gandhi2024stream,
  title={Stream of Search (SoS): Learning to Search in Language},
  author={Gandhi, Kanishk and Lee, Denise and Grand, Gabriel and Liu, Muxin and Cheng, Winson and Sharma, Archit and Goodman, Noah D},
  journal={arXiv:2404.03683},
  year={2024}
}

@article{guo2023gpt4graph,
  title={Gpt4{G}raph: Can Large Language Models understand Graph Structured Data? An Empirical Evaluation and Benchmarking},
  author={Guo, Jiayan and Du, Lun and Liu, Hengyu and Zhou, Mengyu and He, Xinyi and Han, Shi},
  journal={arXiv:2305.15066},
  year={2023}
}

@article{hu2024scalable,
  title={Scalable and Accurate Graph Reasoning with LLM-based Multi-Agents},
  author={Hu, Yuwei and Lei, Runlin and Huang, Xinyi and Wei, Zhewei and Liu, Yongchao},
  journal={arXiv:2410.05130},
  year={2024}
}

@inproceedings{huang2024large,
title={Large Language Models Cannot Self-Correct Reasoning Yet},
author={Jie Huang and Xinyun Chen and Swaroop Mishra and Huaixiu Steven Zheng and Adams Wei Yu and Xinying Song and Denny Zhou},
booktitle={ICLR},
year={2024}
}

@article{iklassov2024self,
  title={Self-Guiding Exploration for Combinatorial Problems},
  author={Iklassov, Zangir and Du, Yali and Akimov, Farkhad and Takac, Martin},
  journal={arXiv:2405.17950},
  year={2024}
}

@article{jiang2024unco,
  title={Unco: Towards Unifying Neural Combinatorial Optimization through Large Language Model},
  author={Jiang, Xia and Wu, Yaoxin and Wang, Yuan and Zhang, Yingqian},
  journal={arXiv:2408.12214},
  year={2024}
}

@article{jin2024large,
  title={Large Language Models on Graphs: A Comprehensive Survey},
  author={Jin, Bowen and Liu, Gang and Han, Chi and Jiang, Meng and Ji, Heng and Han, Jiawei},
  journal={IEEE Transactions on Knowledge and Data Engineering},
  year={2024}
}

@article{li2024graphteam,
  title={GraphTeam: Facilitating Large Language Model-based Graph Analysis via Multi-Agent Collaboration},
  author={Li, Xin and Chu, Qizhi and Chen, Yubin and Liu, Yang and Liu, Yaoqi and Yu, Zekai and Chen, Weize and Qian, Chen and Shi, Chuan and Yang, Cheng},
  journal={arXiv:2410.18032},
  year={2024}
}

@article{liu2023towards,
  title={Towards Graph Foundation Models: A Survey and Beyond},
  author={Liu, Jiawei and Yang, Cheng and Lu, Zhiyuan and Chen, Junze and Li, Yibo and Zhang, Mengmei and Bai, Ting and Fang, Yuan and Sun, Lichao and Yu, Philip S and others},
  journal={arXiv:2310.11829},
  year={2023}
}

@article{perozzi2024let,
  title={Let your Graph do the Talking: Encoding Structured Data for {LLM}s},
  author={Perozzi, Bryan and Fatemi, Bahare and Zelle, Dustin and Tsitsulin, Anton and Kazemi, Mehran and Al-Rfou, Rami and Halcrow, Jonathan},
  journal={arXiv:2402.05862},
  year={2024}
}

@inproceedings{ren2024survey,
  title={A Survey of Large Language Models for Graphs},
  author={Ren, Xubin and Tang, Jiabin and Yin, Dawei and Chawla, Nitesh and Huang, Chao},
  booktitle={KDD},
  year={2024}
}

@article{sanford2024understanding,
  title={Understanding Transformer Reasoning Capabilities via Graph Algorithms},
  author={Sanford, Clayton and Fatemi, Bahare and Hall, Ethan and Tsitsulin, Anton and Kazemi, Mehran and Halcrow, Jonathan and Perozzi, Bryan and Mirrokni, Vahab},
  journal={arXiv:2405.18512},
  year={2024}
}

@inproceedings{searchformer,
  title={Beyond A*: Better Planning with Transformers via Search Dynamics Bootstrapping},
  author={Lehnert, Lucas and Sukhbaatar, Sainbayar and McVay, Paul and Rabbat, Michael and Tian, Yuandong},
  booktitle={ICLR Workshop on Large Language Model (LLM) Agents},
  year={2024}
}

@article{skianis2024graph,
  title={Graph Reasoning with Large Language Models via Pseudo-code Prompting},
  author={Skianis, Konstantinos and Nikolentzos, Giannis and Vazirgiannis, Michalis},
  journal={arXiv:2409.17906},
  year={2024}
}

@article{tang2024grapharena,
  title={Grapharena: Benchmarking Large Language Models on Graph Computational Problems},
  author={Tang, Jianheng and Zhang, Qifan and Li, Yuhan and Li, Jia},
  journal={arXiv:2407.00379},
  year={2024}
}

@inproceedings{wang2024can,
  title={Can Language Models Solve Graph Problems in Natural Language?},
  author={Wang, Heng and Feng, Shangbin and He, Tianxing and Tan, Zhaoxuan and Han, Xiaochuang and Tsvetkov, Yulia},
  booktitle={NeurIPS},
  year={2024}
}

@inproceedings{wang2024reasoning,
  title={Reasoning with Large Language Models on Graph Tasks: The Influence of Temperature},
  author={Wang, Yiming and Zhang, Ziyang and Chen, Hanwei and Shen, Huayi},
  booktitle={ICCEA},
  year={2024}
}

@inproceedings{wei2022chain,
  title={Chain-of-Thought Prompting Elicits Reasoning in Large Language Models},
  author={Wei, Jason and Wang, Xuezhi and Schuurmans, Dale and Bosma, Maarten and Xia, Fei and Chi, Ed and Le, Quoc V and Zhou, Denny},
  booktitle={NeurIPS},
  year={2022}
}

@article{wei2024rendering,
  title={GITA: Graph to Visual and Textual Integration for Vision-Language Graph Reasoning},
  author={Wei, Yanbin and Fu, Shuai and Jiang, Weisen and Kwok, James T and Zhang, Yu},
  journal={arXiv:2402.02130},
  year={2024}
}

@inproceedings{yao2024tree,
  title={Tree of Thoughts: Deliberate Problem Solving with Large Language Models},
  author={Yao, Shunyu and Yu, Dian and Zhao, Jeffrey and Shafran, Izhak and Griffiths, Tom and Cao, Yuan and Narasimhan, Karthik},
  booktitle={NeurIPS},
  year={2024}
}

@article{yuan2024gracore,
  title={GraCoRe: Benchmarking Graph Comprehension and Complex Reasoning in Large Language Models},
  author={Yuan, Zike and Liu, Ming and Wang, Hui and Qin, Bing},
  journal={arXiv:2407.02936},
  year={2024}
}

@article{zhong2024exploring,
  title={Exploring Graph Structure Comprehension Ability of Multimodal Large Language Models: Case Studies},
  author={Zhong, Zhiqiang and Mottin, Davide},
  journal={arXiv:2409.08864},
  year={2024}
}

