@inproceedings{bp_net,
  title={Bilateral Propagation Network for Depth Completion},
  author={Tang, Jie and Tian, Fei-Peng and An, Boshi and Li, Jian and Tan, Ping},
  booktitle={CVPR},
  pages={9763--9772},
  year={2024}
}

@inproceedings{chen2018estimating,
  title={Estimating depth from rgb and sparse sensing},
  author={Chen, Zhao and Badrinarayanan, Vijay and Drozdov, Gilad and Rabinovich, Andrew},
  booktitle={ECCV},
  pages={167--182},
  year={2018}
}

@inproceedings{chen2019learning,
  title={Learning joint 2d-3d representations for depth completion},
  author={Chen, Yun and Yang, Bin and Liang, Ming and Urtasun, Raquel},
  booktitle={ICCV},
  pages={10023--10032},
  year={2019}
}

@article{cspn,
  title={Learning depth with convolutional spatial propagation network},
  author={Cheng, Xinjing and Wang, Peng and Yang, Ruigang},
  journal={IEEE Transactions on Pattern Analysis and Machine Intelligence},
  volume={42},
  number={10},
  pages={2361--2379},
  year={2019},
  publisher={IEEE}
}

@inproceedings{cspn++,
  title={Cspn++: Learning context and resource aware convolutional spatial propagation networks for depth completion},
  author={Cheng, Xinjing and Wang, Peng and Guan, Chenye and Yang, Ruigang},
  booktitle={AAAI},
  volume={34},
  number={07},
  pages={10615--10622},
  year={2020}
}

@inproceedings{deeplidar,
  title={Deeplidar: Deep surface normal guided depth prediction for outdoor scene from sparse lidar data and single color image},
  author={Qiu, Jiaxiong and Cui, Zhaopeng and Zhang, Yinda and Zhang, Xingdi and Liu, Shuaicheng and Zeng, Bing and Pollefeys, Marc},
  booktitle={CVPR},
  pages={3313--3322},
  year={2019}
}

@inproceedings{depth_seeds,
  title={Depth SEEDS: Recovering incomplete depth data using superpixels},
  author={Van den Bergh, Michael and Carton, Daniel and Van Gool, Luc},
  booktitle={WACV},
  pages={363--368},
  year={2013},
  organization={IEEE}
}

@inproceedings{dyspn,
  title={Dynamic spatial propagation network for depth completion},
  author={Lin, Yuankai and Cheng, Tao and Zhong, Qi and Zhou, Wending and Yang, Hua},
  booktitle={AAAI},
  volume={36},
  number={2},
  pages={1638--1646},
  year={2022}
}

@inproceedings{eldesokey2020uncertainty,
  title={Uncertainty-aware cnns for depth completion: Uncertainty from beginning to end},
  author={Eldesokey, Abdelrahman and Felsberg, Michael and Holmquist, Karl and Persson, Michael},
  booktitle={CVPR},
  pages={12014--12023},
  year={2020}
}

@inproceedings{graphcspn,
  title={Graphcspn: Geometry-aware depth completion via dynamic gcns},
  author={Liu, Xin and Shao, Xiaofei and Wang, Bo and Li, Yali and Wang, Shengjin},
  booktitle={ECCV},
  pages={90--107},
  year={2022},
  organization={Springer}
}

@inproceedings{guideformer,
  title={Guideformer: Transformers for image guided depth completion},
  author={Rho, Kyeongha and Ha, Jinsung and Kim, Youngjung},
  booktitle={CVPR},
  pages={6250--6259},
  year={2022}
}

@article{guidenet,
  title={Learning guided convolutional network for depth completion},
  author={Tang, Jie and Tian, Fei-Peng and Feng, Wei and Li, Jian and Tan, Ping},
  journal={IEEE Transactions on Image Processing},
  volume={30},
  pages={1116--1129},
  year={2020},
  publisher={IEEE}
}

@article{huang2019hms,
  title={Hms-net: Hierarchical multi-scale sparsity-invariant network for sparse depth completion},
  author={Huang, Zixuan and Fan, Junming and Cheng, Shenggan and Yi, Shuai and Wang, Xiaogang and Li, Hongsheng},
  journal={IEEE Transactions on Image Processing},
  volume={29},
  pages={3429--3441},
  year={2019},
  publisher={IEEE}
}

@inproceedings{ip_basic,
  title={In defense of classical image processing: Fast depth completion on the cpu},
  author={Ku, Jason and Harakeh, Ali and Waslander, Steven L},
  booktitle={CRV},
  pages={16--22},
  year={2018},
  organization={IEEE}
}

@article{lin2023dyspn,
  title={Dyspn: Learning dynamic affinity for image-guided depth completion},
  author={Lin, Yuankai and Yang, Hua and Cheng, Tao and Zhou, Wending and Yin, Zhouping},
  journal={IEEE Transactions on Circuits and Systems for Video Technology},
  year={2023},
  publisher={IEEE}
}

@article{liu2021learning,
  title={Learning steering kernels for guided depth completion},
  author={Liu, Lina and Liao, Yiyi and Wang, Yue and Geiger, Andreas and Liu, Yong},
  journal={IEEE Transactions on Image Processing},
  volume={30},
  pages={2850--2861},
  year={2021},
  publisher={IEEE}
}

@inproceedings{lrru,
  title={Lrru: Long-short range recurrent updating networks for depth completion},
  author={Wang, Yufei and Li, Bo and Zhang, Ge and Liu, Qi and Gao, Tao and Dai, Yuchao},
  booktitle={ICCV},
  pages={9422--9432},
  year={2023}
}

@inproceedings{nlspn,
  title={Non-local spatial propagation network for depth completion},
  author={Park, Jinsun and Joo, Kyungdon and Hu, Zhe and Liu, Chi-Kuei and So Kweon, In},
  booktitle={ECCV},
  pages={120--136},
  year={2020},
  organization={Springer}
}

@inproceedings{rignet,
  title={RigNet: Repetitive image guided network for depth completion},
  author={Yan, Zhiqiang and Wang, Kun and Li, Xiang and Zhang, Zhenyu and Li, Jun and Yang, Jian},
  booktitle={ECCV},
  pages={214--230},
  year={2022},
  organization={Springer}
}

@inproceedings{tpvd,
  title={Tri-Perspective View Decomposition for Geometry-Aware Depth Completion},
  author={Yan, Zhiqiang and Lin, Yuankai and Wang, Kun and Zheng, Yupeng and Wang, Yufei and Zhang, Zhenyu and Li, Jun and Yang, Jian},
  booktitle={CVPR},
  pages={4874--4884},
  year={2024}
}

@inproceedings{uhrig2017sparsity,
  title={Sparsity invariant cnns},
  author={Uhrig, Jonas and Schneider, Nick and Schneider, Lukas and Franke, Uwe and Brox, Thomas and Geiger, Andreas},
  booktitle={3DV},
  pages={11--20},
  year={2017},
  organization={IEEE}
}

@article{van2015seeds,
  title={Seeds: Superpixels extracted via energy-driven sampling},
  author={Van den Bergh, Michael and Boix, Xavier and Roig, Gemma and Van Gool, Luc},
  journal={International Journal of Computer Vision},
  volume={111},
  pages={298--314},
  year={2015},
  publisher={Springer}
}

@article{wang2023decomposed,
  title={Decomposed guided dynamic filters for efficient rgb-guided depth completion},
  author={Wang, Yufei and Mao, Yuxin and Liu, Qi and Dai, Yuchao},
  journal={IEEE Transactions on Circuits and Systems for Video Technology},
  year={2023},
  publisher={IEEE}
}

@inproceedings{zhang2018deep,
  title={Deep depth completion of a single rgb-d image},
  author={Zhang, Yinda and Funkhouser, Thomas},
  booktitle={CVPR},
  pages={175--185},
  year={2018}
}

@article{zhao2021surface,
  title={A surface geometry model for lidar depth completion},
  author={Zhao, Yiming and Bai, Lin and Zhang, Ziming and Huang, Xinming},
  journal={IEEE Robotics and Automation Letters},
  volume={6},
  number={3},
  pages={4457--4464},
  year={2021},
  publisher={IEEE}
}

