@inproceedings{altnerf,
  title={AltNeRF: Learning Robust Neural Radiance Field via Alternating Depth-Pose Optimization},
  author={Wang, Kun and Yan, Zhiqiang and Tian, Huang and Zhang, Zhenyu and Li, Xiang and Li, Jun and Yang, Jian},
  booktitle={AAAI},
  volume={38},
  number={6},
  pages={5508--5516},
  year={2024}
}

@ARTICLE{ar_tcsvt,
  author={Liu, Haomin and Zhao, Linsheng and Peng, Zhen and Xie, Weijian and Jiang, Mingxuan and Zha, Hongbin and Bao, Hujun and Zhang, Guofeng},
  journal={IEEE Transactions on Circuits and Systems for Video Technology}, 
  title={A Low-Cost and Scalable Framework to Build Large-Scale Localization Benchmark for Augmented Reality}, 
  year={2024},
  volume={34},
  number={4},
  pages={2274-2288},
}

@ARTICLE{recon_tcsvt,
  author={Li, Chenchen and Zhou, Liyang and Jiang, Hanqing and Zhang, Zhuang and Xiang, Xiaojun and Sun, Han and Luan, Qing and Bao, Hujun and Zhang, Guofeng},
  journal={IEEE Transactions on Circuits and Systems for Video Technology}, 
  title={Hybrid-MVS: Robust Multi-View Reconstruction With Hybrid Optimization of Visual and Depth Cues}, 
  year={2023},
  volume={33},
  number={12},
  pages={7630-7644},
}

@inproceedings{ar2017,
  title={Designing for depth perceptions in augmented reality},
  author={Diaz, Catherine and Walker, Michael and Szafir, Danielle Albers and Szafir, Daniel},
  booktitle={ISMAR},
  pages={111--122},
  year={2017},
  organization={IEEE}
}

@ARTICLE{robot_tcsvt,
  author={Ye, Jingyang and Pan, Erzhen and Xu, Wenfu},
  journal={IEEE Transactions on Circuits and Systems for Video Technology}, 
  title={Digital Video Stabilization Method Based on Periodic Jitters of Airborne Vision of Large Flapping Wing Robots}, 
  year={2024},
  volume={34},
  number={4},
  pages={2591-2603},
}

@article{dong2022robot,
  title={Towards real-time monocular depth estimation for robotics: A survey},
  author={Dong, Xingshuai and Garratt, Matthew A and Anavatti, Sreenatha G and Abbass, Hussein A},
  journal={IEEE Transactions on Intelligent Transportation Systems},
  volume={23},
  number={10},
  pages={16940--16961},
  year={2022},
  publisher={IEEE}
}

@inproceedings{dcdepth,
  title={DCDepth: Progressive Monocular Depth Estimation in Discrete Cosine Domain},
  author={Wang, Kun and Yan, Zhiqiang and Fan, Junkai and Zhu, Wanlu and Li, Xiang and Li, Jun and Yang, Jian},
  booktitle={NeurIPS},
  year={2024}
}

@ARTICLE{mde_tcsvt,
  author={Wang, Botao and Zou, Junni and Li, Yong and Ju, Kuanyu and Xiong, Hongkai and Zheng, Yuan F.},
  journal={IEEE Transactions on Circuits and Systems for Video Technology}, 
  title={Sparse-to-Dense Depth Estimation in Videos via High-Dimensional Tensor Voting}, 
  year={2019},
  volume={29},
  number={1},
  pages={68-79},
}

@inproceedings{van2013depth,
  title={Depth SEEDS: Recovering incomplete depth data using superpixels},
  author={Van den Bergh, Michael and Carton, Daniel and Van Gool, Luc},
  booktitle={WACV},
  pages={363--368},
  year={2013},
  organization={IEEE}
}

@inproceedings{ku2018defense,
  title={In defense of classical image processing: Fast depth completion on the cpu},
  author={Ku, Jason and Harakeh, Ali and Waslander, Steven L},
  booktitle={CRV},
  pages={16--22},
  year={2018},
  organization={IEEE}
}

@inproceedings{zhang2018deep,
  title={Deep depth completion of a single rgb-d image},
  author={Zhang, Yinda and Funkhouser, Thomas},
  booktitle={CVPR},
  pages={175--185},
  year={2018}
}

@article{cspn,
  title={Learning depth with convolutional spatial propagation network},
  author={Cheng, Xinjing and Wang, Peng and Yang, Ruigang},
  journal={IEEE Transactions on Pattern Analysis and Machine Intelligence},
  volume={42},
  number={10},
  pages={2361--2379},
  year={2019},
  publisher={IEEE}
}

@inproceedings{nlspn,
  title={Non-local spatial propagation network for depth completion},
  author={Park, Jinsun and Joo, Kyungdon and Hu, Zhe and Liu, Chi-Kuei and So Kweon, In},
  booktitle={ECCV},
  pages={120--136},
  year={2020},
  organization={Springer}
}

@article{wang2023decomposed,
  title={Decomposed guided dynamic filters for efficient rgb-guided depth completion},
  author={Wang, Yufei and Mao, Yuxin and Liu, Qi and Dai, Yuchao},
  journal={IEEE Transactions on Circuits and Systems for Video Technology},
  year={2023},
  publisher={IEEE}
}

@inproceedings{cspn++,
  title={Cspn++: Learning context and resource aware convolutional spatial propagation networks for depth completion},
  author={Cheng, Xinjing and Wang, Peng and Guan, Chenye and Yang, Ruigang},
  booktitle={AAAI},
  volume={34},
  number={07},
  pages={10615--10622},
  year={2020}
}

@article{lin2023dyspn,
  title={Dyspn: Learning dynamic affinity for image-guided depth completion},
  author={Lin, Yuankai and Yang, Hua and Cheng, Tao and Zhou, Wending and Yin, Zhouping},
  journal={IEEE Transactions on Circuits and Systems for Video Technology},
  year={2023},
  publisher={IEEE}
}

@inproceedings{depth_seeds,
  title={Depth SEEDS: Recovering incomplete depth data using superpixels},
  author={Van den Bergh, Michael and Carton, Daniel and Van Gool, Luc},
  booktitle={WACV},
  pages={363--368},
  year={2013},
  organization={IEEE}
}

@inproceedings{ip_basic,
  title={In defense of classical image processing: Fast depth completion on the cpu},
  author={Ku, Jason and Harakeh, Ali and Waslander, Steven L},
  booktitle={CRV},
  pages={16--22},
  year={2018},
  organization={IEEE}
}

@article{zhao2021surface,
  title={A surface geometry model for lidar depth completion},
  author={Zhao, Yiming and Bai, Lin and Zhang, Ziming and Huang, Xinming},
  journal={IEEE Robotics and Automation Letters},
  volume={6},
  number={3},
  pages={4457--4464},
  year={2021},
  publisher={IEEE}
}

@inproceedings{uhrig2017sparsity,
  title={Sparsity invariant cnns},
  author={Uhrig, Jonas and Schneider, Nick and Schneider, Lukas and Franke, Uwe and Brox, Thomas and Geiger, Andreas},
  booktitle={3DV},
  pages={11--20},
  year={2017},
  organization={IEEE}
}

@article{huang2019hms,
  title={Hms-net: Hierarchical multi-scale sparsity-invariant network for sparse depth completion},
  author={Huang, Zixuan and Fan, Junming and Cheng, Shenggan and Yi, Shuai and Wang, Xiaogang and Li, Hongsheng},
  journal={IEEE Transactions on Image Processing},
  volume={29},
  pages={3429--3441},
  year={2019},
  publisher={IEEE}
}

@inproceedings{eldesokey2020uncertainty,
  title={Uncertainty-aware cnns for depth completion: Uncertainty from beginning to end},
  author={Eldesokey, Abdelrahman and Felsberg, Michael and Holmquist, Karl and Persson, Michael},
  booktitle={CVPR},
  pages={12014--12023},
  year={2020}
}

@inproceedings{chen2018estimating,
  title={Estimating depth from rgb and sparse sensing},
  author={Chen, Zhao and Badrinarayanan, Vijay and Drozdov, Gilad and Rabinovich, Andrew},
  booktitle={ECCV},
  pages={167--182},
  year={2018}
}

@article{liu2021learning,
  title={Learning steering kernels for guided depth completion},
  author={Liu, Lina and Liao, Yiyi and Wang, Yue and Geiger, Andreas and Liu, Yong},
  journal={IEEE Transactions on Image Processing},
  volume={30},
  pages={2850--2861},
  year={2021},
  publisher={IEEE}
}

@inproceedings{bp_net,
  title={Bilateral Propagation Network for Depth Completion},
  author={Tang, Jie and Tian, Fei-Peng and An, Boshi and Li, Jian and Tan, Ping},
  booktitle={CVPR},
  pages={9763--9772},
  year={2024}
}

@inproceedings{chen2019learning,
  title={Learning joint 2d-3d representations for depth completion},
  author={Chen, Yun and Yang, Bin and Liang, Ming and Urtasun, Raquel},
  booktitle={ICCV},
  pages={10023--10032},
  year={2019}
}

@inproceedings{deeplidar,
  title={Deeplidar: Deep surface normal guided depth prediction for outdoor scene from sparse lidar data and single color image},
  author={Qiu, Jiaxiong and Cui, Zhaopeng and Zhang, Yinda and Zhang, Xingdi and Liu, Shuaicheng and Zeng, Bing and Pollefeys, Marc},
  booktitle={CVPR},
  pages={3313--3322},
  year={2019}
}

@article{guidenet,
  title={Learning guided convolutional network for depth completion},
  author={Tang, Jie and Tian, Fei-Peng and Feng, Wei and Li, Jian and Tan, Ping},
  journal={IEEE Transactions on Image Processing},
  volume={30},
  pages={1116--1129},
  year={2020},
  publisher={IEEE}
}

@inproceedings{rignet,
  title={RigNet: Repetitive image guided network for depth completion},
  author={Yan, Zhiqiang and Wang, Kun and Li, Xiang and Zhang, Zhenyu and Li, Jun and Yang, Jian},
  booktitle={ECCV},
  pages={214--230},
  year={2022},
  organization={Springer}
}

@inproceedings{guideformer,
  title={Guideformer: Transformers for image guided depth completion},
  author={Rho, Kyeongha and Ha, Jinsung and Kim, Youngjung},
  booktitle={CVPR},
  pages={6250--6259},
  year={2022}
}

@inproceedings{bev_dc,
  title={BEV@DC: Bird's-Eye View Assisted Training for Depth Completion},
  author={Zhou, Wending and Yan, Xu and Liao, Yinghong and Lin, Yuankai and Huang, Jin and Zhao, Gangming and Cui, Shuguang and Li, Zhen},
  booktitle={CVPR},
  pages={9233--9242},
  year={2023}
}

@inproceedings{tpvd,
  title={Tri-Perspective View Decomposition for Geometry-Aware Depth Completion},
  author={Yan, Zhiqiang and Lin, Yuankai and Wang, Kun and Zheng, Yupeng and Wang, Yufei and Zhang, Zhenyu and Li, Jun and Yang, Jian},
  booktitle={CVPR},
  pages={4874--4884},
  year={2024}
}

@inproceedings{dyspn,
  title={Dynamic spatial propagation network for depth completion},
  author={Lin, Yuankai and Cheng, Tao and Zhong, Qi and Zhou, Wending and Yang, Hua},
  booktitle={AAAI},
  volume={36},
  number={2},
  pages={1638--1646},
  year={2022}
}

@inproceedings{graphcspn,
  title={Graphcspn: Geometry-aware depth completion via dynamic gcns},
  author={Liu, Xin and Shao, Xiaofei and Wang, Bo and Li, Yali and Wang, Shengjin},
  booktitle={ECCV},
  pages={90--107},
  year={2022},
  organization={Springer}
}

@inproceedings{lrru,
  title={Lrru: Long-short range recurrent updating networks for depth completion},
  author={Wang, Yufei and Li, Bo and Zhang, Ge and Liu, Qi and Gao, Tao and Dai, Yuchao},
  booktitle={ICCV},
  pages={9422--9432},
  year={2023}
}

@article{van2015seeds,
  title={Seeds: Superpixels extracted via energy-driven sampling},
  author={Van den Bergh, Michael and Boix, Xavier and Roig, Gemma and Van Gool, Luc},
  journal={International Journal of Computer Vision},
  volume={111},
  pages={298--314},
  year={2015},
  publisher={Springer}
}

@inproceedings{unet,
    title={U-net: Convolutional networks for biomedical image segmentation},
    author={Ronneberger, Olaf and Fischer, Philipp and Brox, Thomas},
    booktitle={MICCAI},
    pages={234--241},
    year={2015},
    organization={Springer}
}

@inproceedings{resnet,
    title={Deep residual learning for image recognition},
    author={He, Kaiming and Zhang, Xiangyu and Ren, Shaoqing and Sun, Jian},
    booktitle={CVPR},
    pages={770--778},
    year={2016}
}

@inproceedings{dfu,
  title={Improving Depth Completion via Depth Feature Upsampling},
  author={Wang, Yufei and Zhang, Ge and Wang, Shaoqian and Li, Bo and Liu, Qi and Hui, Le and Dai, Yuchao},
  booktitle={CVPR},
  pages={21104--21113},
  year={2024}
}

@inproceedings{dcn,
  title={Deformable convolutional networks},
  author={Dai, Jifeng and Qi, Haozhi and Xiong, Yuwen and Li, Yi and Zhang, Guodong and Hu, Han and Wei, Yichen},
  booktitle={ICCV},
  pages={764--773},
  year={2017}
}

@inproceedings{dcnv2,
  title={Deformable convnets v2: More deformable, better results},
  author={Zhu, Xizhou and Hu, Han and Lin, Stephen and Dai, Jifeng},
  booktitle={CVPR},
  pages={9308--9316},
  year={2019}
}

@inproceedings{kitti,
  title={Are we ready for autonomous driving? the kitti vision benchmark suite},
  author={Geiger, Andreas and Lenz, Philip and Urtasun, Raquel},
  booktitle={CVPR},
  pages={3354--3361},
  year={2012},
  organization={IEEE}
}

@inproceedings{nyu,
  title={Indoor segmentation and support inference from rgbd images},
  author={Silberman, Nathan and Hoiem, Derek and Kohli, Pushmeet and Fergus, Rob},
  booktitle={ECCV},
  pages={746--760},
  year={2012},
  organization={Springer}
}

@inproceedings{s2d,
	title={Sparse-to-Dense: Depth Prediction from Sparse Depth Samples and a Single Image},
	author={Ma, Fangchang and Karaman, Sertac},
	booktitle={ICRA},
	year={2018}
}

@inproceedings{pytorch,
 author = {Paszke, Adam and Gross, Sam and Massa, Francisco and Lerer, Adam and Bradbury, James and Chanan, Gregory and Killeen, Trevor and Lin, Zeming and Gimelshein, Natalia and Antiga, Luca and Desmaison, Alban and Kopf, Andreas and Yang, Edward and DeVito, Zachary and Raison, Martin and Tejani, Alykhan and Chilamkurthy, Sasank and Steiner, Benoit and Fang, Lu and Bai, Junjie and Chintala, Soumith},
 booktitle = {NeurIPS},
 editor = {H. Wallach and H. Larochelle and A. Beygelzimer and F. d\textquotesingle Alch\'{e}-Buc and E. Fox and R. Garnett},
 pages = {},
 publisher = {Curran Associates, Inc.},
 title = {PyTorch: An Imperative Style, High-Performance Deep Learning Library},
 volume = {32},
 year = {2019}
}

@inproceedings{adamw,
title={Decoupled Weight Decay Regularization},
author={Ilya Loshchilov and Frank Hutter},
booktitle={ICLR},
year={2019},
}

@inproceedings{onecycle,
  title={Super-convergence: Very fast training of neural networks using large learning rates},
  author={Smith, Leslie N and Topin, Nicholay},
  booktitle={Artificial intelligence and machine learning for multi-domain operations applications},
  volume={11006},
  pages={369--386},
  year={2019},
  organization={SPIE}
}

@article{droppath,
  title={Fractalnet: Ultra-deep neural networks without residuals},
  author={Larsson, Gustav and Maire, Michael and Shakhnarovich, Gregory},
  journal={arXiv preprint arXiv:1605.07648},
  year={2016}
}

@article{nconv,
  title={Confidence propagation through cnns for guided sparse depth regression},
  author={Eldesokey, Abdelrahman and Felsberg, Michael and Khan, Fahad Shahbaz},
  journal={IEEE transactions on pattern analysis and machine intelligence},
  volume={42},
  number={10},
  pages={2423--2436},
  year={2019},
  publisher={IEEE}
}

@inproceedings{twise,
  title={Depth completion with twin surface extrapolation at occlusion boundaries},
  author={Imran, Saif and Liu, Xiaoming and Morris, Daniel},
  booktitle={CVPR},
  pages={2583--2592},
  year={2021}
}

@article{acmnet,
  title={Adaptive context-aware multi-modal network for depth completion},
  author={Zhao, Shanshan and Gong, Mingming and Fu, Huan and Tao, Dacheng},
  journal={IEEE Transactions on Image Processing},
  volume={30},
  pages={5264--5276},
  year={2021},
  publisher={IEEE}
}

@inproceedings{fcfrnet,
  title={Fcfr-net: Feature fusion based coarse-to-fine residual learning for depth completion},
  author={Liu, Lina and Song, Xibin and Lyu, Xiaoyang and Diao, Junwei and Wang, Mengmeng and Liu, Yong and Zhang, Liangjun},
  booktitle={AAAI},
  volume={35},
  number={3},
  pages={2136--2144},
  year={2021}
}

@inproceedings{penet,
  title={Penet: Towards precise and efficient image guided depth completion},
  author={Hu, Mu and Wang, Shuling and Li, Bin and Ning, Shiyu and Fan, Li and Gong, Xiaojin},
  booktitle={ICRA},
  pages={13656--13662},
  year={2021},
  organization={IEEE}
}

@inproceedings{cformer,
  title={Completionformer: Depth completion with convolutions and vision transformers},
  author={Zhang, Youmin and Guo, Xianda and Poggi, Matteo and Zhu, Zheng and Huang, Guan and Mattoccia, Stefano},
  booktitle={CVPR},
  pages={18527--18536},
  year={2023}
}

@article{dgdf,
  title={Decomposed guided dynamic filters for efficient rgb-guided depth completion},
  author={Wang, Yufei and Mao, Yuxin and Liu, Qi and Dai, Yuchao},
  journal={IEEE Transactions on Circuits and Systems for Video Technology},
  year={2023},
  publisher={IEEE}
}

@inproceedings{yu2023aggregating,
  title={Aggregating feature point cloud for depth completion},
  author={Yu, Zhu and Sheng, Zehua and Zhou, Zili and Luo, Lun and Cao, Si-Yuan and Gu, Hong and Zhang, Huaqi and Shen, Hui-Liang},
  booktitle={ICCV},
  pages={8732--8743},
  year={2023}
}

@inproceedings{van2019sparse,
  title={Sparse and noisy lidar completion with rgb guidance and uncertainty},
  author={Van Gansbeke, Wouter and Neven, Davy and De Brabandere, Bert and Van Gool, Luc},
  booktitle={MVA},
  pages={1--6},
  year={2019},
  organization={IEEE}
}

@inproceedings{ogni-dc,
  title={Ogni-dc: Robust depth completion with optimization-guided neural iterations},
  author={Zuo, Yiming and Deng, Jia},
  booktitle={ECCV},
  pages={78--95},
  year={2024},
  organization={Springer}
}

@inproceedings{vit,
title={An Image is Worth 16x16 Words: Transformers for Image Recognition at Scale},
author={Alexey Dosovitskiy and Lucas Beyer and Alexander Kolesnikov and Dirk Weissenborn and Xiaohua Zhai and Thomas Unterthiner and Mostafa Dehghani and Matthias Minderer and Georg Heigold and Sylvain Gelly and Jakob Uszkoreit and Neil Houlsby},
booktitle={ICLR},
year={2021},
}

@inproceedings{rnw,
  title={Regularizing nighttime weirdness: Efficient self-supervised monocular depth estimation in the dark},
  author={Wang, Kun and Zhang, Zhenyu and Yan, Zhiqiang and Li, Xiang and Xu, Baobei and Li, Jun and Yang, Jian},
  booktitle={ICCV},
  pages={16055--16064},
  year={2021}
}

@inproceedings{fan2025depth,
	title={Depth-Centric Dehazing and Depth-Estimation from Real-World Hazy Driving Video},
	author={Fan, Junkai and Wang, Kun and Yan, Zhiqiang and Chen, Xiang and Gao, Shangbing and Li, Jun and Yang, Jian},
	booktitle={AAAI},
	year={2025}
}

@inproceedings{wang2024sgnet,
  title={Sgnet: Structure guided network via gradient-frequency awareness for depth map super-resolution},
  author={Wang, Zhengxue and Yan, Zhiqiang and Yang, Jian},
  booktitle={AAAI},
  pages={5823--5831},
  year={2024}
}
