@article{wilcoxon1945individual,
  title = {Individual Comparisons by Ranking Methods},
  volume = {1},
  number = {6},
  journal = {Biometrics Bulletin},
  author = {Wilcoxon, F.},
  pages={80--83},
  year = {1945}
}

@article{mann1947test,
  title = {On a {{Test}} of {{Whether}} One of {{Two Random Variables}} Is {{Stochastically Larger}} than the {{Other}}},
  volume = {18},
  number = {1},
  journal = {The Annals of Mathematical Statistics},
  doi = {10.1214/aoms/1177730491},
  author = {Mann, Henry B and Whitney, Donald R.},
  year = {1947},
  pages = {50-60},
  publisher={JSTOR},
}

@article{frigge1989some,
  title={Some implementations of the boxplot},
  author={Frigge, Michael and Hoaglin, David C and Iglewicz, Boris},
  journal={The American Statistician},
  volume={43},
  number={1},
  pages={50--54},
  year={1989},
  publisher={Taylor \& Francis Group}
}

@inproceedings{Kohavi1995cross-validation,
  title={A study of cross-validation and bootstrap for accuracy estimation and model selection},
  author={Kohavi, Ron},
  booktitle={Fourteenth International Joint Conference on Artificial Intelligence},
  pages={1137--1145},
  year={1995},
  organization={Montreal, Canada}
}

@inproceedings{mockus2000identifying,
  title={Identifying Reasons for Software Changes using Historic Databases},
  author={Mockus, Audris and Votta, Lawrence G},
  booktitle={Proceedings of the 16th International Conference on Software Maintenance},
  pages={120--130},
  doi = {10.1109/ICSM.2000.883028},
  year={2000},	
  publisher={IEEE}
}

@inproceedings{Elkan2001cost-sensitive, 
    title={The foundations of cost-sensitive learning}, author={Elkan, Charles}, 
    booktitle={International joint conference on artificial intelligence},
    pages={973--978},
    year={2001}, 
}

@article{hovemeyer2004finding,
  title={Finding bugs is easy},
  author={Hovemeyer, David and Pugh, William},
  journal={{ACM} {SIGPLAN} Notices},
  volume={39},
  number={12},
  pages={92--106},
  year={2004},
  doi = {10.1145/1052883.1052895},	
  publisher={ACM}
}

@inproceedings{abreu2007accuracy,
  title={On the accuracy of spectrum-based fault localization},
  author={Abreu, Rui and Zoeteweij, Peter and Van Gemund, Arjan JC},
  booktitle={Testing: Academic and Industrial Conference Practice and Research Techniques-MUTATION},
  pages={89--98},
  year={2007},
  organization={IEEE},
  doi={10.1109/TAIC.PART.2007.13}
}

@inproceedings{Danie2009ReAssert,
  author={B. {Daniel} and V. {Jagannath} and D. {Dig} and D. {Marinov}},
  booktitle={2009 IEEE/ACM International Conference on Automated Software Engineering}, 
  title={ReAssert: Suggesting Repairs for Broken Unit Tests}, 
  year={2009},
  volume={},
  number={},
  pages={433-444},
  doi={10.1109/ASE.2009.17},
  ISSN={1938-4300},
  month={Nov},
}

@article{pan2009toward,
  title={Toward an understanding of bug fix patterns},
  author={Pan, Kai and Kim, Sunghun and Whitehead, E James},
  journal={Empirical Software Engineering},
  volume={14},
  number={3},
  pages={286--315},
  year={2009},
  doi = {10.1007/s10664-008-9077-5},
  publisher={Springer}
}

@article{roy2009comparison,
  title={Comparison and evaluation of code clone detection techniques and tools: A qualitative approach},
  author={Roy, Chanchal K and Cordy, James R and Koschke, Rainer},
  journal={Science of Computer Programming},
  volume={74},
  number={7},
  pages={470--495},
  year={2009},
  doi = {10.1016/j.scico.2009.02.007},
  publisher={Elsevier}
}

@inproceedings{weimer2009automatically,
  title={Automatically finding patches using genetic programming},
  author={Weimer, Westley and Nguyen, ThanhVu and Le Goues, Claire and Forrest, Stephanie},
  booktitle={Proceedings of the 31st International Conference on Software Engineering},
  pages={364--374},
  year={2009},
  doi = {10.1109/ICSE.2009.5070536},
  organization={IEEE}
}





@inproceedings{campos2012gzoltar,
  title={{GZoltar:} an eclipse plug-in for testing and debugging},
  author={Campos, Jos{\'e} and Riboira, Andr{\'e} and Perez, Alexandre and Abreu, Rui},
  booktitle={Proceedings of the 27th IEEE/ACM International Conference on Automated Software Engineering},
  pages={378--381},
  year={2012},
  doi = {10.1145/2351676.2351752},
  organization={ACM}
}

@inproceedings{debroy2010using,
  title={Using mutation to automatically suggest fixes for faulty programs},
  author={Debroy, Vidroha and Wong, W Eric},
  booktitle={Proceedings of the 3rd International Conference on Software Testing, Verification and Validation},
  pages={65--74},
  year={2010},
  doi = {10.1109/ICST.2010.66},
  organization={IEEE}
}

@article{naish2011model,
  title={A model for spectra-based software diagnosis},
  author={Naish, Lee and Lee, Hua Jie and Ramamohanarao, Kotagiri},
  journal={ACM Transactions on software engineering and methodology (TOSEM)},
  volume={20},
  number={3},
  pages={1--32},
  year={2011},
  publisher={ACM New York, NY, USA}
}

@inproceedings{parnin2011automated,
  title={Are automated debugging techniques actually helping programmers?},
  author={Parnin, Chris and Orso, Alessandro},
  booktitle={Proceedings of the 2011 international symposium on software testing and analysis},
  pages={199--209},
  year={2011}
}


@inproceedings{fry2012human,
  author    = {Zachary P. Fry and
               Bryan Landau and
               Westley Weimer},
  title     = {A human study of patch maintainability},
  booktitle = {Proceedings of the 21st International Symposium on Software Testing and Analysis},
  pages     = {177--187},
  publisher = {{ACM}},
  year      = {2012},
  doi       = {10.1145/2338965.2336775}
}

@inproceedings{hindle2012naturalness,
  author    = {Abram Hindle and
               Earl T. Barr and
               Zhendong Su and
               Mark Gabel and
               Premkumar T. Devanbu},
  title     = {On the naturalness of software},
  booktitle = {Proceedings of the 34th International Conference on Software Engineering},
  pages     = {837--847},
  year      = {2012},
  doi       = {10.1109/ICSE.2012.6227135},
  organization={IEEE}
}

@article{le2012genprog,
  title={{GenProg}: A generic method for automatic software repair},
  author={Le Goues, Claire and Nguyen, ThanhVu and Forrest, Stephanie and Weimer, Westley},
  journal={IEEE Transactions on Software Engineering},
  volume={38},
  number={1},
  pages={54--72},
  year={2012},
  doi = {10.1109/TSE.2011.104},
  publisher={IEEE}
}

@inproceedings{le2012systematic,
  title={A systematic study of automated program repair: Fixing 55 out of 105 bugs for \$8 each},
  author={Le Goues, Claire and Dewey-Vogt, Michael and Forrest, Stephanie and Weimer, Westley},
  booktitle={Proceedings of the 34th International Conference on Software Engineering},
  pages={3--13},
  year={2012},
  doi = {10.1109/ICSE.2012.6227211},
  organization={IEEE}
}

@inproceedings{lucia2012are,
  author    = {Lucia Lucia and
               Ferdian Thung and
               David Lo and
               Lingxiao Jiang},
  editor    = {Michele Lanza and
               Massimiliano Di Penta and
               Tao Xie},
  title     = {Are faults localizable?},
  booktitle = {Proceedings of the 9th {IEEE} Working Conference of Mining Software Repositories},
  pages     = {74--77},
  publisher = {{IEEE}},
  year      = {2012},
  doi       = {10.1109/MSR.2012.6224302}
}





@article{britton2013reversible,
  title={Reversible debugging software},
  author={Britton, Tom and Jeng, Lisa and Carver, Graham and Cheak, Paul and Katzenellenbogen, Tomer},
  journal={Judge Business School, University of Cambridge, Cambridge, UK, Technical Report},
  year={2013}
}

@inproceedings{kim2013automatic,
  title={Automatic patch generation learned from human-written patches},
  author={Kim, Dongsun and Nam, Jaechang and Song, Jaewoo and Kim, Sunghun},
  booktitle={Proceedings of the 35th International Conference on Software Engineering},
  year={2013},
  doi = {10.1109/ICSE.2013.6606626},
  organization={IEEE}
}

@article{le2013current,
  title={Current challenges in automatic software repair},
  author={Le Goues, Claire and Forrest, Stephanie and Weimer, Westley},
  journal={Software Quality Journal},
  volume={21},
  number={3},
  pages={421--443},
  year={2013},
  doi = {10.1007/s11219-013-9208-0},
  publisher={Springer}
}

@inproceedings{luo2013enforcemop,
author = {Luo, Qingzhou and Ro\c{s}u, Grigore},
title = {EnforceMOP: A Runtime Property Enforcement System for Multithreaded Programs},
year = {2013},
isbn = {9781450321594},
publisher = {Association for Computing Machinery},
address = {New York, NY, USA},
url = {https://doi.org/10.1145/2483760.2483766},
doi = {10.1145/2483760.2483766},
booktitle = {Proceedings of the 2013 International Symposium on Software Testing and Analysis},
pages = {156–166},
numpages = {11},
keywords = {Concurrency, Testing, Enforcement},
location = {Lugano, Switzerland},
series = {ISSTA 2013}
}

@article{mikolov2013efficient,
  title={Efficient estimation of word representations in vector space},
  author={Tomas Mikolov and Kai Chen and Greg Corrado and Jeffrey Dean},
  journal={arXiv preprint arXiv:1301.3781},
  year={2013}
}

@inproceedings{nguyen2013semfix,
  title={{SemFix}: Program repair via semantic analysis},
  author={Nguyen, Hoang Duong Thien and Qi, Dawei and Roychoudhury, Abhik and Chandra, Satish},
  booktitle={Proceedings of the 35th International Conference on Software Engineering},
  pages={772--781},
  year={2013},
  doi = {10.1109/ICSE.2013.6606623},
  organization={IEEE}
}

@inproceedings{weimer2013leveraging,
  title={Leveraging program equivalence for adaptive program repair: Models and first results},
  author={Weimer, Westley and Fry, Zachary P and Forrest, Stephanie},
  booktitle={Proceedings of the 28th IEEE/ACM International Conference on Automated Software Engineering},
  pages={356--366},
  year={2013},
  doi = {10.1109/ASE.2013.6693094},
  organization={IEEE}
}

@inproceedings{qi2013using,
  title={Using automated program repair for evaluating the effectiveness of fault localization techniques},
  author={Qi, Yuhua and Mao, Xiaoguang and Lei, Yan and Wang, Chengsong},
  booktitle={Proceedings of the 22nd International Symposium on Software Testing and Analysis},
  pages={191--201},
  year={2013},
  doi = {10.1145/2483760.2483785},
  organization={ACM}
}

@article{wong2013dstar,
  title={The DStar method for effective software fault localization},
  author={Wong, W Eric and Debroy, Vidroha and Gao, Ruizhi and Li, Yihao},
  journal={IEEE Transactions on Reliability},
  volume={63},
  number={1},
  pages={290--308},
  year={2013},
  publisher={IEEE}
}

@inproceedings{zhang2013injecting,
  title={Injecting mechanical faults to localize developer faults for evolving software},
  author={Zhang, Lingming and Zhang, Lu and Khurshid, Sarfraz},
  booktitle={Proceedings of the 2013 ACM SIGPLAN international conference on Object oriented programming systems languages \& applications},
  pages={765--784},
  year={2013}
}








@inproceedings{allamanis2014learning,
  author    = {Miltiadis Allamanis and
               Earl T. Barr and
               Christian Bird and
               Charles A. Sutton},
  title     = {Learning natural coding conventions},
  booktitle = {Proceedings of the 22nd {ACM} {SIGSOFT} International Symposium on Foundations of Software Engineering},
  pages     = {281--293},
  year      = {2014},
  publisher = {{ACM}},
  doi       = {10.1145/2635868.2635883}
}

@inproceedings{barr2014plastic,
  author    = {Earl T. Barr and
               Yuriy Brun and
               Premkumar T. Devanbu and
               Mark Harman and
               Federica Sarro},
  title     = {The plastic surgery hypothesis},
  booktitle = {Proceedings of the 22nd {ACM} {SIGSOFT} International Symposium on Foundations of Software Engineering},
  pages     = {306--317},
  year      = {2014},
  doi       = {10.1145/2635868.2635898},
  organization={ACM}
}

@inproceedings{falleri2014fine,
  title={Fine-grained and accurate source code differencing},
  author={Falleri, Jean-R{\'e}my and Morandat, Flor{\'e}al and Blanc, Xavier and Martinez, Matias and Monperrus, Martin},
  booktitle={Proceedings of the 29th ACM/IEEE International Conference on Automated Software Engineering},
  pages={313--324},
  year={2014},
  doi = {10.1145/2642937.2642982},
  organization={ACM}
}

@inproceedings{just2014defects4j,
  title={{Defects4J}: A database of existing faults to enable controlled testing studies for Java programs},
  author={Just, Ren{\'e} and Jalali, Darioush and Ernst, Michael D},
  booktitle={Proceedings of the 23rd International Symposium on Software Testing and Analysis},
  pages={437--440},
  year={2014},
  doi = {10.1145/2610384.2628055},
  organization={ACM}
}

@inproceedings{luo2014analyseflaky,
author = {Luo, Qingzhou and Hariri, Farah and Eloussi, Lamyaa and Marinov, Darko},
title = {An Empirical Analysis of Flaky Tests},
year = {2014},
isbn = {9781450330565},
publisher = {Association for Computing Machinery},
address = {New York, NY, USA},
booktitle = {Proceedings of the 22nd ACM SIGSOFT International Symposium on Foundations of Software Engineering},
pages = {643–653},
numpages = {11},
keywords = {flaky tests, Empirical study, non-determinism},
location = {Hong Kong, China},
series = {FSE 2014}
}

@inproceedings{marques2014cooperari,
author = {Marques, Eduardo R. B. and Martins, Francisco and Sim\~{o}es, Miguel},
title = {Cooperari: A Tool for Cooperative Testing of Multithreaded Java Programs},
year = {2014},
isbn = {9781450329262},
publisher = {Association for Computing Machinery},
address = {New York, NY, USA},
booktitle = {Proceedings of the 2014 International Conference on Principles and Practices of Programming on the Java Platform: Virtual Machines, Languages, and Tools},
pages = {200–206},
numpages = {7},
keywords = {concurrency, software testing, threads, cooperative execution},
location = {Cracow, Poland},
series = {PPPJ '14}
}

@inproceedings{martinez2014fix,
  title={Do the fix ingredients already exist? an empirical inquiry into the redundancy assumptions of program repair approaches},
  author={Martinez, Matias and Weimer, Westley and Monperrus, Martin},
  booktitle={Companion Proceedings of the 36th International Conference on Software Engineering},
  pages={492--495},
  year={2014},
  doi = {10.1145/2591062.2591114},
  organization={ACM}
}

@inproceedings{monperrus2014critical,
  title={A critical review of automatic patch generation learned from human-written patches: essay on the problem statement and the evaluation of automatic software repair},
  author={Monperrus, Martin},
  booktitle={Proceedings of the 36th International Conference on Software Engineering},
  pages={234--242},
  year={2014},
  doi = {10.1145/2568225.2568324},
  organization={ACM}
}

@inproceedings{moon2014ask,
  title={Ask the mutants: Mutating faulty programs for fault localization},
  author={Moon, Seokhyeon and Kim, Yunho and Kim, Moonzoo and Yoo, Shin},
  booktitle={2014 IEEE Seventh International Conference on Software Testing, Verification and Validation},
  pages={153--162},
  year={2014},
  organization={IEEE}
}

@inproceedings{le2014distributed,
  author    = {Quoc V. Le and
               Tomas Mikolov},
  title     = {Distributed Representations of Sentences and Documents},
  booktitle = {Proceedings of the 31st International Conference on Machine Learning},
  pages     = {1188--1196},
  publisher = {JMLR.org},
  url       = {http://proceedings.mlr.press/v32/le14.html},
  year      = {2014}
}

@inproceedings{qi2014strength,
  title={The strength of random search on automated program repair},
  author={Qi, Yuhua and Mao, Xiaoguang and Lei, Yan and Dai, Ziying and Wang, Chengsong},
  booktitle={Proceedings of the 36th International Conference on Software Engineering},
  pages={254--265},
  year={2014},
  doi = {10.1145/2568225.2568254},
  organization={ACM}
}

@inproceedings{xuan2014test,
  title={Test case purification for improving fault localization},
  author={Xuan, Jifeng and Monperrus, Martin},
  booktitle={Proceedings of the 22nd ACM SIGSOFT International Symposium on Foundations of Software Engineering},
  pages={52--63},
  year={2014},
  doi = {10.1145/2635868.2635906},
}

@inproceedings{sutskever2014sequence,
  title={Sequence to sequence learning with neural networks},
  author={Sutskever, Ilya and Vinyals, Oriol and Le, Quoc V},
  booktitle={Advances in neural information processing systems},
  pages={3104--3112},
  year={2014}
}






@inproceedings{allamanis2015suggesting,
  title={Suggesting accurate method and class names},
  author={Allamanis, Miltiadis and Barr, Earl T and Bird, Christian and Sutton, Charles},
  booktitle={Proceedings of the 10th Joint Meeting on Foundations of Software Engineering},
  pages={38--49},
  publisher = {{ACM}},
  doi = {10.1145/2786805.2786849},
  year={2015}
}

@inproceedings{bahdanau2015neural,
  author    = {Dzmitry Bahdanau and
               Kyunghyun Cho and
               Yoshua Bengio},
  title     = {Neural Machine Translation by Jointly Learning to Align and Translate},
  booktitle = {Proceedings of the 3rd International Conference on Learning Representations},
  year      = {2015},
  url       = {http://arxiv.org/abs/1409.0473}
}

@inproceedings{ke2015repairing,
  title={Repairing programs with semantic code search (t)},
  author={Ke, Yalin and Stolee, Kathryn T and Le Goues, Claire and Brun, Yuriy},
  booktitle={Proceedings of the 30th IEEE/ACM International Conference on Automated Software Engineering},
  pages={295--306},
  year={2015},
  doi = {10.1109/ASE.2015.60},
  organization={IEEE}
}

@article{le2015manybugs,
  title={The ManyBugs and IntroClass benchmarks for automated repair of {C} programs},
  author={Le Goues, Claire and Holtschulte, Neal and Smith, Edward K and Brun, Yuriy and Devanbu, Premkumar and Forrest, Stephanie and Weimer, Westley},
  journal={IEEE Transactions on Software Engineering},
  volume={41},
  number={12},
  pages={1236--1256},
  year={2015},
  doi = {10.1109/TSE.2015.2454513},
  publisher={IEEE}
}

@inproceedings{long2015staged,
  title={Staged program repair with condition synthesis},
  author={Long, Fan and Rinard, Martin},
  booktitle={Proceedings of the 10th Joint Meeting on Foundations of Software Engineering},
  pages={166--178},
  year={2015},
  doi = {10.1145/2786805.2786811},
  organization={ACM}
}

@article{martinez2015mining,
  title={Mining software repair models for reasoning on the search space of automated program fixing},
  author={Martinez, Matias and Monperrus, Martin},
  journal={Empirical Software Engineering},
  volume={20},
  number={1},
  pages={176--205},
  year={2015},
  doi = {10.1007/s10664-013-9282-8},
  publisher={Springer}
}

@inproceedings{mechtaev2015directfix,
  title={{DirectFix:} Looking for simple program repairs},
  author={Mechtaev, Sergey and Yi, Jooyong and Roychoudhury, Abhik},
  booktitle={Proceedings of the 37th International Conference on Software Engineering-Volume 1},
  pages={448--458},
  year={2015},
  doi = {10.1109/ICSE.2015.63},
  organization={IEEE}
}

@article{papadakis2015metallaxis,
  title={Metallaxis-FL: mutation-based fault localization},
  author={Papadakis, Mike and Le Traon, Yves},
  journal={Software Testing, Verification and Reliability},
  volume={25},
  number={5-7},
  pages={605--628},
  year={2015},
  publisher={Wiley Online Library}
}

@inproceedings{qi2015analysis,
  title={An analysis of patch plausibility and correctness for generate-and-validate patch generation systems},
  author={Qi, Zichao and Long, Fan and Achour, Sara and Rinard, Martin},
  booktitle={Proceedings of the 24th International Symposium on Software Testing and Analysis},
  pages={24--36},
  year={2015},
  doi = {10.1145/2771783.2771791},
  organization={ACM}
}

@inproceedings{smith2015cure,
  title={Is the cure worse than the disease? overfitting in automated program repair},
  author={Smith, Edward K and Barr, Earl T and Le Goues, Claire and Brun, Yuriy},
  booktitle={Proceedings of the 10th Joint Meeting on Foundations of Software Engineering},
  pages={532--543},
  year={2015},
  doi = {10.1145/2786805.2786825},
  organization={ACM}
}

@inproceedings{vinyals2015pointer,
  title={Pointer networks},
  author={Vinyals, Oriol and Fortunato, Meire and Jaitly, Navdeep},
  booktitle={Proceedings of the 29th Advances in Neural Information Processing Systems},
  pages={2692--2700},
  year={2015}
}

@inproceedings{zhong2015empirical,
  title={An empirical study on real bug fixes},
  author={Zhong, Hao and Su, Zhendong},
  booktitle={Proceedings of the 37th International Conference on Software Engineering},
  pages={913--923},
  year={2015},
  doi = {10.1109/ICSE.2015.101},
  organization={IEEE}
}






@inproceedings{allamanis2016convolutional,
  title={A convolutional attention network for extreme summarization of source code},
  author={Allamanis, Miltiadis and Peng, Hao and Sutton, Charles},
  booktitle={Proceedings of the 33rd International Conference on Machine Learning},
  pages={2091--2100},
  publisher = {JMLR.org},
  year={2016}
}

@article{balog2016deepcoder,
  title={Deepcoder: Learning to write programs},
  author={Balog, Matej and Gaunt, Alexander L and Brockschmidt, Marc and Nowozin, Sebastian and Tarlow, Daniel},
  journal={arXiv preprint arXiv:1611.01989},
  year={2016}
}


@article{bhatia2016automated,
  title={Automated correction for syntax errors in programming assignments using recurrent neural networks},
  author={Bhatia, Sahil and Singh, Rishabh},
  journal={arXiv preprint arXiv:1603.06129},
  year={2016}
}

@inproceedings{durieux2016dynamoth,
  title={{DynaMoth:} dynamic code synthesis for automatic program repair},
  author={Durieux, Thomas and Monperrus, Martin},
  booktitle={Proceedings of the 11th International Workshop in Automation of Software Test},
  pages={85--91},
  year={2016},
  doi = {10.1145/2896921.2896931},
  organization={ACM}
}

@techreport{durieux2016introclassjava,
  title={IntroClassJava: A benchmark of 297 small and buggy Java programs},
  author={Durieux, Thomas and Monperrus, Martin},
  institution = {KTH Royal Institute of Technology},
  year={2016}
}

@inproceedings{le2016history,
  title={History driven program repair},
  author={Le, Xuan Bach D and Lo, David and Le Goues, Claire},
  booktitle={Proceedings of the 23rd IEEE International Conference on Software Analysis, Evolution, and Reengineering},
  pages={213--224},
  year={2016},
  doi = {10.1109/SANER.2016.76},
}

@inproceedings{le2016learning,
  author    = {Tien{-}Duy B. Le and
               David Lo and
               Claire Le Goues and
               Lars Grunske},
  title     = {A learning-to-rank based fault localization approach using likely
               invariants},
  booktitle = {Proceedings of the 25th International Symposium on Software Testing and Analysis},
  pages     = {177--188},
  publisher = {{ACM}},
  year      = {2016},
  doi       = {10.1145/2931037.2931049}
}

@inproceedings{long2016analysis,
  title={An analysis of the search spaces for generate and validate patch generation systems},
  author={Long, Fan and Rinard, Martin},
  booktitle={Proceedings of the 38th International Conference on Software Engineering},
  pages={702--713},
  year={2016},
  doi = {10.1145/2884781.2884872},
  organization={IEEE}
}

@inproceedings{long2016automatic,
  title={Automatic patch generation by learning correct code},
  author={Long, Fan and Rinard, Martin},
  booktitle={Proceedings of the 43rd Annual {ACM} {SIGPLAN-SIGACT} Symposium on Principles of Programming Languages},
  volume={51},
  number={1},
  pages={298--312},
  year={2016},
  doi = {10.1145/2837614.2837617},
  organization={ACM}
}

@inproceedings{martinez2016astor,
  title={{ASTOR:} a program repair library for Java (demo)},
  author={Martinez, Matias and Monperrus, Martin},
  booktitle={Proceedings of the 25th International Symposium on Software Testing and Analysis},
  pages={441--444},
  year={2016},
  doi = {10.1145/2931037.2948705},
  organization={ACM}
}

@inproceedings{mechtaev2016angelix,
  title={Angelix: Scalable multiline program patch synthesis via symbolic analysis},
  author={Mechtaev, Sergey and Yi, Jooyong and Roychoudhury, Abhik},
  booktitle={Proceedings of the 38th International Conference on Software Engineering},
  pages={691--701},
  year={2016},
  doi = {10.1145/2884781.2884807},
  organization={ACM}
}

@inproceedings{wang2016automatically,
  author    = {Song Wang and
               Taiyue Liu and
               Lin Tan},
  title     = {Automatically learning semantic features for defect prediction},
  booktitle = {Proceedings of the 38th International Conference on Software Engineering},
  pages     = {297--308},
  year      = {2016},
  publisher = {{ACM}},
  doi       = {10.1145/2884781.2884804}
}

@article{wong2016survey,
  author    = {W. Eric Wong and
               Ruizhi Gao and
               Yihao Li and
               Rui Abreu and
               Franz Wotawa},
  title     = {A Survey on Software Fault Localization},
  journal   = {{IEEE} Transactions on Software Engineering},
  volume    = {42},
  number    = {8},
  pages     = {707--740},
  year      = {2016},
  doi       = {10.1109/TSE.2016.2521368},
  publisher = {IEEE}
}









@inproceedings{bohme2017bug,
  title={Where is the bug and how is it fixed? an experiment with practitioners},
  author={B{\"o}hme, Marcel and Soremekun, Ezekiel O and Chattopadhyay, Sudipta and Ugherughe, Emamurho and Zeller, Andreas},
  booktitle={Proceedings of the 11th Joint Meeting on Foundations of Software Engineering},
  pages={117--128},
  year={2017},
  doi = {10.1145/3106237.3106255},
  organization={ACM}
}

@inproceedings{chen2017contract,
  title={Contract-based program repair without the contracts},
  author={Chen, Liushan and Pei, Yu and Furia, Carlo A},
  booktitle={Proceedings of the 32nd IEEE/ACM International Conference on Automated Software Engineering},
  pages={637--647},
  year={2017},
  doi = {10.1109/ASE.2017.8115674},
}

@article{chen2017testing,
  author    = {Junjie Chen and
               Alastair F. Donaldson and
               Andreas Zeller and
               Hongyu Zhang},
  title     = {Testing and Verification of Compilers (Dagstuhl Seminar 17502)},
  journal   = {Dagstuhl Reports},
  volume    = {7},
  number    = {12},
  pages     = {50--65},
  year      = {2017},
  doi       = {10.4230/DagRep.7.12.50}
}

@inproceedings{devlin2017robustfill,
  title={Robustfill: Neural program learning under noisy i/o},
  author={Devlin, Jacob and Uesato, Jonathan and Bhupatiraju, Surya and Singh, Rishabh and Mohamed, Abdel-rahman and Kohli, Pushmeet},
  booktitle = {Proceedings of the 34th International Conference on Machine Learning},
  volume    = {70},
  pages     = {990--998},
  publisher = {{PMLR}},	
  year={2017}
}

@inproceedings{durieux2017dynamic,
  title={Dynamic patch generation for null pointer exceptions using metaprogramming},
  author={Durieux, Thomas and Cornu, Benoit and Seinturier, Lionel and Monperrus, Martin},
  booktitle={Proceedings of the 24th International Conference on Software Analysis, Evolution and Reengineering},
  pages={349--358},
  year={2017},
  doi = {10.1109/SANER.2017.7884635},
  organization={IEEE}
}

@inproceedings{gaunt2017differentiable,
  title={Differentiable programs with neural libraries},
  author={Gaunt, Alexander L and Brockschmidt, Marc and Kushman, Nate and Tarlow, Daniel},
  booktitle={Proceedings of the 34th International Conference on Machine Learning},
  pages={1213--1222},
  year={2017}
}

@article{gulwani2017program,
  title={Program synthesis},
  author={Gulwani, Sumit and Polozov, Oleksandr and Singh, Rishabh},
  journal={Foundations and Trends{\textregistered} in Programming Languages},
  volume={4},
  number={1-2},
  pages={1--119},
  year={2017},
  publisher={Now Publishers, Inc.}
}


@inproceedings{gupta2017deepfix,
  title={{DeepFix:} Fixing common {C} language errors by deep learning},
  author={Gupta, Rahul and Pal, Soham and Kanade, Aditya and Shevade, Shirish},
  booktitle={Proceedings of the 31st AAAI Conference on Artificial Intelligence},
  pages={1345--1351},
  year={2017},
  publisher={{AAAI}}
}

@inproceedings{jiang2017automatically,
  author    = {Siyuan Jiang and
               Ameer Armaly and
               Collin McMillan},
  title     = {Automatically generating commit messages from diffs using neural machine translation},
  booktitle = {Proceedings of the 32nd {IEEE/ACM} International Conference on Automated Software Engineering},
  pages     = {135--146},
  year      = {2017},
  doi       = {10.1109/ASE.2017.8115626}
}

@inproceedings{lin2017quixbugs,
  title={{QuixBugs:} A multi-lingual program repair benchmark set based on the Quixey Challenge},
  author={Lin, Derrick and Koppel, James and Chen, Angela and Solar-Lezama, Armando},
  booktitle={Proceedings Companion of the 2017 ACM SIGPLAN International Conference on Systems, Programming, Languages, and Applications: Software for Humanity},
  pages={55--56},
  year={2017},
  doi = {10.1145/3135932.3135941},
  organization={ACM}
}

@inproceedings{le2017s3,
  title={S3: syntax-and semantic-guided repair synthesis via programming by examples},
  author={Le, Xuan-Bach D and Chu, Duc-Hiep and Lo, David and Le Goues, Claire and Visser, Willem},
  booktitle={Proceedings of the 11th Joint Meeting on Foundations of Software Engineering},
  pages={593--604},
  year={2017},
  doi = {10.1145/3106237.3106309},
  organization={ACM}
}

@inproceedings{long2017automatic,
  title={Automatic inference of code transforms for patch generation},
  author={Long, Fan and Amidon, Peter and Rinard, Martin},
  booktitle={Proceedings of the 11th Joint Meeting on Foundations of Software Engineering},
  pages={727--739},
  year={2017},
  doi = {10.1145/3106237.3106253},
  organization={ACM}
}

@article{martinez2017automatic,
  title={Automatic repair of real bugs in java: A large-scale experiment on the defects4j dataset},
  author={Martinez, Matias and Durieux, Thomas and Sommerard, Romain and Xuan, Jifeng and Monperrus, Martin},
  journal={Empirical Software Engineering},
  volume={22},
  number={4},
  pages={1936--1964},
  year={2017},
  doi = {10.1007/s10664-016-9470-4},
  publisher={Springer}
}

@misc{micco2017report,
author = {John Micco},
title = {The state of continuous integration testing at Google},
year = {2017},
location = {Tokyo, Japan},
series = {ICSE},
note = {\url{https://bit.ly/2OohAip}}
}

@inproceedings{palomba2017testsmells,
author={F. {Palomba} and A. {Zaidman}},
booktitle={2017 IEEE International Conference on Software Maintenance and Evolution (ICSME)}, 
title={Notice of Retraction: Does Refactoring of Test Smells Induce Fixing Flaky Tests?}, 
year={2017},
volume={},
number={},
pages={1-12},
}

@inproceedings{pearson2017evaluating,
   author = {Spencer Pearson and Jos{\'e} Campos and Ren{\'e} Just and
	Gordon Fraser and Rui Abreu and Michael D. Ernst and Deric Pang
	and Benjamin Keller},
   title = {Evaluating and improving fault localization},
   booktitle = {Proceedings of the 39th International
	Conference on Software Engineering},
   pages = {609-620},
   doi = {10.1109/ICSE.2017.62},
   publisher = {{ACM}},
   year = {2017}
}

@inproceedings{saha2017elixir,
  title={{ELIXIR:} Effective object-oriented program repair},
  author={Saha, Ripon K and Lyu, Yingjun and Yoshida, Hiroaki and Prasad, Mukul R},
  booktitle={Proceedings of the 32nd IEEE/ACM International Conference on Automated Software Engineering},
  pages={648--659},
  year={2017},
  doi = {10.1109/ASE.2017.8115675},
  organization={IEEE}
}

@article{santos2017finding,
  title={Finding and correcting syntax errors using recurrent neural networks},
  author={Santos, Eddie A and Campbell, Joshua C and Hindle, Abram and Amaral, Jos{\'e} Nelson},
  journal={PeerJ Preprints},
  volume={5},
  pages={e3123v1},
  year = {2017},
  doi = {10.7287/peerj.preprints.3123v1},
  publisher={PeerJ Inc.}
}

@inproceedings{tan2017codeflaws,
  title={Codeflaws: a programming competition benchmark for evaluating automated program repair tools},
  author={Tan, Shin Hwei and Yi, Jooyong and Mechtaev, Sergey and Roychoudhury, Abhik and others},
  booktitle={Proceedings of the 39th International Conference on Software Engineering},
  pages={180--182},
  year={2017},
  doi = {10.1109/ICSE-C.2017.76},
  organization={IEEE}
}

@inproceedings{wei2017supervised,
  author    = {Huihui Wei and
               Ming Li},
  title     = {Supervised Deep Features for Software Functional Clone Detection by Exploiting Lexical and Syntactical Information in Source Code},
  booktitle = {Proceedings of the 26th International Joint Conference on
               Artificial Intelligence},
  pages     = {3034--3040},
  year      = {2017},
  publisher = {Morgan Kaufmann},
  doi       = {10.24963/ijcai.2017/423}
}

@inproceedings{xin2017identifying,
  title={Identifying test-suite-overfitted patches through test case generation},
  author={Xin, Qi and Reiss, Steven P},
  booktitle={Proceedings of the 26th ACM SIGSOFT International Symposium on Software Testing and Analysis},
  pages={226--236},
  year={2017},
  doi = {10.1145/3092703.3092718},
  organization={ACM}
}

@inproceedings{xin2017leveraging,
  title={Leveraging syntax-related code for automated program repair},
  author={Xin, Qi and Reiss, Steven P},
  booktitle={Proceedings of the 32nd IEEE/ACM International Conference on Automated Software Engineering},
  pages={660--670},
  year={2017},
  doi = {10.1109/ASE.2017.8115676},
}

@inproceedings{xiong2017precise,
  title={Precise condition synthesis for program repair},
  author={Xiong, Yingfei and Wang, Jie and Yan, Runfa and Zhang, Jiachen and Han, Shi and Huang, Gang and Zhang, Lu},
  booktitle={Proceedings of the 39th IEEE/ACM International Conference on Software Engineering},
  pages={416--426},
  year={2017},
  doi = {10.1109/ICSE.2017.45},
  organization={IEEE}
}

@article{xuan2017nopol,
  title={Nopol: Automatic repair of conditional statement bugs in java programs},
  author={Xuan, Jifeng and Martinez, Matias and Demarco, Favio and Clement, Maxime and Marcote, Sebastian Lamelas and Durieux, Thomas and Le Berre, Daniel and Monperrus, Martin},
  journal={IEEE Transactions on Software Engineering},
  volume={43},
  number={1},
  pages={34--55},
  year={2017},
  doi={10.1109/TSE.2016.2560811},
  publisher={IEEE}
}

@inproceedings{yang2017better,
  title={Better test cases for better automated program repair},
  author={Yang, Jinqiu and Zhikhartsev, Alexey and Liu, Yuefei and Tan, Lin},
  booktitle={Proceedings of the 11th Joint Meeting on Foundations of Software Engineering},
  pages={831--841},
  year={2017},
  doi = {10.1145/3106237.3106274},
  organization={ACM}
}

@inproceedings{yang2017empirical,
  title={An empirical study on the usage of fault localization in automated program repair},
  author={Yang, Deheng and Qi, Yuhua and Mao, Xiaoguang},
  booktitle={Proceedings of the 33rd IEEE International Conference on Software Maintenance and Evolution},
  pages={504--508},
  year={2017},
  doi = {10.1109/ICSME.2017.37},
  organization={IEEE}
}

@inproceedings{zhang2017boosting,
  title={Boosting spectrum-based fault localization using PageRank},
  author={Zhang, Mengshi and Li, Xia and Zhang, Lingming and Khurshid, Sarfraz},
  booktitle={Proceedings of the 26th ACM SIGSOFT International Symposium on Software Testing and Analysis},
  pages={261--272},
  year={2017}
}









@article{allamanis2018survey,
  author    = {Miltiadis Allamanis and
               Earl T. Barr and
               Premkumar T. Devanbu and
               Charles A. Sutton},
  title     = {A Survey of Machine Learning for Big Code and Naturalness},
  journal   = {{ACM} Computing Surveys},
  volume    = {51},
  number    = {4},
  pages     = {81:1--81:37},
  year      = {2018},
  publisher = {ACM},
  doi       = {10.1145/3212695}
}

@inproceedings{alon2018general,
  title={A general path-based representation for predicting program properties},
  author={Alon, Uri and Zilberstein, Meital and Levy, Omer and Yahav, Eran},
  booktitle={Proceedings of the 39th ACM SIGPLAN Conference on Programming Language Design and Implementation},
  pages={404--419},
  year={2018},
  doi = {10.1145/3192366.3192412},
  publisher={ACM}
}

@inproceedings{bell2018deflaker,
  author={J. {Bell} and O. {Legunsen} and M. {Hilton} and L. {Eloussi} and T. {Yung} and D. {Marinov}},
  booktitle={2018 IEEE/ACM 40th International Conference on Software Engineering (ICSE)}, 
  title={DeFlaker: Automatically Detecting Flaky Tests}, 
  year={2018},
  volume={},
  number={},
  pages={433-444},
}

@article{brockschmidt2018generative,
  title={Generative code modeling with graphs},
  author={Brockschmidt, Marc and Allamanis, Miltiadis and Gaunt, Alexander L and Polozov, Oleksandr},
  journal={arXiv preprint arXiv:1805.08490},
  year={2018}
}

@inproceedings{feng2018program,
  title={Program synthesis using conflict-driven learning},
  author={Feng, Yu and Martins, Ruben and Bastani, Osbert and Dillig, Isil},
  booktitle={ACM SIGPLAN Conference on Programming Language Design and Implementation},
  year={2018}
}

@inproceedings{gambi2018pradet,
  author={A. {Gambi} and J. {Bell} and A. {Zeller}},
  booktitle={2018 IEEE 11th International Conference on Software Testing, Verification and Validation (ICST)}, 
  title={Practical Test Dependency Detection}, 
  year={2018},
  volume={},
  number={},
  pages={1-11},}

@inproceedings{jiang2018shaping,
  title={Shaping program repair space with existing patches and similar code},
  author={Jiang, Jiajun and Xiong, Yingfei and Zhang, Hongyu and Gao, Qing and Chen, Xiangqun},
  booktitle={Proceedings of the 27th ACM SIGSOFT International Symposium on Software Testing and Analysis},
  pages={298--309},
  year={2018},
  doi = {10.1145/3213846.3213871},
  organization={ACM}
}

@inproceedings{just2018comparing,
  title={Comparing developer-provided to user-provided tests for fault localization and automated program repair},
  author={Just, Ren{\'e} and Parnin, Chris and Drosos, Ian and Ernst, Michael D},
  booktitle={Proceedings of the 27th ACM SIGSOFT International Symposium on Software Testing and Analysis},
  pages={287--297},
  year={2018},
  doi = {10.1145/3213846.3213870},
  organization={ACM}
}

@inproceedings{hua2018towards,
  title={Towards practical program repair with on-demand candidate generation},
  author={Hua, Jinru and Zhang, Mengshi and Wang, Kaiyuan and Khurshid, Sarfraz},
  booktitle={Proceedings of the 40th International Conference on Software Engineering},
  pages={12--23},
  year={2018},
  doi = {10.1145/3180155.3180245},
  organization={ACM}
}

@inproceedings{kim2018facoy,
  title={{FaCoY:} a code-to-code search engine},
  author={Kim, Kisub and Kim, Dongsun and Bissyand{\'e}, Tegawend{\'e} F. and Choi, Eunjong and Li, Li and Klein, Jacques and Le Traon, Yves},
  booktitle={Proceedings of the 40th International Conference on Software Engineering},
  pages={946--957},
  year={2018},
  doi = {10.1145/3180155.3180187},
  organization={ACM}
}

@article{le2018overfitting,
  title={Overfitting in semantics-based automated program repair},
  author={Le, Xuan Bach D and Thung, Ferdian and Lo, David and Le Goues, Claire},
  journal={Empirical Software Engineering},
  volume={23},
  number={5},
  pages={3007--3033},
  year={2018},
  doi = {10.1007/s10664-017-9577-2},
  publisher={Springer}
}

@inproceedings{liu2018closer,
  title={A closer look at real-world patches},
  author={Liu, Kui and Kim, Dongsun and Koyuncu, Anil and Li, Li and Bissyand{\'e}, Tegawend{\'e} F and Le Traon, Yves},
  booktitle={Proceedings of the 34th International Conference on Software Maintenance and Evolution},
  pages={275--286},
  year={2018},
  doi = {10.1109/ICSME.2018.00037},
  organization={IEEE}
}

@inproceedings{liu2018lsrepair,
  title={{LSRepair}: Live search of fix ingredients for automated program repair},
  author={Liu, Kui and Koyuncu, Anil and Kim, Kisub and Kim, Dongsun and Bissyand{\'e}, Tegawend{\'e} F.},
  booktitle={Proceedings of the 25th Asia-Pacific Software Engineering Conference ERA Track},
  pages     = {658--662},
  doi       = {10.1109/APSEC.2018.00085},
  organization = {{IEEE}},
  year={2018}
}

@inproceedings{liu2018mining,
  title={Mining stackoverflow for program repair},
  author={Liu, Xuliang and Zhong, Hao},
  booktitle={Proceedings of the 25th IEEE International Conference on Software Analysis, Evolution and Reengineering},
  pages={118--129},
  year={2018},
  doi = {10.1109/SANER.2018.8330202},
  organization={IEEE}
}

@article{liu2018mining2,
  title={Mining fix patterns for findbugs violations},
  author={Liu, Kui and Kim, Dongsun and Bissyand{\'e}, Tegawend{\'e} F and Yoo, Shin and Le Traon, Yves},
  journal={IEEE Transactions on Software Engineering},
  year={2018},
  doi={10.1109/TSE.2018.2884955},
  publisher={IEEE}
}

@inproceedings{martinez2018ultra,
  title={Ultra-Large Repair Search Space with Automatically Mined Templates: the Cardumen Mode of Astor},
  author={Martinez, Matias and Monperrus, Martin},
  booktitle={Proceedings of the 10th International Symposium on Search Based Software Engineering},
  pages={65--86},
  year={2018},
  doi = {10.1007/978-3-319-99241-9\_3},
  organization={Springer}
}

@inproceedings{mechtaev2018semantic,
  title={Semantic Program Repair Using a Reference Implementation},
  author={Mechtaev, Sergey and Nguyen, Manh-Dung and Noller, Yannic and Grunske, Lars and Roychoudhury, Abhik},
  booktitle={Proceedings of the 40th International Conference on Software Engineering},
  pages     = {298--309},
  publisher = {{ACM}},
  doi       = {10.1145/3180155.3180247},
  year={2018}
}

@article{monperrus2018automatic,
  title={Automatic software repair: {A} bibliography},
  author={Monperrus, Martin},
  journal={ACM Computing Surveys},
  volume={51},
  number={1},
  pages={17:1--17:24},
  doi = {10.1145/3105906},
  year={2018},
  publisher={ACM}
}

@inproceedings{monperrus2018living,
  title={The living review on automated program repair},
  author={Monperrus, Martin},
  booktitle={HAL/archives-ouvertes. fr, Technical Report},
  year={2018}
}

@article{motwani2018automated,
  title={Do automated program repair techniques repair hard and important bugs?},
  author={Motwani, Manish and Sankaranarayanan, Sandhya and Just, Ren{\'e} and Brun, Yuriy},
  journal={Empirical Software Engineering},
  volume={23},
  number={5},
  pages={2901--2947},
  year={2018},
  doi = {10.1007/s10664-017-9550-0},
  publisher={Springer}
}

@inproceedings{rahman2018crash,
author = {Rahman, Md Tajmilur and Rigby, Peter C.},
title = {The Impact of Failing, Flaky, and High Failure Tests on the Number of Crash Reports Associated with Firefox Builds},
year = {2018},
isbn = {9781450355735},
publisher = {Association for Computing Machinery},
address = {New York, NY, USA},
booktitle = {Proceedings of the 2018 26th ACM Joint Meeting on European Software Engineering Conference and Symposium on the Foundations of Software Engineering},
pages = {857–862},
numpages = {6},
keywords = {Builds, Software Testing, Flaky Tests, User Crash Reports},
location = {Lake Buena Vista, FL, USA},
series = {ESEC/FSE 2018}
}

@article{rolim2018learning,
  title={Learning Quick Fixes from Code Repositories},
  author={Rolim, Reudismam and Soares, Gustavo and Gheyi, Rohit and D'Antoni, Loris},
  journal={arXiv preprint arXiv:1803.03806},
  year={2018}
}

@article{sadowski2018lessons,
  title={Lessons from building static analysis tools at google},
  author={Sadowski, Caitlin and Aftandilian, Edward and Eagle, Alex and Miller-Cushon, Liam and Jaspan, Ciera},
  journal={Communications of the ACM},
  volume={61},
  number={4},
  pages={58--66},
  year={2018},
  doi = {10.1145/3188720},
  publisher={ACM}
}

@inproceedings{saha2018bugs,
  title={Bugs.jar: A large-scale, diverse dataset of real-world java bugs},
  author={Saha, Ripon and Lyu, Yingjun and Lam, Wing and Yoshida, Hiroaki and Prasad, Mukul},
  booktitle={Proceedings of the 15th IEEE/ACM International Conference on Mining Software Repositories},
  pages={10--13},
  year={2018},
  doi = {10.1145/3196398.3196473},
  organization={ACM}
}

@inproceedings{si2018learning,
  title={Learning a meta-solver for syntax-guided program synthesis},
  author={Si, Xujie and Yang, Yuan and Dai, Hanjun and Naik, Mayur and Song, Le},
  booktitle={Proceedings of the 7th International Conference on Learning Representations},
  year={2018}
}

@inproceedings{sobreira2018dissection,
  title={Dissection of a bug dataset: Anatomy of 395 patches from Defects4J},
  author={Sobreira, Victor and Durieux, Thomas and Madeiral, Fernanda and Monperrus, Martin and de Almeida Maia, Marcelo},
  booktitle={Proceedings of the 25th International Conference on Software Analysis, Evolution and Reengineering},
  pages={130--140},
  year={2018},
  doi = {10.1109/SANER.2018.8330203},
  organization={IEEE}
}

@inproceedings{soto2018using,
  title={Using a probabilistic model to predict bug fixes},
  author={Soto, Mauricio and Le Goues, Claire},
  booktitle={Proceedings of the 25th International Conference on Software Analysis, Evolution and Reengineering},
  pages={221--231},
  year={2018},
  doi = {10.1109/SANER.2018.8330211},
  organization={IEEE}
}

@inproceedings{thorve2018android,
author = {Thorve, Swapna and Sreshtha, Chandani and Meng, Na},
booktitle={2018 IEEE International Conference on Software Maintenance and Evolution (ICSME)}, 
year = {2018},
month = {09},
pages = {534-538},
title = {An Empirical Study of Flaky Tests in Android Apps},
doi = {10.1109/ICSME.2018.00062}
}

@inproceedings{urli2018design,
  title={How to design a program repair bot?: insights from the repairnator project},
  author={Urli, Simon and Yu, Zhongxing and Seinturier, Lionel and Monperrus, Martin},
  booktitle={Proc. of the 40th ICSE: Software Engineering in Practice},
  year={2018},
}

@inproceedings{wen2018context,
  title={Context-aware patch generation for better automated program repair},
  author={Wen, Ming and Chen, Junjie and Wu, Rongxin and Hao, Dan and Cheung, Shing-Chi},
  booktitle={Proceedings of the 40th International Conference on Software Engineering},
  pages={1--11},
  year={2018},
  doi = {10.1145/3180155.3180233},
  organization={ACM}
}

@inproceedings{xiong2018identifying,
  title={Identifying patch correctness in test-based program repair},
  author={Xiong, Yingfei and Liu, Xinyuan and Zeng, Muhan and Zhang, Lu and Huang, Gang},
  booktitle={Proceedings of the 40th International Conference on Software Engineering},
  pages={789--799},
  year={2018},
  doi = {10.1145/3183519.3183540},
  organization={ACM}
}

@article{yi2018correlation,
  title={A correlation study between automated program repair and test-suite metrics},
  author={Yi, Jooyong and Tan, Shin Hwei and Mechtaev, Sergey and B{\"o}hme, Marcel and Roychoudhury, Abhik},
  journal={Empirical Software Engineering},
  volume={23},
  number={5},
  pages={2948--2979},
  year={2018},
  doi = {10.1007/s10664-017-9552-y},
  publisher={Springer}
}







@article{alon2019code2vec,
  author    = {Uri Alon and
               Meital Zilberstein and
               Omer Levy and
               Eran Yahav},
  title     = {code2vec: learning distributed representations of code},
  journal   = {Proceedings of the ACM on Programming Languages},
  volume    = {3},
  number    = {{POPL}},
  pages     = {40:1--40:29},
  year      = {2019},
  doi       = {10.1145/3290353}
}

@inproceedings{alon2019code2seq,
  title={code2seq: Generating Sequences from Structured Representations of Code},
  author={Alon, Uri and Brody, Shaked and Levy, Omer and Yahav, Eran},
  booktitle={Proceedings of the 7th International Conference on Learning Representations},
  publisher = {OpenReview.net},
  year={2019}
}

@inproceedings{asad2019impact,
  author    = {Moumita Asad and
               Kishan Kumar Ganguly and
               Kazi Sakib},
  title     = {Impact Analysis of Syntactic and Semantic Similarities on Patch Prioritization in Automated Program Repair},
  booktitle = {Proceedings of the 35th {IEEE} International Conference on Software Maintenance and Evolution},
  pages     = {328--332},
  year      = {2019},
  doi       = {10.1109/ICSME.2019.00050}
}

@article{bader2019getafix,
  author    = {Johannes Bader and
               Andrew Scott and
               Michael Pradel and
               Satish Chandra},
  title     = {Getafix: learning to fix bugs automatically},
  journal   = {Proceedings of the ACM on Programming Languages},
  volume    = {3},
  number    = {{OOPSLA}},
  pages     = {159:1--159:27},
  year      = {2019},
  doi       = {10.1145/3360585}
}

@article{chen2019sequencer,
  title={Sequencer: Sequence-to-sequence learning for end-to-end program repair},
  author={Chen, Zimin and Kommrusch, Steve James and Tufano, Michele and Pouchet, Louis-No{\"e}l and Poshyvanyk, Denys and Monperrus, Martin},
  journal={IEEE Trans. on Software Engineering},
  year={2019},
  publisher={IEEE}
}

@inproceedings{devlin2019bert,
  author    = {Jacob Devlin and
               Ming{-}Wei Chang and
               Kenton Lee and
               Kristina Toutanova},
  title     = {{BERT:} Pre-training of Deep Bidirectional Transformers for Language Understanding},
  booktitle = {Proceedings of the 2019 Conference of the North American Chapter of the Association for Computational Linguistics: Human Language Technologies},
  pages     = {4171--4186},
  year      = {2019},
  doi       = {10.18653/v1/n19-1423}
}

@inproceedings{durieux2019empirical,
  title={Empirical Review of Java Program Repair Tools: A Large-Scale Experiment on 2,141 Bugs and 23,551 Repair Attempts},
  author={Durieux, Thomas and Madeiral, Fernanda and Martinez, Matias and Abreu, Rui},
  booktitle={Proceedings of the 27th ACM Joint Meeting on European Software Engineering Conference and Symposium on the Foundations of Software Engineering},
  pages     = {302--313},
  year      = {2019},
  publisher = {ACM},
  doi       = {10.1145/3338906.3338911}
}

@inproceedings{Eck2019knowflaky,
author = {Eck, Moritz and Palomba, Fabio and Castelluccio, Marco and Bacchelli, Alberto},
title = {Understanding Flaky Tests: The Developer’s Perspective},
year = {2019},
isbn = {9781450355728},
publisher = {Association for Computing Machinery},
address = {New York, NY, USA},
url = {https://doi.org/10.1145/3338906.3338945},
doi = {10.1145/3338906.3338945},
booktitle = {Proceedings of the 2019 27th ACM Joint Meeting on European Software Engineering Conference and Symposium on the Foundations of Software Engineering},
pages = {830–840},
numpages = {11},
keywords = {Empirical Studies, Flaky Tests, Mixed-Method Research},
location = {Tallinn, Estonia},
series = {ESEC/FSE 2019}
}

@article{gazzola2019automatic,
  title={Automatic software repair: A survey},
  author={Gazzola, Luca and Micucci, Daniela and Mariani, Leonardo},
  journal={IEEE Transactions on Software Engineering},
  volume={45},
  number={1},
  pages={34--67},
  year={2019},
  doi = {10.1109/TSE.2017.2755013},
  publisher={IEEE}
}

@inproceedings{ghanbari2019practical,
  title={Practical program repair via bytecode mutation},
  author={Ghanbari, Ali and Benton, Samuel and Zhang, Lingming},
  booktitle={Proceedings of the 28th ACM SIGSOFT International Symposium on Software Testing and Analysis},
  pages={19--30},
  year={2019},
  doi = {10.1145/3293882.3330559},
  organization={ACM}
}

@article{hoang2019patchnet,
  author    = {Thong Hoang and
               Julia Lawall and
               Yuan Tian and
               Richard Jayadi Oentaryo and
               David Lo},
  title     = {{PatchNet:} Hierarchical Deep Learning-Based Stable Patch Identification for the Linux Kernel},
  journal   = {CoRR},
  volume    = {abs/1911.03576},
  year      = {2019},
  url       = {http://arxiv.org/abs/1911.03576},
  archivePrefix = {arXiv}
}

@inproceedings{jiang2019combining,
  title={Combining spectrum-based fault localization and statistical debugging: an empirical study},
  author={Jiang, Jiajun and Wang, Ran and Xiong, Yingfei and Chen, Xiangping and Zhang, Lu},
  booktitle={2019 34th IEEE/ACM International Conference on Automated Software Engineering (ASE)},
  pages={502--514},
  year={2019},
  organization={IEEE}
}


@inproceedings{jiang2019inferring,
  author    = {Jiajun Jiang and
               Luyao Ren and
               Yingfei Xiong and
               Lingming Zhang},
  title     = {Inferring Program Transformations From Singular Examples via Big Code},
  booktitle = {Proceedings of the 34th {IEEE/ACM} International Conference on Automated Software Engineering},
  pages     = {255--266},
  doi       = {10.1109/ASE.2019.00033},
  publisher = {{IEEE}},
  year      = {2019}
}

@inproceedings{kang2019assessing,
  author    = {Hong Jin Kang and
               Tegawend{\'{e}} F. Bissyand{\'{e}} and
               David Lo},
  title     = {Assessing the Generalizability of Code2vec Token Embeddings},
  booktitle = {Proceedings of the 34th {IEEE/ACM} International Conference on Automated Software Engineering},
  pages     = {1--12},
  year      = {2019},
  publisher = {{IEEE}},
  doi       = {10.1109/ASE.2019.00011}
}

@article{kim2019automatic,
  author    = {Jindae Kim and Sunghun Kim},
  title     = {Automatic patch generation with context-based change application},
  journal   = {Empirical Software Engineering},
  volume    = {24},
  number    = {6},
  pages     = {4071--4106},
  doi       = {10.1007/s10664-019-09742-5},
  year      = {2019}
}

@inproceedings{koyuncu2019ifixr,
  title={{iFixR}: Bug Report driven Program Repair},
  author={Koyuncu, Anil and Liu, Kui and Bissyand{\'e}, Tegawend{\'e} F. and Kim, Dongsun and Monperrus, Martin and Klein, Jacques and Le Traon, Yves},
  booktitle={Proceedings of the 27the ACM Joint European Software Engineering Conference and Symposium on the Foundations of Software Engineering},
  pages     = {314--325},
  year={2019},
  doi       = {10.1145/3338906.3338935},
  organization={ACM}
}

@inproceedings{lam2019flakytest,
author = {Lam, Wing and Godefroid, Patrice and Nath, Suman and Santhiar, Anirudh and Thummalapenta, Suresh},
title = {Root Causing Flaky Tests in a Large-Scale Industrial Setting},
year = {2019},
isbn = {9781450362245},
publisher = {Association for Computing Machinery},
address = {New York, NY, USA},
booktitle = {Proceedings of the 28th ACM SIGSOFT International Symposium on Software Testing and Analysis},
pages = {101–111},
numpages = {11},
keywords = {regression testing, debugging, flaky tests},
location = {Beijing, China},
series = {ISSTA 2019}
}

@inproceedings{lam2019idflakies,
  author={W. {Lam} and R. {Oei} and A. {Shi} and D. {Marinov} and T. {Xie}},
  booktitle={2019 12th IEEE Conference on Software Testing, Validation and Verification (ICST)}, 
  title={iDFlakies: A Framework for Detecting and Partially Classifying Flaky Tests}, 
  year={2019},
  volume={},
  number={},
  pages={312-322},
}

@inproceedings{li2019deepfl,
  title={Deepfl: Integrating multiple fault diagnosis dimensions for deep fault localization},
  author={Li, Xia and Li, Wei and Zhang, Yuqun and Zhang, Lingming},
  booktitle={Proceedings of the 28th ACM SIGSOFT International Symposium on Software Testing and Analysis},
  pages={169--180},
  year={2019}
}

@inproceedings{leclair2019neural,
  author    = {Alexander LeClair and
               Siyuan Jiang and
               Collin McMillan},
  title     = {A neural model for generating natural language summaries of program subroutines},
  booktitle = {Proceedings of the 41st International Conference on Software Engineering},
  pages     = {795--806},
  year      = {2019},
  doi       = {10.1109/ICSE.2019.00087}
}

@inproceedings{liu2019avatar,
  title={{AVATAR:} Fixing semantic bugs with fix patterns of static analysis violations},
  author={Liu, Kui and Koyuncu, Anil and Kim, Dongsun and Bissyand{\'e}, Tegawend{\'e} F},
  booktitle={Proceedings of the 26th IEEE International Conference on Software Analysis, Evolution and Reengineering},
  pages={456--467},
  year={2019},
  doi = {10.1109/SANER.2019.8667970},
  organization={IEEE}
}

@inproceedings{liu2019learning,
  author    = {Kui Liu and
               Dongsun Kim and
               Tegawend{\'{e}} F. Bissyand{\'{e}} and
               Tae{-}young Kim and
               Kisub Kim and
               Anil Koyuncu and
               Suntae Kim and
               Yves Le Traon},
  title     = {Learning to spot and refactor inconsistent method names},
  booktitle = {Proceedings of the 41st International Conference on Software Engineering},
  pages     = {1--12},
  year      = {2019},
  doi       = {10.1109/ICSE.2019.00019},
  organization={IEEE}
}

@inproceedings{liu2019tbar,
  title={{TBar}: Revisiting Template-based Automated Program Repair},
  author={Liu, Kui and Koyuncu, Anil and Kim, Dongsun and Bissyand{\'e}, Tegawend{\'e} F.},
  booktitle={Proceedings of the 28th ACM SIGSOFT International Symposium on Software Testing and Analysis},
  pages={31--42},
  year={2019},
  doi = {10.1145/3293882.3330577},
  organization={ACM}
}

@inproceedings{liu2019you,
  title={You cannot fix what you cannot find! an investigation of fault localization bias in benchmarking automated program repair systems},
  author={Liu, Kui and Koyuncu, Anil and Bissyand{\'e}, Tegawend{\'e} F and Kim, Dongsun and Klein, Jacques and Traon, Yves Le},
  booktitle={Proceedings of the 12th IEEE International Conference on Software Testing, Verification and Validation},
  pages     = {102--113},
  year={2019},
  organization={IEEE},
  doi       = {10.1109/ICST.2019.00020}
}

@inproceedings{lou2019history,
  title={History-driven build failure fixing: how far are we?},
  author={Lou, Yiling and Chen, Junjie and Zhang, Lingming and Hao, Dan and Zhang, Lu},
  booktitle={Proceedings of the 28th ACM SIGSOFT International Symposium on Software Testing and Analysis},
  pages={43--54},
  year={2019},
  doi = {10.1145/3293882.3330578},
  organization={ACM}
}

@article{le2019automated,
  title={Automated Program Repair},
  author={Le Goues, Claire and Pradel, Michael and Roychoudhury, Abhik},
  journal={Communications of the ACM},
  doi={10.1145/3318162},
  volume    = {62},
  number    = {12},
  pages     = {56--65},
  year={2019},
  publisher={ACM}
}

@inproceedings{le2019reliability,
  title={On reliability of patch correctness assessment},
  author={Le, Xuan-Bach D and Bao, Lingfeng and Lo, David and Xia, Xin and Li, Shanping and Pasareanu, Corina},
  booktitle={Proceedings of the 41st International Conference on Software Engineering},
  pages={524--535},
  year={2019},
  doi= {10.1109/ICSE.2019.00064},
  organization={IEEE}
}

@inproceedings{madeiral2019bears,
  title={{BEARS:} An Extensible Java Bug Benchmark for Automatic Program Repair Studies},
  author={Madeiral, Fernanda and Urli, Simon and Maia, Marcelo and Monperrus, Martin},
  booktitle={Proceedings of the 26th International Conference on Software Analysis, Evolution and Reengineering},
  pages={468--478},
  year={2019},
  doi = {10.1109/SANER.2019.8667991},
  organization={IEEE}
}

@inproceedings{marginean2019sapfix,
  title={Sapfix: Automated end-to-end repair at scale},
  author={Marginean, Alexandru and Bader, Johannes and Chandra, Satish and Harman, Mark and Jia, Yue and Mao, Ke and Mols, Alexander and Scott, Andrew},
  booktitle={2019 IEEE/ACM 41st International Conference on Software Engineering: Software Engineering in Practice (ICSE-SEIP)},
  pages={269--278},
  year={2019},
  organization={IEEE}
}

@inproceedings{mesbah2019deepdelta,
  title={DeepDelta: learning to repair compilation errors},
  author={Mesbah, Ali and Rice, Andrew and Johnston, Emily and Glorioso, Nick and Aftandilian, Edward},
  booktitle={Proceedings of the 2019 27th ACM ESEC/FSE},
  pages={925--936},
  year={2019}
}


@article{ndichu2019machine,
  author    = {Samuel Ndichu and
               Sangwook Kim and
               Seiichi Ozawa and
               Takeshi Misu and
               Kazuo Makishima},
  title     = {A machine learning approach to detection of JavaScript-based attacks using {AST} features and paragraph vectors},
  journal   = {Applied Soft Computing},
  volume    = {84},
  year      = {2019},
  doi       = {10.1016/j.asoc.2019.105721}
}

@inproceedings{saha2019harnessing,
  title={Harnessing evolution for multi-hunk program repair},
  author={Saha, Seemanta and Saha, Ripon K and Prasad, Mukul R},
  booktitle={Proceedings of the 41st International Conference on Software Engineering},
  pages={13--24},
  year={2019},
  doi = {10.1109/ICSE.2019.00020},
  organization={IEEE}
}

@article{scott2019getafix,
  title={Getafix: Learning to fix bugs automatically},
  author={Scott, Andrew and Bader, Johannes and Chandra, Satish},
  journal={Proceedings of the ACM on Programming Languages},
  volume    = {3},
  number    = {{OOPSLA}},
  pages     = {159:1--159:27},
  year      = {2019},
  doi       = {10.1145/3360585}
}

@inproceedings{shi2019ifixflakies,
title = "IFixFlakies: A framework for automatically fixing order-dependent flaky tests",
author = "August Shi and Wing Lam and Reed Oei and Tao Xie and Darko Marinov",
year = "2019",
month = aug,
day = "12",
doi = "10.1145/3338906.3338925",
language = "English (US)",
publisher = "Association for Computing Machinery, Inc",
pages = "545--555",
booktitle = "ESEC/FSE 2019 - Proceedings of the 2019 27th ACM Joint Meeting European Software Engineering Conference and Symposium on the Foundations of Software Engineering",
}

@article{tufano2019empirical,
  title={An empirical study on learning bug-fixing patches in the wild via neural machine translation},
  author={Tufano, Michele and Watson, Cody and Bavota, Gabriele and Di Penta, Massimiliano and White, Martin and Poshyvanyk, Denys},
  journal={ACM Transactions on Software Engineering and Methodology},
  volume    = {28},
  number    = {4},
  pages     = {19:1--19:29},
  doi       = {10.1145/3340544},
  year={2019}
}

@inproceedings{wang2019attention,
  title={Attention please: Consider Mockito when evaluating newly proposed automated program repair techniques},
  author={Wang, Shangwen and Wen, Ming and Mao, Xiaoguang and Yang, Deheng},
  booktitle={Proceedings of the 23rd Evaluation and Assessment on Software Engineering},
  pages={260--266},
  year={2019},
  doi = {10.1145/3319008.3319349},
  organization={ACM}
}

@inproceedings{wang2019different,
  title={How Different Is It Between Machine-Generated and Developer-Provided Patches? An Empirical Study on The Correct Patches Generated by Automated Program Repair Techniques},
  author={Wang, Shangwen and Wen, Ming and Chen, Liqian and Yi, Xin and Mao, Xiaoguang},
  booktitle={Proceedings of the 13th International Symposium on Empirical Software Engineering and Measurement},
  pages     = {1--12},
  publisher = {{IEEE}},
  doi       = {10.1109/ESEM.2019.8870172},
  year={2019}
}

@inproceedings{wen2019exploring,
  title = {Exploring and {{Exploiting}} the {{Correlations Between Bug}}-Inducing and {{Bug}}-Fixing {{Commits}}},
  author = {Wen, Ming and Wu, Rongxin and Liu, Yepang and Tian, Yongqiang and Xie, Xuan and Cheung, Shing-Chi and Su, Zhendong},
  booktitle = {Proceedings of the 27th {{ACM Joint Meeting}} on {{European Software Engineering Conference}} and {{Symposium}} on the {{Foundations}} of {{Software Engineering}}},
  doi = {10.1145/3338906.3338962},
  year = {2019},
  pages = {326--337},
  publisher = {{ACM}}
}

@inproceedings{white2019sorting,
  title={Sorting and transforming program repair ingredients via deep learning code similarities},
  author={White, Martin and Tufano, Michele and Martinez, Matias and Monperrus, Martin and Poshyvanyk, Denys},
  booktitle={Proceedings of the IEEE 26th International Conference on Software Analysis, Evolution and Reengineering},
  pages={479--490},
  year={2019},
  doi = {10.1109/SANER.2019.8668043},
  organization={IEEE}
}

@inproceedings{xu2019vfix,
  title={{VFix:} value-flow-guided precise program repair for null pointer dereferences},
  author={Xu, Xuezheng and Sui, Yulei and Yan, Hua and Xue, Jingling},
  booktitle={Proceedings of the 41st International Conference on Software Engineering},
  pages={512--523},
  year={2019},
  doi = {10.1109/ICSE.2019.00063},
  organization={IEEE}
}

@article{ye2019automated,
  author    = {He Ye and
               Jian Gu and
               Matias Martinez and
               Thomas Durieux and
               Martin Monperrus},
  title     = {Automated Classification of Overfitting Patches with Statically Extracted Code Features},
  journal   = {CoRR},
  volume    = {abs/1910.12057},
  year      = {2019},
  url       = {http://arxiv.org/abs/1910.12057},
  archivePrefix = {arXiv}
}

@article{ye2019automated2,
  author    = {He Ye and
               Matias Martinez and
               Martin Monperrus},
  title     = {Automated Patch Assessment for Program Repair at Scale},
  journal   = {CoRR},
  volume    = {abs/1909.13694},
  year      = {2019},
  archivePrefix = {arXiv}
}

@inproceedings{ye2019comprehensive,
  title={A Comprehensive Study of Automatic Program Repair on the QuixBugs Benchmark},
  author={He Ye and Matias Martinez and Thomas Durieux and Martin Monperrus},
  booktitle={Proceedings of the 1st International Workshop on Intelligent Bug Fixing},
  pages={1--10},
  year={2019},
  doi={10.1109/IBF.2019.8665475},
  organization={IEEE}
}

@article{yu2019alleviating,
  author    = {Zhongxing Yu and
               Matias Martinez and
               Benjamin Danglot and
               Thomas Durieux and
               Martin Monperrus},
  title     = {Alleviating patch overfitting with automatic test generation: a study of feasibility and effectiveness for the Nopol repair system},
  journal   = {Empirical Software Engineering},
  volume    = {24},
  number    = {1},
  pages     = {33--67},
  year      = {2019},
}

@inproceedings{zhou2019lancer,
  author    = {Shufan Zhou and
               Beijun Shen and
               Hao Zhong},
  title     = {Lancer: Your Code Tell Me What You Need},
  booktitle = {Proceedings of the 34th {IEEE/ACM} International Conference on Automated Software Engineering},
  pages     = {1202--1205},
  publisher = {{IEEE}},
  year      = {2019},
  doi       = {10.1109/ASE.2019.00137}
}

@article{li2019improving,
  title={Improving bug detection via context-based code representation learning and attention-based neural networks},
  author={Li, Yi and Wang, Shaohua and Nguyen, Tien N and Van Nguyen, Son},
  journal={Proceedings of the ACM on Programming Languages},
  volume={3},
  number = {{OOPSLA}},
  pages = {162:1--162:30},
  year = {2019}, 
  doi = {10.1145/3360588},
  publisher={ACM}
}

@article{vasic2019neural,
  title={Neural program repair by jointly learning to localize and repair},
  author={Vasic, Marko and Kanade, Aditya and Maniatis, Petros and Bieber, David and Singh, Rishabh},
  journal={arXiv preprint arXiv:1904.01720},
  year={2019}
}

@inproceedings{zhang2019cnn,
  title={CNN-FL: An effective approach for localizing faults using convolutional neural networks},
  author={Zhang, Zhuo and Lei, Yan and Mao, Xiaoguang and Li, Panpan},
  booktitle={2019 IEEE 26th International Conference on Software Analysis, Evolution and Reengineering (SANER)},
  pages={445--455},
  year={2019},
  organization={IEEE}
}

@article{zou2019empirical,
  title={An empirical study of fault localization families and their combinations},
  author={Zou, Daming and Liang, Jingjing and Xiong, Yingfei and Ernst, Michael D and Zhang, Lu},
  journal={IEEE Transactions on Software Engineering},
  year={2019},
  publisher={IEEE}
}






@inproceedings{alon2020structural,
  title={Structural language models of code},
  author={Alon, Uri and Sadaka, Roy and Levy, Omer and Yahav, Eran},
  booktitle={Proceedings of 37th International Conference on Machine Learning},
  year={2020}
}

@article{brody2020neural,
  title={Neural Edit Completion},
  author={Brody, Shaked and Alon, Uri and Yahav, Eran},
  journal={arXiv preprint arXiv:2005.13209},
  year={2020}
}

@inproceedings{compton2020embedding,
  author    = {Rhys Compton and
               Eibe Frank and
               Panos Patros and
               Abigail Koay},
  title     = {Embedding Java Classes with code2vec: Improvements from Variable Obfuscation},
  booktitle   = {Proceedings of the 17th Mining Software Repositories},
  year      = {2020},
  organization={ACM}
}

@inproceedings{csuvik2020utilizing,
  title={Utilizing Source Code Embeddings to Identify Correct Patches},
  author={Viktor Csuvik and D{\'a}niel Horv{\'a}th and Ferenc Horv{\'a}th and L{\'a}szl{\'o} Vid{\'a}cs},
  booktitle={Proceedings of the 2nd International Workshop on Intelligent Bug Fixing},
  pages={18--25},
  year={2020},
  doi={10.1109/IBF50092.2020.9034714},
  organization={IEEE}
}

@misc{fowler2020blog,
author = {Martin Fowler},
title = {Eradicating non-determinism in tests},
howpublished = {Website},
year = {2020},
note = {\url{https://martinfowler. com/articles/nonDeterminism.html}}
}

@inproceedings{hoang2020cc2vec,
  author    = {Thong Hoang and
               Hong Jin Kang and
               Julia Lawall and
               David Lo},
  title     = {{CC2Vec:} Distributed Representations of Code Changes},
  booktitle={Proceedings of the 42nd International Conference on Software Engineering},
  pages={518--529},
  year={2020},
  doi={10.1145/3377811.3380361},
  organization={ACM}
}

@inproceedings{karampatsis2020how,
  author    = {Rafael{-}Michael Karampatsis and
               Charles A. Sutton},
  title     = {How Often Do Single-Statement Bugs Occur? The ManySStuBs4J Dataset},
  booktitle={Proceedings of the 17th Mining Software Repositories},
  year      = {2020},
  url       = {http://arxiv.org/abs/1905.13334},
  organization={IEEE}
}

@article{koyuncu2020fixminer,
  title={{FixMiner:} Mining relevant fix patterns for automated program repair},
  author={Koyuncu, Anil and Liu, Kui and Bissyand{\'e}, Tegawend{\'e} F. and Kim, Dongsun and Klein, Jacques and Monperrus, Martin and Traon, Yves Le},
  journal={Empirical Software Engineering},
  volume    = {25},
  number    = {3},
  pages     = {1980--2024},
  year      = {2020},
  publisher = {Springer},
  doi       = {10.1007/s10664-019-09780-z}
}

@inproceedings{lam2020flakytest,
author = {Lam, Wing and Mu\c{s}lu, K\i{}van\c{c} and Sajnani, Hitesh and Thummalapenta, Suresh},
title = {A Study on the Lifecycle of Flaky Tests},
year = {2020},
isbn = {9781450371216},
publisher = {Association for Computing Machinery},
address = {New York, NY, USA},
url = {https://doi.org/10.1145/3377811.3381749},
doi = {10.1145/3377811.3381749},
booktitle = {Proceedings of the ACM/IEEE 42nd International Conference on Software Engineering},
pages = {1471–1482},
numpages = {12},
keywords = {empirical study, flaky test, lifecycle},
location = {Seoul, South Korea},
series = {ICSE '20}
}

@inproceedings{li2020dlfix,
  title={{DLFix}: context-based code transformation learning for automated program repair},
  author={Li, Yi and Wang, Shaohua and Nguyen, Tien N.},
  booktitle={Proceedings of the 42nd International Conference on Software Engineering},
  year      = {2020},
  doi       = {10.1145/3377811.3380345}
 }

@article{li2020survey,
  title={A survey on deep learning for named entity recognition},
  author={Li, Jing and Sun, Aixin and Han, Jianglei and Li, Chenliang},
  journal={IEEE Transactions on Knowledge and Data Engineering},
  year={2020},
  publisher={IEEE},
  doi       = {10.1109/TKDE.2020.2981314}
}

@inproceedings{lin2020understanding,
  title={Understanding the non-repairability factors of automated program repair techniques},
  author={Lin, Bo and Wang, Shangwen and Wen, Ming and Zhang, Zhang and Wu, Hongjun and Qin, Yihao and Mao, Xiaoguang},
  booktitle={Proceedings of the 27th Asia-Pacific Software Engineering Conference},
  year      = {2020},
 }

@inproceedings{liu2020efficiency,
  author    = {Kui Liu and Shangwen Wang and Anil Koyuncu and Kisub Kim and Tegawend{\'e} F. Bissyand{\'e} and Dongsun Kim and Peng Wu and Jacques Klein and Xiaoguang Mao and Yves Le Traon},
  title     = {On the Efficiency of Test Suite based Program Repair: A Systematic Assessment of 16 Automated Repair Systems for Java Programs},
  booktitle={Proceedings of the 42nd International Conference on Software Engineering},
  year={2020},
  pages={615--627},
  doi={10.1145/3377811.3380338},
  organization={ACM}
}

@inproceedings{lou2020can,
  title={Can automated program repair refine fault localization? a unified debugging approach},
  author={Lou, Yiling and Ghanbari, Ali and Li, Xia and Zhang, Lingming and Zhang, Haotian and Hao, Dan and Zhang, Lu},
  booktitle={Proceedings of the 29th ACM SIGSOFT International Symposium on Software Testing and Analysis},
  pages={75--87},
  doi = {10.1145/3395363.3397351},
  publisher = {{ACM}},
  year={2020}
}

@inproceedings{pinto2020vocabulary,
author = {Pinto, Gustavo and Miranda, Breno and Dissanayake, Supun and d'Amorim, Marcelo and Treude, Christoph and Bertolino, Antonia},
title = {What is the Vocabulary of Flaky Tests?},
year = {2020},
isbn = {9781450375177},
publisher = {Association for Computing Machinery},
address = {New York, NY, USA},
booktitle = {Proceedings of the 17th International Conference on Mining Software Repositories},
pages = {492–502},
numpages = {11},
keywords = {Text classification, Regression testing, Test flakiness},
location = {Seoul, Republic of Korea},
series = {MSR '20}
}

@inproceedings{tian2020evaluating, 
  title={Evaluating Representation Learning of Code Changes for Predicting Patch Correctness in Program Repair}, 
  author={Tian, Haoye and Liu, Kui and Kabor{\'e}, Abdoul Kader and Koyuncu, Anil and Li, Li and Klein, Jacques and Bissyand{\'e}, Tegawend{\'e} F.}, 
  booktitle={Proceedings of the 35th IEEE/ACM International Conference on Automated Software Engineering}, 
  year={2020}, 
  publisher={ACM}
} 

@inproceedings{wang2020automated,
  title={Automated Patch Correctness Assessment: How Far are We?},
  author={Wang, Shangwen and Wen, Ming and Lin, Bo and Wu, Hongjun and Qin, Yihao and Zou, Deqing and Mao, Xiaoguang and Jin, Hai},
  booktitle={Proceedings of the 35th IEEE/ACM International Conference on Automated Software Engineering},
  publisher={{ACM}},
  year={2020}
}

@inproceedings{yang2020exploring,
  title={Exploring the Differences between Plausible and Correct Patches at Fine-Grained Level},
  author={Bo Yang and Jinqiu Yang},
  booktitle={Proceedings of the 2nd International Workshop on Intelligent Bug Fixing},
  pages={1--8},
  year={2020},
  doi={10.1109/IBF50092.2020.9034821},
  organization={IEEE}
}

@inproceedings{yu2020order,
  author    = {Zeping Yu and Rui Cao and Qiyi Tang and Sen Nie and Junzhou Huang and Shi Wu},
  title     = {Order Matters: Semantic-Aware Neural Networks for Binary Code Similarity Detection},
  booktitle={Proceedings of the AAAI Conference on Artificial Intelligence},
  year      = {2020},
  doi={10.1609/aaai.v34i01.5466},
  pages     = {1145--1152},
  publisher = {{AAAI}},
  url       = {https://aaai.org/ojs/index.php/AAAI/article/view/5466},
}

@article{yuan2020arja,
  author={Y. {Yuan} and W. {Banzhaf}},
  journal={IEEE Transactions on Software Engineering}, 
  title={ARJA: Automated Repair of Java Programs via Multi-Objective Genetic Programming}, 
  year={2020},
  volume={46},
  number={10},
  pages={1040-1067},
  doi={10.1109/TSE.2018.2874648}
}

@misc{code2seq,
    title={PyTorch Implementation of Code2Seq},
    year={2020},
    howpublished={\url{https://github.com/hukuda222/code2seq}}
}

@misc{pointer,
    title={PyTorch Implementation of Pointer Network},
    year={2020},
    howpublished={\url{https://github.com/shirgur/PointerNet}}
}



@article{liu2020critical, 

  title={A Critical Review on the Evaluation of Automated Program Repair Systems}, 

  author={Liu, Kui and Li, Li and Koyuncu, Anil and Kim, Dongsun and Liu, Zhe and Klein, Jacques and Bissyand{\'e}, Tegawend{\'e} F.}, 

  journal={Journal of Systems and Software }, 

  year={2020}, 

  organization={ELSEVIER}

} 

@inproceedings{padioleau2009listening,
author = {Padioleau, Yoann and Lin, Tan and Zhou, Yuanyuan},
title = {Listening to Programmers Taxonomies and Characteristics of Comments in Operating System Code},
year = {2009},
doi = {10.1109/ICSE.2009.5070533},
booktitle = {Proceedings of the 31st International Conference on Software Engineering},
pages = {331–341},
numpages = {11},
}

@article{pascarella2019classifying,
  title={Classifying code comments in Java software systems},
  author={Pascarella, Luca and Bruntink, Magiel and Bacchelli, Alberto},
  journal={Empirical Software Engineering},
  year={2019},
  volume={24},
  pages={1499-1537}
}

@inproceedings{steidl2013quality,
  author={Steidl, Daniela and Hummel, Benjamin and Juergens, Elmar},
  booktitle={2013 21st International Conference on Program Comprehension (ICPC)}, 
  title={Quality analysis of source code comments}, 
  year={2013},
  pages={83-92},
  doi={10.1109/ICPC.2013.6613836}
}

@inproceedings{liu2020automating,
  title={Automating Just-In-Time Comment Updating},
  author={Liu, Zhongxin and Xia, Xin and Yan, Meng and Li, Shanping},
  booktitle={Proceedings of the 35th IEEE/ACM International Conference on Automated Software Engineering},
  publisher={{ACM}},
  year={2020}
}

@inproceedings{eberhart2020automatically,
  title={Automatically Extracting Subroutine Summary Descriptions from Unstructured Comments},
  author={Zachary Eberhart and Alexander LeClair and Collin McMillan},
  booktitle={2020 IEEE 27th International Conference on Software Analysis, Evolution and Reengineering (SANER)},
  year={2020},
  pages={35-46}
}

@article{ibrahim2012relationship,
  title={On the relationship between comment update practices and Software Bugs},
  author={Walid M. Ibrahim and Nicolas Bettenburg and Bram Adams and Ahmad E. Hassan},
  journal={Journal of Systems and Software},
  year={2012},
  volume={85},
  pages={2293-2304}
}

@inproceedings{haiduc2010use,
  title={On the Use of Automated Text Summarization Techniques for Summarizing Source Code},
  author={Sonia Haiduc and Jairo Aponte and Laura Moreno and Andrian Marcus},
  booktitle={2010 17th Working Conference on Reverse Engineering},
  year={2010},
  pages={35-44}
}

@inproceedings{hu2018deep,
  title={Deep Code Comment Generation},
  author={Xing Hu and Ge Li and Xin Xia and David Lo and Zhi Jin},
  booktitle={2018 IEEE/ACM 26th International Conference on Program Comprehension (ICPC)},
  year={2018},
}

@article{hu2019deep,
  title={Deep code comment generation with hybrid lexical and syntactical information},
  author={Xing Hu and Ge Li and Xin Xia and David Lo and Zhi Jin},
  journal={Empirical Software Engineering},
  year={2019},
  volume={25},
  pages={2179-2217}
}

@article{jones2004statistical,
  title={A statistical interpretation of term specificity and its application in retrieval},
  author={Karen S. Jones},
  journal={Journal of Documentation},
  year={2004},
  volume={60},
  pages={493-502}
}

@inproceedings{haouari2011how,
author = {Haouari, Dorsaf and Sahraoui, Houari and Langlais, Philippe},
title = {How Good is Your Comment? A Study of Comments in Java Programs},
year = {2011},
doi = {10.1109/ESEM.2011.22},
booktitle = {Proceedings of the 2011 International Symposium on Empirical Software Engineering and Measurement},
pages = {137–146},
numpages = {10},
}

@inproceedings{fluri2007do,
  title={Do Code and Comments Co-Evolve? On the Relation between Source Code and Comment Changes},
  author={Beat Fluri and Michael W{\"u}rsch and Harald C. Gall},
  booktitle={14th Working Conference on Reverse Engineering (WCRE 2007)},
  year={2007},
  pages={70-79}
}

@inproceedings{storey2008todo,
  title={TODO or To Bug: Exploring How Task Annotations Play a Role in the Work Practices of Software Developers },
  author={Margaret-Anne Storey and Jody Ryall and R. lan Bull and Del Myers and Janice Singer},
  booktitle={2008 ACM/IEEE 30th International Conference on Software Engineering},
  year={2008},
  pages={251-260}
}

@inproceedings{sridhara2010towards,
author = {Sridhara, Giriprasad and Hill, Emily and Muppaneni, Divya and Pollock, Lori and Vijay-Shanker, K.},
title = {Towards Automatically Generating Summary Comments for Java Methods},
year = {2010},
doi = {10.1145/1858996.1859006},
booktitle = {Proceedings of the IEEE/ACM International Conference on Automated Software Engineering},
pages = {43–52},
numpages = {10},
}

@inproceedings{tan2011acomment,
  title={aComment: mining annotations from comments and code to detect interrupt related concurrency bugs},
  author={Lin Tan and Yuanyuan Zhou and Yoann Padioleau},
  booktitle={2011 33rd International Conference on Software Engineering (ICSE)},
  year={2011},
  pages={11-20}
}

@inproceedings{tan2012tcomment,
  title={@tComment: Testing Javadoc Comments to Detect Comment-Code Inconsistencies},
  author={Shin Hwei Tan and Darko Marinov and Lin Tan and Gary T. Leavens},
  booktitle={2012 IEEE Fifth International Conference on Software Testing, Verification and Validation},
  year={2012},
  pages={260-269}
}

@inproceedings{ratol2017detecting,
  title={Detecting fragile comments},
  author={Inderjot Kaur Ratol and Martin P. Robillard},
  booktitle={2017 32nd IEEE/ACM International Conference on Automated Software Engineering (ASE)},
  year={2017},
  pages={112-122}
}

@inproceedings{zhou2017analyzing,
  title={Analyzing APIs Documentation and Code to Detect Directive Defects},
  author={Yu Zhou and Ruihang Gu and Taolue Chen and Zhiqiu Huang and Sebastiano Panichella and Harald Gall},
  booktitle={2017 IEEE/ACM 39th International Conference on Software Engineering (ICSE)},
  year={2017},
  pages={27-37}
}

@article{farias2020identifying,
  title={Identifying self-admitted technical debt through code comment analysis with a contextualized vocabulary},
  author={M. A. Farias and Manoel G. Mendonça and M. Kalinowski and R. Sp{\'i}nola},
  journal={Information and Software Technology},
  year={2020},
  volume={121},
}

@inproceedings{leclair2020improved,
  title={Improved Code Summarization via a Graph Neural Network},
  author={Alexander LeClair and Sakib Haque and Linfgei Wu and Collin McMillan},
  booktitle={Proceedings of the 28th International Conference on Program Comprehension},
  year={2020}
}

@inproceedings{iyer2016summarizing,
  title={Summarizing Source Code using a Neural Attention Model},
  author={Srini Iyer and Ioannis Konstas and Alvin Cheung and Luke Zettlemoyer},
  booktitle={Proceedings of the 54th Annual Meeting of the Association for Computational Linguistics (ACL)},
  year={2016}
}

@inproceedings{liu2018neural,
  title={Neural-Machine-Translation-Based Commit Message Generation: How Far Are We?},
  author={Zhongxin Liu and Xin Xia and Ahmed E. Hassan and David Lo and Zhenchang Xing and Xinyu Wang},
  booktitle={2018 33rd IEEE/ACM International Conference on Automated Software Engineering (ASE)},
  year={2018},
  pages={373-384}
}

@inproceedings{jiang2019machine,
  title={Machine Learning Based Recommendation of Method Names: How Far are We},
  author={Lin Jiang and Hui Liu and He Jiang},
  booktitle={2019 34th IEEE/ACM International Conference on Automated Software Engineering (ASE)},
  year={2019},
  pages={602-614}
}

@inproceedings{he2020duplicate,
  title={Duplicate Bug Report Detection Using Dual-Channel Convolutional Neural Networks},
  author={Jianjun He and Ling Xu and Meng Yan and Xin Xia and Yan Lei},
  booktitle={Proceedings of the 28th International Conference on Program Comprehension},
  year={2020}
}

@inproceedings{deshmukh2017towards,
  title={Towards Accurate Duplicate Bug Retrieval Using Deep Learning Techniques},
  author={Jayati Deshmukh and K. M. Annervaz and Sanjay Podder and Shubhashis Sengupta and Neville Dubash},
  booktitle={2017 IEEE International Conference on Software Maintenance and Evolution (ICSME)},
  year={2017},
  pages={115-124}
}

@inproceedings{pecorelli2019comparing,
  title={Comparing Heuristic and Machine Learning Approaches for Metric-Based Code Smell Detection},
  author={Fabiano Pecorelli and Fabio Palomba and Dario Di Nucci and Andrea De Lucia},
  booktitle={2019 IEEE/ACM 27th International Conference on Program Comprehension (ICPC)},
  year={2019},
  pages={93-104}
}

@inproceedings{liu2020self,
  title={A Self-Attentional Neural Architecture for Code Completion with Multi-Task Learning},
  author={Fang Liu and Ge Li and Bolin Wei and Xin Xia and Ming Li and Zhiyi Fu and Zhi Jin},
  booktitle={Proceedings of the 28th International Conference on Program Comprehension},
  year={2020}
}

@inproceedings{li2018code,
  title={Code Completion with Neural Attention and Pointer Networks},
  author={Jian Li and Yue Wang and Michael R. Lyu and Irwin King},
  booktitle={Proceedings of the 27th International Joint Conference on Artificial Intelligence (IJCAI)},
  year={2018},
}

@inproceedings{wen2019large,
  title={A Large-Scale Empirical Study on Code-Comment Inconsistencies},
  author={Fengcai Wen and Csaba Nagy and Gabriele Bavota and Michele Lanza},
  booktitle={2019 IEEE/ACM 27th International Conference on Program Comprehension (ICPC)},
  year={2019},
  pages={53-64}
}

@inproceedings{nguyen2020suggesting,
author = {Nguyen, Son and Phan, Hung and Le, Trinh and Nguyen, Tien N.},
title = {Suggesting Natural Method Names to Check Name Consistencies},
year = {2020},
booktitle = {Proceedings of the ACM/IEEE 42nd International Conference on Software Engineering},
pages = {1372–1384},
}

@inproceedings{fu2017easy,
  title={Easy over hard: a case study on deep learning},
  author={Wei Fu and Tim Menzies},
  booktitle={Proceedings of the 2017 11th Joint Meeting on Foundations of Software Engineering},
  year={2017}
}

@inproceedings{woodfield1981effect,
  title={The effect of modularization and comments on program comprehension},
  author={S. Woodfield and H. Dunsmore and V. Shen},
  booktitle={International Conference on Software Engineering (ICSE)},
  year={1981}
}

@article{tenny1988program,
  title={Program Readability: Procedures Versus Comments},
  author={Ted Tenny},
  journal={IEEE Transactions on Software Engineering},
  year={1988},
  volume={14},
  pages={1271-1279}
}

@inproceedings{tan2007icomment,
author = {Tan, Lin and Yuan, Ding and Krishna, Gopal and Zhou, Yuanyuan},
title = {/*icomment: Bugs or Bad Comments?*/},
year = {2007},
booktitle = {Proceedings of Twenty-First ACM SIGOPS Symposium on Operating Systems Principles},
pages = {145–158},
numpages = {14},
}

@inproceedings{tan2007hotcomments,
  title={Hotcomments: how to make program comments more useful?},
  author={Tan, Lin and Yuan, Ding and Zhou, Yuanyuan},
  booktitle={Proceedings of the 11th USENIX Workshop on Hot Topics in Operating Systems},
  year={2007},
  pages={1-6},
}

@inproceedings{siy2001does,
  title={Does the modern code inspection have value?},
  author={Harvey Siy and Lawrence G. Votta},
  booktitle={Proceedings IEEE International Conference on Software Maintenance (ICSM)},
  year={2001},
  pages={281-289}
}

@inproceedings{ying2005source,
  title={Source code that talks: an exploration of Eclipse task comments and their implication to repository mining},
  author={Annie T.T. Ying and James L. Wright and Steven Abrams},
  booktitle={Proceedings of the {IEEE} Working Conference of Mining Software Repositories},
  year={2005}
}

@article{xu2022ide,
  title={In-ide code generation from natural language: Promise and challenges},
  author={Xu, Frank F and Vasilescu, Bogdan and Neubig, Graham},
  journal={ACM Transactions on Software Engineering and Methodology (TOSEM)},
  volume={31},
  number={2},
  pages={1--47},
  year={2022},
  publisher={ACM New York, NY}
}

@inproceedings{gu2018deep,
  title={Deep code search},
  author={Gu, Xiaodong and Zhang, Hongyu and Kim, Sunghun},
  booktitle={2018 IEEE/ACM 40th International Conference on Software Engineering (ICSE)},
  pages={933--944},
  year={2018},
  organization={IEEE}
}

@inproceedings{ling2020adaptive,
  title={Adaptive deep code search},
  author={Ling, Chunyang and Lin, Zeqi and Zou, Yanzhen and Xie, Bing},
  booktitle={Proceedings of the 28th International Conference on Program Comprehension},
  pages={48--59},
  year={2020}
}

@inproceedings{cambronero2019deep,
  title={When deep learning met code search},
  author={Cambronero, Jose and Li, Hongyu and Kim, Seohyun and Sen, Koushik and Chandra, Satish},
  booktitle={Proceedings of the 2019 27th ACM Joint Meeting on European Software Engineering Conference and Symposium on the Foundations of Software Engineering},
  pages={964--974},
  year={2019}
}

@inproceedings{yao2019coacor,
  title={Coacor: Code annotation for code retrieval with reinforcement learning},
  author={Yao, Ziyu and Peddamail, Jayavardhan Reddy and Sun, Huan},
  booktitle={The world wide web conference},
  pages={2203--2214},
  year={2019}
}

@inproceedings{wan2019multi,
  title={Multi-modal attention network learning for semantic source code retrieval},
  author={Wan, Yao and Shu, Jingdong and Sui, Yulei and Xu, Guandong and Zhao, Zhou and Wu, Jian and Yu, Philip},
  booktitle={2019 34th IEEE/ACM International Conference on Automated Software Engineering (ASE)},
  pages={13--25},
  year={2019},
  organization={IEEE}
}

@inproceedings{ye2020leveraging,
  title={Leveraging code generation to improve code retrieval and summarization via dual learning},
  author={Ye, Wei and Xie, Rui and Zhang, Jinglei and Hu, Tianxiang and Wang, Xiaoyin and Zhang, Shikun},
  booktitle={Proceedings of The Web Conference 2020},
  pages={2309--2319},
  year={2020}
}

@inproceedings{shuai2020improving,
  title={Improving code search with co-attentive representation learning},
  author={Shuai, Jianhang and Xu, Ling and Liu, Chao and Yan, Meng and Xia, Xin and Lei, Yan},
  booktitle={Proceedings of the 28th International Conference on Program Comprehension},
  pages={196--207},
  year={2020}
}

@inproceedings{zhu2020ocor,
  title={OCoR: an overlapping-aware code retriever},
  author={Zhu, Qihao and Sun, Zeyu and Liang, Xiran and Xiong, Yingfei and Zhang, Lu},
  booktitle={2020 35th IEEE/ACM International Conference on Automated Software Engineering (ASE)},
  pages={883--894},
  year={2020},
  organization={IEEE}
}

@inproceedings{xu2021two,
  title={Two-Stage Attention-Based Model for Code Search with Textual and Structural Features},
  author={Xu, Ling and Yang, Huanhuan and Liu, Chao and Shuai, Jianhang and Yan, Meng and Lei, Yan and Xu, Zhou},
  booktitle={2021 IEEE International Conference on Software Analysis, Evolution and Reengineering (SANER)},
  pages={342--353},
  year={2021},
  organization={IEEE}
}

@inproceedings{gu2021multimodal,
  title={Multimodal Representation for Neural Code Search},
  author={Gu, Jian and Chen, Zimin and Monperrus, Martin},
  booktitle={2021 IEEE International Conference on Software Maintenance and Evolution (ICSME)},
  pages={483--494},
  year={2021},
  organization={IEEE}
}

@article{ling2021deep,
  title={Deep graph matching and searching for semantic code retrieval},
  author={Ling, Xiang and Wu, Lingfei and Wang, Saizhuo and Pan, Gaoning and Ma, Tengfei and Xu, Fangli and Liu, Alex X and Wu, Chunming and Ji, Shouling},
  journal={ACM Transactions on Knowledge Discovery from Data (TKDD)},
  volume={15},
  number={5},
  pages={1--21},
  year={2021},
  publisher={ACM New York, NY, USA}
}

@inproceedings{bui2021self,
  title={Self-supervised contrastive learning for code retrieval and summarization via semantic-preserving transformations},
  author={Bui, Nghi DQ and Yu, Yijun and Jiang, Lingxiao},
  booktitle={Proceedings of the 44th International ACM SIGIR Conference on Research and Development in Information Retrieval},
  pages={511--521},
  year={2021}
}

@inproceedings{yan2020code,
  title={Are the code snippets what we are searching for? A benchmark and an empirical study on code search with natural-language queries},
  author={Yan, Shuhan and Yu, Hang and Chen, Yuting and Shen, Beijun and Jiang, Lingxiao},
  booktitle={2020 IEEE 27th International Conference on Software Analysis, Evolution and Reengineering (SANER)},
  pages={344--354},
  year={2020},
  organization={IEEE}
}

@inproceedings{dong2016language,
  title={Language to logical form with neural attention},
  author={Dong, Li and Lapata, Mirella},
  booktitle={54th Annual Meeting of the Association for Computational Linguistics},
  pages={33--43},
  year={2016},
  organization={Association for Computational Linguistics (ACL)}
}

@inproceedings{sadowski2015developers,
  title={How developers search for code: a case study},
  author={Sadowski, Caitlin and Stolee, Kathryn T and Elbaum, Sebastian},
  booktitle={Proceedings of the 2015 10th joint meeting on foundations of software engineering},
  pages={191--201},
  year={2015}
}

@inproceedings{yin2017syntactic,
  title={A Syntactic Neural Model for General-Purpose Code Generation},
  author={Yin, Pengcheng and Neubig, Graham},
  booktitle={Proceedings of the 55th Annual Meeting of the Association for Computational Linguistics (Volume 1: Long Papers)},
  pages={440--450},
  year={2017}
}

@inproceedings{rabinovich2017abstract,
  title={Abstract Syntax Networks for Code Generation and Semantic Parsing},
  author={Rabinovich, Maxim and Stern, Mitchell and Klein, Dan},
  booktitle={Proceedings of the 55th Annual Meeting of the Association for Computational Linguistics (Volume 1: Long Papers)},
  pages={1139--1149},
  year={2017}
}

@inproceedings{dong2018coarse,
  title={Coarse-to-Fine Decoding for Neural Semantic Parsing},
  author={Dong, Li and Lapata, Mirella},
  booktitle={Proceedings of the 56th Annual Meeting of the Association for Computational Linguistics (Volume 1: Long Papers)},
  pages={731--742},
  year={2018}
}

@inproceedings{yin2018tranx,
  title={TRANX: A Transition-based Neural Abstract Syntax Parser for Semantic Parsing and Code Generation},
  author={Yin, Pengcheng and Neubig, Graham},
  booktitle={Proceedings of the 2018 Conference on Empirical Methods in Natural Language Processing: System Demonstrations},
  pages={7--12},
  year={2018}
}

@inproceedings{hayati2018retrieval,
  title={Retrieval-Based Neural Code Generation},
  author={Hayati, Shirley Anugrah and Olivier, Raphael and Avvaru, Pravalika and Yin, Pengcheng and Tomasic, Anthony and Neubig, Graham},
  booktitle={Proceedings of the 2018 Conference on Empirical Methods in Natural Language Processing},
  year={2018}
}

@article{hashimoto2018retrieve,
  title={A retrieve-and-edit framework for predicting structured outputs},
  author={Hashimoto, Tatsunori B and Guu, Kelvin and Oren, Yonatan and Liang, Percy S},
  journal={Advances in Neural Information Processing Systems},
  volume={31},
  year={2018}
}

@inproceedings{sun2019grammar,
  title={A grammar-based structural cnn decoder for code generation},
  author={Sun, Zeyu and Zhu, Qihao and Mou, Lili and Xiong, Yingfei and Li, Ge and Zhang, Lu},
  booktitle={Proceedings of the AAAI conference on artificial intelligence},
  volume={33},
  number={01},
  pages={7055--7062},
  year={2019}
}

@inproceedings{sun2020treegen,
  title={Treegen: A tree-based transformer architecture for code generation},
  author={Sun, Zeyu and Zhu, Qihao and Xiong, Yingfei and Sun, Yican and Mou, Lili and Zhang, Lu},
  booktitle={Proceedings of the AAAI Conference on Artificial Intelligence},
  volume={34},
  number={05},
  pages={8984--8991},
  year={2020}
}

@inproceedings{xu2020incorporating,
  title={Incorporating External Knowledge through Pre-training for Natural Language to Code Generation},
  author={Xu, Frank F and Jiang, Zhengbao and Yin, Pengcheng and Vasilescu, Bogdan and Neubig, Graham},
  booktitle={Proceedings of the 58th Annual Meeting of the Association for Computational Linguistics},
  pages={6045--6052},
  year={2020}
}

@article{liu2020deep,
  title={Deep Learning Based Program Generation from Requirements Text: Are We There Yet?},
  author={Liu, Hui and Shen, Mingzhu and Zhu, Jiaqi and Niu, Nan and Li, Ge and Zhang, Lu},
  journal={IEEE Transactions on Software Engineering},
  number={01},
  pages={1--1},
  year={2020},
  publisher={IEEE Computer Society}
}

@inproceedings{wang2021codet5,
  title={CodeT5: Identifier-aware Unified Pre-trained Encoder-Decoder Models for Code Understanding and Generation},
  author={Wang, Yue and Wang, Weishi and Joty, Shafiq and Hoi, Steven CH},
  booktitle={Proceedings of the 2021 Conference on Empirical Methods in Natural Language Processing},
  pages={8696--8708},
  year={2021}
}

@article{husain2019codesearchnet,
  title={Codesearchnet challenge: Evaluating the state of semantic code search},
  author={Husain, Hamel and Wu, Ho-Hsiang and Gazit, Tiferet and Allamanis, Miltiadis and Brockschmidt, Marc},
  journal={arXiv preprint arXiv:1909.09436},
  year={2019}
}


@inproceedings{mcmillan2012recommending,
  title={Recommending source code for use in rapid software prototypes},
  author={McMillan, Collin and Hariri, Negar and Poshyvanyk, Denys and Cleland-Huang, Jane and Mobasher, Bamshad},
  booktitle={2012 34th International Conference on Software Engineering (ICSE)},
  pages={848--858},
  year={2012},
  organization={IEEE}
}


@article{xia2017developers,
  title={What do developers search for on the web?},
  author={Xia, Xin and Bao, Lingfeng and Lo, David and Kochhar, Pavneet Singh and Hassan, Ahmed E and Xing, Zhenchang},
  journal={Empirical Software Engineering},
  volume={22},
  number={6},
  pages={3149--3185},
  year={2017},
  publisher={Springer}
}

@inproceedings{lv2015codehow,
  title={Codehow: Effective code search based on api understanding and extended boolean model (e)},
  author={Lv, Fei and Zhang, Hongyu and Lou, Jian-guang and Wang, Shaowei and Zhang, Dongmei and Zhao, Jianjun},
  booktitle={2015 30th IEEE/ACM International Conference on Automated Software Engineering (ASE)},
  pages={260--270},
  year={2015},
  organization={IEEE}
}

@inproceedings{mcmillan2011portfolio,
  title={Portfolio: finding relevant functions and their usage},
  author={McMillan, Collin and Grechanik, Mark and Poshyvanyk, Denys and Xie, Qing and Fu, Chen},
  booktitle={Proceedings of the 33rd International Conference on Software Engineering},
  pages={111--120},
  year={2011}
}

@inproceedings{sun2022code,
  title={Code Search based on Context-aware Code Translation},
  author={Sun, Weisong and Fang, Chunrong and Chen, Yuchen and Tao, Guanhong and Han, Tingxu and Zhang, Quanjun},
  booktitle={Proceedings of the 44th International Conference on Software Engineering},
  year={2022}
}

@inproceedings{whalen2000high,
  title={High-integrity code generation for state-based formalisms},
  author={Whalen, Michael W},
  booktitle={Proceedings of the 2000 International Conference on Software Engineering. ICSE 2000 the New Millennium},
  pages={725--727},
  year={2000},
  organization={IEEE}
}

@article{harel1990statemate,
  title={Statemate: A working environment for the development of complex reactive systems},
  author={Harel, David and Lachover, Hagi and Naamad, Amnon and Pnueli, Amir and Politi, Michal and Sherman, Rivi and Shtull-Trauring, Aharon and Trakhtenbrot, Mark},
  journal={IEEE Transactions on software engineering},
  volume={16},
  number={4},
  pages={403--414},
  year={1990},
  publisher={IEEE}
}

@inproceedings{ling2016latent,
  title={Latent Predictor Networks for Code Generation},
  author={Ling, Wang and Blunsom, Phil and Grefenstette, Edward and Hermann, Karl Moritz and Ko{\v{c}}isk{\`y}, Tom{\'a}{\v{s}} and Wang, Fumin and Senior, Andrew},
  booktitle={Proceedings of the 54th Annual Meeting of the Association for Computational Linguistics (Volume 1: Long Papers)},
  pages={599--609},
  year={2016}
}

@article{vaswani2017attention,
  title={Attention is all you need},
  author={Vaswani, Ashish and Shazeer, Noam and Parmar, Niki and Uszkoreit, Jakob and Jones, Llion and Gomez, Aidan N and Kaiser, {\L}ukasz and Polosukhin, Illia},
  journal={Advances in neural information processing systems},
  volume={30},
  year={2017}
}

@article{radford2018improving,
  title={Improving language understanding by generative pre-training},
  author={Radford, Alec and Narasimhan, Karthik and Salimans, Tim and Sutskever, Ilya},
  year={2018}
}

@article{brown2020language,
  title={Language models are few-shot learners},
  author={Brown, Tom and Mann, Benjamin and Ryder, Nick and Subbiah, Melanie and Kaplan, Jared D and Dhariwal, Prafulla and Neelakantan, Arvind and Shyam, Pranav and Sastry, Girish and Askell, Amanda and others},
  journal={Advances in neural information processing systems},
  volume={33},
  pages={1877--1901},
  year={2020}
}

@inproceedings{mastropaolo2021studying,
  title={Studying the usage of text-to-text transfer transformer to support code-related tasks},
  author={Mastropaolo, Antonio and Scalabrino, Simone and Cooper, Nathan and Palacio, David Nader and Poshyvanyk, Denys and Oliveto, Rocco and Bavota, Gabriele},
  booktitle={2021 IEEE/ACM 43rd International Conference on Software Engineering (ICSE)},
  pages={336--347},
  year={2021},
  organization={IEEE}
}

@article{liu2021opportunities,
  title={Opportunities and challenges in code search tools},
  author={Liu, Chao and Xia, Xin and Lo, David and Gao, Cuiyun and Yang, Xiaohu and Grundy, John},
  journal={ACM Computing Surveys (CSUR)},
  volume={54},
  number={9},
  pages={1--40},
  year={2021},
  publisher={ACM New York, NY}
}

@article{le2020deep,
  title={Deep learning for source code modeling and generation: Models, applications, and challenges},
  author={Le, Triet HM and Chen, Hao and Babar, Muhammad Ali},
  journal={ACM Computing Surveys (CSUR)},
  volume={53},
  number={3},
  pages={1--38},
  year={2020},
  publisher={ACM New York, NY, USA}
}

@inproceedings{sun2022importance,
  title={On the Importance of Building High-quality Training Datasets
for Neural Code Search},
  author={Sun, Zhensu and Li, Li and Liu, Yan and Du, Xiaoning and Li, Li},
  booktitle={2022 IEEE/ACM 44th International Conference on Software Engineering (ICSE)},
  year={2022},
  organization={ACM}
}

@article{raffel2020exploring,
  title={Exploring the Limits of Transfer Learning with a Unified Text-to-Text Transformer},
  author={Raffel, Colin and Shazeer, Noam and Roberts, Adam and Lee, Katherine and Narang, Sharan and Matena, Michael and Zhou, Yanqi and Li, Wei and Liu, Peter J},
  journal={Journal of Machine Learning Research},
  volume={21},
  pages={1--67},
  year={2020}
}

@inproceedings{tai2015improved,
  title={Improved Semantic Representations From Tree-Structured Long Short-Term Memory Networks},
  author={Tai, Kai Sheng and Socher, Richard and Manning, Christopher D},
  booktitle={Proceedings of the 53rd Annual Meeting of the Association for Computational Linguistics and the 7th International Joint Conference on Natural Language Processing (Volume 1: Long Papers)},
  pages={1556--1566},
  year={2015}
}

@inproceedings{allamanis2018learning,
  title={Learning to Represent Programs with Graphs},
  author={Allamanis, Miltiadis and Brockschmidt, Marc and Khademi, Mahmoud},
  booktitle={International Conference on Learning Representations},
  year={2018}
}

@inproceedings{feng2020codebert,
  title={CodeBERT: A Pre-Trained Model for Programming and Natural Languages},
  author={Feng, Zhangyin and Guo, Daya and Tang, Duyu and Duan, Nan and Feng, Xiaocheng and Gong, Ming and Shou, Linjun and Qin, Bing and Liu, Ting and Jiang, Daxin and others},
  booktitle={Findings of the Association for Computational Linguistics: EMNLP 2020},
  pages={1536--1547},
  year={2020}
}

@inproceedings{guo2021graphcodebert,
  title={GraphCodeBERT: Pre-training Code Representations with Data Flow},
  author={Guo, Daya and Ren, Shuo and Lu, Shuai and Feng, Zhangyin and Tang, Duyu and Liu, Shujie and Zhou, Long and Duan, Nan and Svyatkovskiy, Alexey and Fu, Shengyu and others},
  booktitle={ICLR},
  year={2021}
}

@article{gage1994new,
  title={A new algorithm for data compression},
  author={Gage, Philip},
  journal={C Users Journal},
  volume={12},
  number={2},
  pages={23--38},
  year={1994},
  publisher={McPherson, KS: R \& D Publications, c1987-1994.}
}

@inproceedings{iyer2018mapping,
  title={Mapping Language to Code in Programmatic Context},
  author={Iyer, Srinivasan and Konstas, Ioannis and Cheung, Alvin and Zettlemoyer, Luke},
  booktitle={EMNLP},
  year={2018}
}

@article{ren2020codebleu,
  title={Codebleu: a method for automatic evaluation of code synthesis},
  author={Ren, Shuo and Guo, Daya and Lu, Shuai and Zhou, Long and Liu, Shujie and Tang, Duyu and Sundaresan, Neel and Zhou, Ming and Blanco, Ambrosio and Ma, Shuai},
  journal={arXiv preprint arXiv:2009.10297},
  year={2020}
}

@inproceedings{papineni2002bleu,
  title={Bleu: a method for automatic evaluation of machine translation},
  author={Papineni, Kishore and Roukos, Salim and Ward, Todd and Zhu, Wei-Jing},
  booktitle={Proceedings of the 40th annual meeting of the Association for Computational Linguistics},
  pages={311--318},
  year={2002}
}

@inproceedings{lu2021codexglue,
  title={CodeXGLUE: A Machine Learning Benchmark Dataset for Code Understanding and Generation},
  author={Lu, Shuai and Guo, Daya and Ren, Shuo and Huang, Junjie and Svyatkovskiy, Alexey and Blanco, Ambrosio and Clement, Colin and Drain, Dawn and Jiang, Daxin and Tang, Duyu and others},
  booktitle={Thirty-fifth Conference on Neural Information Processing Systems Datasets and Benchmarks Track (Round 1)},
  year={2021}
}

@inproceedings{zeng2022extensive,
  title={An Extensive Study on Pre-trained Models for Program Understanding and Generation},
  author={Zeng, Zhengran and Tan, Hanzhuo and Zhang, Haotian and Li, Jing and Zhang, Yuqun and Zhang, Lingming},
  booktitle={Proceedings of the 31st ACM SIGSOFT International Symposium on Software Testing and Analysis},
  year={2022},
  organization={ACM}
}

@article{zeng2022degraphcs,
  title={deGraphCS: Embedding Variable-based Flow Graph for Neural Code Search},
  author={Zeng, Chen and Yu, Yue and Li, Shanshan and Xia, Xin and Wang, Zhiming and Geng, Mingyang and Bai, Linxiao and Dong, Wei and Liao, Xiangke},
  journal={ACM Transactions on Software Engineering and Methodology (TOSEM)},
  year={2022},
  publisher={ACM New York, NY}
}

@Misc{ir-representation,
   author = {},
   title = {Intermediate representation},
   howpublished = {\url{https://en.wikipedia.org/wiki/Intermediate_representation}}
}


@inproceedings{chakraborty2022natgen,
  author={Chakraborty, Saikat and Ahmed, Toufique and Ding, Yangruibo and Devanbu, Premkumar and Ray, Baishakhi},
  title={NatGen: Generative pre-training by “Naturalizing” source code},
  year={2022},
  booktitle={Proceedings of the 30th ACM Joint Meeting on European Software Engineering Conference and Symposium on the Foundations of Software Engineering (ESEC/FSE)},
  organization={ACM}
}

@inproceedings{wang2019tree,
  title={Tree Transformer: Integrating Tree Structures into Self-Attention},
  author={Wang, Yaushian and Lee, Hung-Yi and Chen, Yun-Nung},
  booktitle={Proceedings of the 2019 Conference on Empirical Methods in Natural Language Processing and the 9th International Joint Conference on Natural Language Processing (EMNLP-IJCNLP)},
  pages={1061--1070},
  year={2019}
}

@inproceedings{brandt2009two,
  title={Two studies of opportunistic programming: interleaving web foraging, learning, and writing code},
  author={Brandt, Joel and Guo, Philip J and Lewenstein, Joel and Dontcheva, Mira and Klemmer, Scott R},
  booktitle={Proceedings of the SIGCHI Conference on Human Factors in Computing Systems},
  pages={1589--1598},
  year={2009}
}

@inproceedings{brandt2010example,
  title={Example-centric programming: integrating web search into the development environment},
  author={Brandt, Joel and Dontcheva, Mira and Weskamp, Marcos and Klemmer, Scott R},
  booktitle={Proceedings of the SIGCHI Conference on Human Factors in Computing Systems},
  pages={513--522},
  year={2010}
}

@inproceedings{gabel2010study,
  title={A study of the uniqueness of source code},
  author={Gabel, Mark and Su, Zhendong},
  booktitle={Proceedings of the eighteenth ACM SIGSOFT international symposium on Foundations of software engineering},
  pages={147--156},
  year={2010}
}

@inproceedings{binkley2009camelcase,
  title={To camelcase or under\_score},
  author={Binkley, Dave and Davis, Marcia and Lawrie, Dawn and Morrell, Christopher},
  booktitle={2009 IEEE 17th International Conference on Program Comprehension},
  pages={158--167},
  year={2009},
  organization={IEEE}
}

@article{hu2021correlating,
  title={Correlating Automated and Human Evaluation of Code Documentation Generation Quality},
  author={Hu, Xing and Chen, Qiuyuan and Wang, Haoye and Xia, Xin and Lo, David and Zimmermann, Thomas},
  journal={ACM Transactions on Software Engineering and Methodology},
  year={2021},
  publisher={ACM New York, NY}
}

@incollection{benesty2009pearson,
  title={Pearson correlation coefficient},
  author={Benesty, Jacob and Chen, Jingdong and Huang, Yiteng and Cohen, Israel},
  booktitle={Noise reduction in speech processing},
  pages={1--4},
  year={2009},
  publisher={Springer}
}

@article{linstead2009sourcerer,
  title={Sourcerer: mining and searching internet-scale software repositories},
  author={Linstead, Erik and Bajracharya, Sushil and Ngo, Trung and Rigor, Paul and Lopes, Cristina and Baldi, Pierre},
  journal={Data Mining and Knowledge Discovery},
  volume={18},
  number={2},
  pages={300--336},
  year={2009},
  publisher={Springer}
}

@inproceedings{nakagawa2021nil,
  title={NIL: large-scale detection of large-variance clones},
  author={Nakagawa, Tasuku and Higo, Yoshiki and Kusumoto, Shinji},
  booktitle={Proceedings of the 29th ACM Joint Meeting on European Software Engineering Conference and Symposium on the Foundations of Software Engineering},
  pages={830--841},
  year={2021}
}

@article{mohagheghi2007quality,
  title={Quality, productivity and economic benefits of software reuse: a review of industrial studies},
  author={Mohagheghi, Parastoo and Conradi, Reidar},
  journal={Empirical Software Engineering},
  volume={12},
  number={5},
  pages={471--516},
  year={2007},
  publisher={Springer}
}

@inproceedings{ko2004six,
  title={Six learning barriers in end-user programming systems},
  author={Ko, Amy J and Myers, Brad A and Aung, Htet Htet},
  booktitle={2004 IEEE Symposium on Visual Languages-Human Centric Computing},
  pages={199--206},
  year={2004},
  organization={IEEE}
}

@article{di2022code,
  title={Code Search: A Survey of Techniques for Finding Code},
  author={Di Grazia, Luca and Pradel, Michael},
  journal={arXiv preprint arXiv:2204.02765},
  year={2022}
}

@inproceedings{sim1998archetypal,
  title={Archetypal source code searches: A survey of software developers and maintainers},
  author={Sim, Susan Elliott and Clarke, Charles LA and Holt, Richard C},
  booktitle={Proceedings. 6th International Workshop on Program Comprehension. IWPC'98 (Cat. No. 98TB100242)},
  pages={180--187},
  year={1998},
  organization={IEEE}
}

@incollection{croft2002combining,
  title={Combining approaches to information retrieval},
  author={Croft, W Bruce},
  booktitle={Advances in information retrieval},
  pages={1--36},
  year={2002},
  publisher={Springer}
}


@article{fox1994combination,
  title={Combination of multiple searches},
  author={Fox, Edward A and Shaw, Joseph A},
  journal={NIST special publication SP},
  volume={243},
  year={1994},
  publisher={NATIONAL INSTIUTE OF STANDARDS \& TECHNOLOGY}
}

@article{vogt1999fusion,
  title={Fusion via a linear combination of scores},
  author={Vogt, Christopher C and Cottrell, Garrison W},
  journal={Information retrieval},
  volume={1},
  number={3},
  pages={151--173},
  year={1999},
  publisher={Springer}
}

@inproceedings{aslam2001models,
  title={Models for metasearch},
  author={Aslam, Javed A and Montague, Mark},
  booktitle={Proceedings of the 24th annual international ACM SIGIR conference on Research and development in information retrieval},
  pages={276--284},
  year={2001}
}

@article{gey2005cross,
  title={Cross-language information retrieval: the way ahead},
  author={Gey, Fredric C and Kando, Noriko and Peters, Carol},
  journal={Information processing \& management},
  volume={41},
  number={3},
  pages={415--431},
  year={2005},
  publisher={Elsevier}
}

@inproceedings{bailey2017retrieval,
  title={Retrieval consistency in the presence of query variations},
  author={Bailey, Peter and Moffat, Alistair and Scholer, Falk and Thomas, Paul},
  booktitle={Proceedings of the 40th International ACM SIGIR Conference on Research and Development in Information Retrieval},
  pages={395--404},
  year={2017}
}

@article{frank2005comparing,
  title={Comparing rank and score combination methods for data fusion in information retrieval},
  author={Frank Hsu, D and Taksa, Isak},
  journal={Information retrieval},
  volume={8},
  number={3},
  pages={449--480},
  year={2005},
  publisher={Springer}
}

@inproceedings{dwork2001rank,
  title={Rank aggregation methods for the web},
  author={Dwork, Cynthia and Kumar, Ravi and Naor, Moni and Sivakumar, Dandapani},
  booktitle={Proceedings of the 10th international conference on World Wide Web},
  pages={613--622},
  year={2001}
}

@inproceedings{lu2015query,
  title={Query expansion via wordnet for effective code search},
  author={Lu, Meili and Sun, Xiaobing and Wang, Shaowei and Lo, David and Duan, Yucong},
  booktitle={2015 IEEE 22nd International Conference on Software Analysis, Evolution, and Reengineering (SANER)},
  pages={545--549},
  year={2015},
  organization={IEEE}
}

@book{manning2008introduction,
  title={Introduction to information retrieval},
  author={Manning, Christopher D},
  year={2008},
  publisher={Syngress Publishing,}
}

@inproceedings{benton2020effectiveness,
  title={On the effectiveness of unified debugging: An extensive study on 16 program repair systems},
  author={Benton, Samuel and Li, Xia and Lou, Yiling and Zhang, Lingming},
  booktitle={2020 35th IEEE/ACM International Conference on Automated Software Engineering (ASE)},
  pages={907--918},
  year={2020},
  organization={IEEE}
}

@article{lin2022predictive,
  author={Lin, Bo and Wang, Shangwen and Liu, Zhongxin and Xia, Xin and Mao, Xiaoguang},
  journal={IEEE Transactions on Software Engineering}, 
  title={Predictive Comment Updating with Heuristics and AST-Path-Based Neural Learning: A Two-Phase Approach}, 
  year={2022},
  volume={},
  number={},
  pages={1-20},
  doi={10.1109/TSE.2022.3185458}
}

@inproceedings{revelle2010using,
  title={Using data fusion and web mining to support feature location in software},
  author={Revelle, Meghan and Dit, Bogdan and Poshyvanyk, Denys},
  booktitle={2010 IEEE 18th International Conference on Program Comprehension},
  pages={14--23},
  year={2010},
  organization={IEEE}
}

@inproceedings{rahman2020some,
  title={Why are Some Bugs Non-Reproducible?:--An Empirical Investigation using Data Fusion--},
  author={Rahman, Mohammad Masudur and Khomh, Foutse and Castelluccio, Marco},
  booktitle={2020 IEEE International Conference on Software Maintenance and Evolution (ICSME)},
  pages={605--616},
  year={2020},
  organization={IEEE}
}

@inproceedings{lo2014fusion,
  title={Fusion fault localizers},
  author={Lo, David and Xia, Xin},
  booktitle={Proceedings of the 29th ACM/IEEE international conference on Automated software engineering},
  pages={127--138},
  year={2014}
}

@inproceedings{anava2016probabilistic,
  title={A probabilistic fusion framework},
  author={Anava, Yael and Shtok, Anna and Kurland, Oren and Rabinovich, Ella},
  booktitle={Proceedings of the 25th ACM International Conference on Information and Knowledge Management},
  pages={1463--1472},
  year={2016}
}

@inproceedings{mourao2013novasearch,
  title={NovaSearch at TREC 2013 Federated Web Search Track: Experiments with rank fusion.},
  author={Mourao, Andr{\'e} and Martins, Fl{\'a}vio and Magalhaes, Joao},
  booktitle={TREC},
  year={2013}
}

@inproceedings{cormack2009reciprocal,
  title={Reciprocal rank fusion outperforms condorcet and individual rank learning methods},
  author={Cormack, Gordon V and Clarke, Charles LA and Buettcher, Stefan},
  booktitle={Proceedings of the 32nd international ACM SIGIR conference on Research and development in information retrieval},
  pages={758--759},
  year={2009}
}

@inproceedings{fox1993combining,
  title={Combining evidence from multiple searches},
  author={Fox, Edward A and Koushik, M Prabhakar and Shaw, Joseph and Modlin, Russell and Rao, Durgesh and others},
  booktitle={The first text retrieval conference (TREC-1)},
  pages={319--328},
  year={1993}
}

@article{wu2012using,
  title={Using anchor text for homepage and topic distillation search tasks},
  author={Wu, Mingfang and Hawking, David and Turpin, Andrew and Scholer, Falk},
  journal={Journal of the American Society for Information Science and Technology},
  volume={63},
  number={6},
  pages={1235--1255},
  year={2012},
  publisher={Wiley Online Library}
}

@inproceedings{montague2001relevance,
  title={Relevance score normalization for metasearch},
  author={Montague, Mark and Aslam, Javed A},
  booktitle={Proceedings of the tenth international conference on Information and knowledge management},
  pages={427--433},
  year={2001}
}

@inproceedings{gharehyazie2017some,
  title={Some from here, some from there: Cross-project code reuse in github},
  author={Gharehyazie, Mohammad and Ray, Baishakhi and Filkov, Vladimir},
  booktitle={2017 IEEE/ACM 14th International Conference on Mining Software Repositories (MSR)},
  pages={291--301},
  year={2017},
  organization={IEEE}
}

@article{robertson2009probabilistic,
  title={The probabilistic relevance framework: BM25 and beyond},
  author={Robertson, Stephen and Zaragoza, Hugo and others},
  journal={Foundations and Trends{\textregistered} in Information Retrieval},
  volume={3},
  number={4},
  pages={333--389},
  year={2009},
  publisher={Now Publishers, Inc.}
}

@article{desanctis1987foundation,
  title={A foundation for the study of group decision support systems},
  author={DeSanctis, Gerardine and Gallupe, R Brent},
  journal={Management science},
  volume={33},
  number={5},
  pages={589--609},
  year={1987},
  publisher={INFORMS}
}

@inproceedings{fang2020functional,
  title={Functional code clone detection with syntax and semantics fusion learning},
  author={Fang, Chunrong and Liu, Zixi and Shi, Yangyang and Huang, Jeff and Shi, Qingkai},
  booktitle={Proceedings of the 29th ACM SIGSOFT International Symposium on Software Testing and Analysis},
  pages={516--527},
  year={2020}
}

@inproceedings{lemos2014thesaurus,
  title={Thesaurus-based automatic query expansion for interface-driven code search},
  author={Lemos, Ot{\'a}vio AL and de Paula, Adriano C and Zanichelli, Felipe C and Lopes, Cristina V},
  booktitle={Proceedings of the 11th working conference on mining software repositories},
  pages={212--221},
  year={2014}
}

@article{zhang2017expanding,
  title={Expanding queries for code search using semantically related api class-names},
  author={Zhang, Feng and Niu, Haoran and Keivanloo, Iman and Zou, Ying},
  journal={IEEE Transactions on Software Engineering},
  volume={44},
  number={11},
  pages={1070--1082},
  year={2017},
  publisher={IEEE}
}

@inproceedings{xuan2014learning,
  title={Learning to combine multiple ranking metrics for fault localization},
  author={Xuan, Jifeng and Monperrus, Martin},
  booktitle={2014 IEEE International Conference on Software Maintenance and Evolution},
  pages={191--200},
  year={2014},
  organization={IEEE}
}

@inproceedings{ye2014learning,
  title={Learning to rank relevant files for bug reports using domain knowledge},
  author={Ye, Xin and Bunescu, Razvan and Liu, Chang},
  booktitle={Proceedings of the 22nd ACM SIGSOFT international symposium on foundations of software engineering},
  pages={689--699},
  year={2014}
}

@article{liu2009learning,
  title={Learning to rank for information retrieval},
  author={Liu, Tie-Yan and others},
  journal={Foundations and Trends{\textregistered} in Information Retrieval},
  volume={3},
  number={3},
  pages={225--331},
  year={2009},
  publisher={Now Publishers, Inc.}
}

@inproceedings{kuo2014large,
  title={Large-scale kernel ranksvm},
  author={Kuo, Tzu-Ming and Lee, Ching-Pei and Lin, Chih-Jen},
  booktitle={Proceedings of the 2014 SIAM international conference on data mining},
  pages={812--820},
  year={2014},
  organization={SIAM}
}

@article{wang2023two,
  title={Two Birds with One Stone: Boosting Code Generation and Code Search via a Generative Adversarial Network},
  author={Wang, Shangwen and Lin, Bo and Sun, Zhensu and Wen, Ming and Liu, Yepang and Lei, Yan and Mao, Xiaoguang},
  year = {2023},
  issue_date = {October 2023},
  publisher = {Association for Computing Machinery},
  address = {New York, NY, USA},
  volume = {7},
  number = {OOPSLA2},
  url = {https://doi.org/10.1145/3622815},
  doi = {10.1145/3622815},
  journal = {Proc. ACM Program. Lang.},
  month = {oct},
  articleno = {239},
  numpages = {30}
}

@inproceedings{wang2023natural,
  author={Wang, Shangwen and Geng, Mingyang and Lin, Bo and Sun, Zhensu and Wen, Ming and Liu, Yepang and Li, Li and Bissyand{\'e}, Tegawend{\'e} F. and Mao, Xiaoguang},
  title={Natural Language to Code: How Far are We?},
  year={2023},
  isbn = {9798400703270},
  publisher = {Association for Computing Machinery},
  address = {New York, NY, USA},
  url = {https://doi.org/10.1145/3611643.3616323},
  doi = {10.1145/3611643.3616323},
  booktitle = {Proceedings of the 31st ACM Joint European Software Engineering Conference and Symposium on the Foundations of Software Engineering},
  pages = {375–387},
  numpages = {13},
  keywords = {Pre-Training Technique, Code Search, Code Generation},
  location = {, San Francisco, CA, USA, },
  series = {ESEC/FSE 2023}
}

@inproceedings{geng2024large,
  title={Large language models are few-shot summarizers: Multi-intent comment generation via in-context learning},
  author={Geng, Mingyang and Wang, Shangwen and Dong, Dezun and Wang, Haotian and Li, Ge and Jin, Zhi and Mao, Xiaoguang and Liao, Xiangke},
  booktitle={Proceedings of the 46th IEEE/ACM International Conference on Software Engineering},
  pages={1--13},
  year={2024}
}

@inproceedings{lin2023cct5,
  title={Cct5: A code-change-oriented pre-trained model},
  author={Lin, Bo and Wang, Shangwen and Liu, Zhongxin and Liu, Yepang and Xia, Xin and Mao, Xiaoguang},
  booktitle={Proceedings of the 31st ACM Joint European Software Engineering Conference and Symposium on the Foundations of Software Engineering},
  pages={1509--1521},
  year={2023}
}

@inproceedings{quach2017multi,
  title={A multi-OS cross-layer study of bloating in user programs, kernel and managed execution environments},
  author={Quach, Anh and Erinfolami, Rukayat and Demicco, David and Prakash, Aravind},
  booktitle={Proceedings of the 2017 Workshop on Forming an Ecosystem Around Software Transformation},
  pages={65--70},
  year={2017}
}

@book{hibbs2009art,
  title={The art of lean software development: a practical and incremental approach},
  author={Hibbs, Curt and Jewett, Steve and Sullivan, Mike},
  year={2009},
  publisher={" O'Reilly Media, Inc."}
}

@inproceedings{mcgrenere2000we,
  title={Are we all in the same" bloat"?},
  author={McGrenere, Joanna and Moore, Gale},
  booktitle={Graphics interface},
  volume={2000},
  pages={187--196},
  year={2000}
}

@inproceedings{bhattacharya2011interplay,
  title={The interplay of software bloat, hardware energy proportionality and system bottlenecks},
  author={Bhattacharya, Suparna and Rajamani, Karthick and Gopinath, K and Gupta, Manish},
  booktitle={Proceedings of the 4th Workshop on Power-Aware Computing and Systems},
  pages={1--5},
  year={2011}
}

@inproceedings{xu2009go,
  title={Go with the flow: Profiling copies to find runtime bloat},
  author={Xu, Guoqing and Arnold, Matthew and Mitchell, Nick and Rountev, Atanas and Sevitsky, Gary},
  booktitle={Proceedings of the 30th ACM SIGPLAN Conference on Programming Language Design and Implementation},
  pages={419--430},
  year={2009}
}

@inproceedings{xu2010software,
  title={Software bloat analysis: Finding, removing, and preventing performance problems in modern large-scale object-oriented applications},
  author={Xu, Guoqing and Mitchell, Nick and Arnold, Matthew and Rountev, Atanas and Sevitsky, Gary},
  booktitle={Proceedings of the FSE/SDP workshop on Future of software engineering research},
  pages={421--426},
  year={2010}
}

@inproceedings{heo2018effective,
  title={Effective program debloating via reinforcement learning},
  author={Heo, Kihong and Lee, Woosuk and Pashakhanloo, Pardis and Naik, Mayur},
  booktitle={Proceedings of the 2018 ACM SIGSAC Conference on Computer and Communications Security},
  pages={380--394},
  year={2018}
}

@inproceedings{qian2019razor,
  title={$\{$RAZOR$\}$: A framework for post-deployment software debloating},
  author={Qian, Chenxiong and Hu, Hong and Alharthi, Mansour and Chung, Pak Ho and Kim, Taesoo and Lee, Wenke},
  booktitle={28th USENIX security symposium (USENIX Security 19)},
  pages={1733--1750},
  year={2019}
}
@inproceedings{qian2020slimium,
  title={Slimium: Debloating the chromium browser with feature subsetting},
  author={Qian, Chenxiong and Koo, Hyungjoon and Oh, ChangSeok and Kim, Taesoo and Lee, Wenke},
  booktitle={Proceedings of the 2020 ACM SIGSAC Conference on Computer and Communications Security},
  pages={461--476},
  year={2020}
}

@article{tang2021xdebloat,
  title={Xdebloat: Towards automated feature-oriented app debloating},
  author={Tang, Yutian and Zhou, Hao and Luo, Xiapu and Chen, Ting and Wang, Haoyu and Xu, Zhou and Cai, Yan},
  journal={IEEE Transactions on Software Engineering},
  volume={48},
  number={11},
  pages={4501--4520},
  year={2021},
  publisher={IEEE}
}
@inproceedings{xin2022studying,
  title={Studying and understanding the tradeoffs between generality and reduction in software debloating},
  author={Xin, Qi and Zhang, Qirun and Orso, Alessandro},
  booktitle={Proceedings of the 37th IEEE/ACM International Conference on Automated Software Engineering},
  pages={1--13},
  year={2022}
}

@inproceedings{sun2018perses,
  title={Perses: Syntax-guided program reduction},
  author={Sun, Chengnian and Li, Yuanbo and Zhang, Qirun and Gu, Tianxiao and Su, Zhendong},
  booktitle={Proceedings of the 40th International Conference on Software Engineering},
  pages={361--371},
  year={2018}
}

@inproceedings{xin2020program,
  title={Program debloating via stochastic optimization},
  author={Xin, Qi and Kim, Myeongsoo and Zhang, Qirun and Orso, Alessandro},
  booktitle={Proceedings of the ACM/IEEE 42nd International Conference on Software Engineering: New Ideas and Emerging Results},
  pages={65--68},
  year={2020}
}

@article{xia2023keep,
  title={Keep the Conversation Going: Fixing 162 out of 337 bugs for \$0.42 each using ChatGPT},
  author={Xia, Chunqiu Steven and Zhang, Lingming},
  journal={arXiv preprint arXiv:2304.00385},
  year={2023}
}

@article{bouzenia2024repairagent,
  title={RepairAgent: An Autonomous, LLM-Based Agent for Program Repair},
  author={Bouzenia, Islem and Devanbu, Premkumar and Pradel, Michael},
  journal={arXiv preprint arXiv:2403.17134},
  year={2024}
}

@inproceedings{lu2023llama,
  title={LLaMA-Reviewer: Advancing Code Review Automation with Large Language Models through Parameter-Efficient Fine-Tuning},
  author={Lu, Junyi and Yu, Lei and Li, Xiaojia and Yang, Li and Zuo, Chun},
  booktitle={2023 IEEE 34th International Symposium on Software Reliability Engineering (ISSRE)},
  pages={647--658},
  year={2023},
  organization={IEEE}
}

@inproceedings{li2023assisting,
  title={Assisting static analysis with large language models: A chatgpt experiment},
  author={Li, Haonan and Hao, Yu and Zhai, Yizhuo and Qian, Zhiyun},
  booktitle={Proceedings of the 31st ACM Joint European Software Engineering Conference and Symposium on the Foundations of Software Engineering},
  pages={2107--2111},
  year={2023}
}

@article{xiang2024far,
  title={How Far Can We Go with Practical Function-Level Program Repair?},
  author={Xiang, Jiahong and Xu, Xiaoyang and Kong, Fanchu and Wu, Mingyuan and Zhang, Haotian and Zhang, Yuqun},
  journal={arXiv preprint arXiv:2404.12833},
  year={2024}
}

@inproceedings{kang2023large,
  title={Large language models are few-shot testers: Exploring llm-based general bug reproduction},
  author={Kang, Sungmin and Yoon, Juyeon and Yoo, Shin},
  booktitle={2023 IEEE/ACM 45th International Conference on Software Engineering (ICSE)},
  pages={2312--2323},
  year={2023},
  organization={IEEE}
}

@inproceedings{lemieux2023codamosa,
  title={Codamosa: Escaping coverage plateaus in test generation with pre-trained large language models},
  author={Lemieux, Caroline and Inala, Jeevana Priya and Lahiri, Shuvendu K and Sen, Siddhartha},
  booktitle={2023 IEEE/ACM 45th International Conference on Software Engineering (ICSE)},
  pages={919--931},
  year={2023},
  organization={IEEE}
}

@inproceedings{deng2023large,
  title={Large language models are zero-shot fuzzers: Fuzzing deep-learning libraries via large language models},
  author={Deng, Yinlin and Xia, Chunqiu Steven and Peng, Haoran and Yang, Chenyuan and Zhang, Lingming},
  booktitle={Proceedings of the 32nd ACM SIGSOFT international symposium on software testing and analysis},
  pages={423--435},
  year={2023}
}


@article{zhang2023multimodal,
  title={Multimodal chain-of-thought reasoning in language models},
  author={Zhang, Zhuosheng and Zhang, Aston and Li, Mu and Zhao, Hai and Karypis, George and Smola, Alex},
  journal={arXiv preprint arXiv:2302.00923},
  year={2023}
}

@article{agrawal2022large,
  title={Large language models are few-shot clinical information extractors},
  author={Agrawal, Monica and Hegselmann, Stefan and Lang, Hunter and Kim, Yoon and Sontag, David},
  journal={arXiv preprint arXiv:2205.12689},
  year={2022}
}

@inproceedings{kalhauge2019binary,
  title={Binary reduction of dependency graphs},
  author={Kalhauge, Christian Gram and Palsberg, Jens},
  booktitle={Proceedings of the 2019 27th ACM Joint Meeting on European Software Engineering Conference and Symposium on the Foundations of Software Engineering},
  pages={556--566},
  year={2019}
}


@inproceedings{regehr2012test,
  title={Test-case reduction for C compiler bugs},
  author={Regehr, John and Chen, Yang and Cuoq, Pascal and Eide, Eric and Ellison, Chucky and Yang, Xuejun},
  booktitle={Proceedings of the 33rd ACM SIGPLAN conference on Programming Language Design and Implementation},
  pages={335--346},
  year={2012}
}

@inproceedings{brown2019carve,
  title={Carve: Practical security-focused software debloating using simple feature set mappings},
  author={Brown, Michael D and Pande, Santosh},
  booktitle={Proceedings of the 3rd ACM Workshop on Forming an Ecosystem Around Software Transformation},
  pages={1--7},
  year={2019}
}

@inproceedings{xin2020subdomain,
  title={Subdomain-based generality-aware debloating},
  author={Xin, Qi and Kim, Myeongsoo and Zhang, Qirun and Orso, Alessandro},
  booktitle={Proceedings of the 35th IEEE/ACM International Conference on Automated Software Engineering},
  pages={224--236},
  year={2020}
}

@inproceedings{sharif2018trimmer,
  title={TRIMMER: application specialization for code debloating},
  author={Sharif, Hashim and Abubakar, Muhammad and Gehani, Ashish and Zaffar, Fareed},
  booktitle={Proceedings of the 33rd ACM/IEEE International Conference on Automated Software Engineering},
  pages={329--339},
  year={2018}
}

@inproceedings{ali2011moms,
  title={Moms: Multi-objective miniaturization of software},
  author={Ali, Nasir and Wu, Wei and Antoniol, Giuliano and Di Penta, Massimiliano and Gu{\'e}h{\'e}neuc, Yann-Ga{\"e}l and Hayes, Jane Huffman},
  booktitle={2011 27th IEEE International Conference on Software Maintenance (ICSM)},
  pages={153--162},
  year={2011},
  organization={IEEE}
}

@inproceedings{jiang2016jred,
  title={Jred: Program customization and bloatware mitigation based on static analysis},
  author={Jiang, Yufei and Wu, Dinghao and Liu, Peng},
  booktitle={2016 IEEE 40th annual computer software and applications conference (COMPSAC)},
  volume={1},
  pages={12--21},
  year={2016},
  organization={IEEE}
}

@inproceedings{koo2019configuration,
  title={Configuration-driven software debloating},
  author={Koo, Hyungjoon and Ghavamnia, Seyedhamed and Polychronakis, Michalis},
  booktitle={Proceedings of the 12th European Workshop on Systems Security},
  pages={1--6},
  year={2019}
}

@inproceedings{redini2019b,
  title={B in t rimmer: Towards static binary debloating through abstract interpretation},
  author={Redini, Nilo and Wang, Ruoyu and Machiry, Aravind and Shoshitaishvili, Yan and Vigna, Giovanni and Kruegel, Christopher},
  booktitle={Detection of Intrusions and Malware, and Vulnerability Assessment: 16th International Conference, DIMVA 2019, Gothenburg, Sweden, June 19--20, 2019, Proceedings 16},
  pages={482--501},
  year={2019},
  organization={Springer}
}

@article{mulliner2015breaking,
  title={Breaking payloads with runtime code stripping and image freezing},
  author={Mulliner, Collin and Neugschwandtner, Matthias},
  journal={Black Hat USA},
  year={2015}
}

@inproceedings{rastogi2017cimplifier,
  title={Cimplifier: automatically debloating containers},
  author={Rastogi, Vaibhav and Davidson, Drew and De Carli, Lorenzo and Jha, Somesh and McDaniel, Patrick},
  booktitle={Proceedings of the 2017 11th Joint Meeting on Foundations of Software Engineering},
  pages={476--486},
  year={2017}
}

@inproceedings{azad2019less,
  title={Less is more: Quantifying the security benefits of debloating web applications},
  author={Azad, Babak Amin and Laperdrix, Pierre and Nikiforakis, Nick},
  booktitle={28th USENIX Security Symposium (USENIX Security 19)},
  pages={1697--1714},
  year={2019}
}

@inproceedings{jiang2018reddroid,
  title={RedDroid: Android application redundancy customization based on static analysis},
  author={Jiang, Yufei and Bao, Qinkun and Wang, Shuai and Liu, Xiao and Wu, Dinghao},
  booktitle={2018 IEEE 29th international symposium on software reliability engineering (ISSRE)},
  pages={189--199},
  year={2018},
  organization={IEEE}
}

@inproceedings{huang2017ui,
  title={UI driven Android application reduction},
  author={Huang, Jianjun and Aafer, Yousra and Perry, David and Zhang, Xiangyu and Tian, Chen},
  booktitle={2017 32nd IEEE/ACM International Conference on Automated Software Engineering (ASE)},
  pages={286--296},
  year={2017},
  organization={IEEE}
}

@inproceedings{bruce2020jshrink,
  title={Jshrink: In-depth investigation into debloating modern java applications},
  author={Bruce, Bobby R and Zhang, Tianyi and Arora, Jaspreet and Xu, Guoqing Harry and Kim, Miryung},
  booktitle={Proceedings of the 28th ACM joint meeting on european software engineering conference and symposium on the foundations of software engineering},
  pages={135--146},
  year={2020}
}

@inproceedings{macias2020webjshrink,
  title={Webjshrink: a web service for debloating java bytecode},
  author={Macias, Konner and Mathur, Mihir and Bruce, Bobby R and Zhang, Tianyi and Kim, Miryung},
  booktitle={Proceedings of the 28th ACM Joint Meeting on European Software Engineering Conference and Symposium on the Foundations of Software Engineering},
  pages={1665--1669},
  year={2020}
}

@article{schultz2003automatic,
  title={Automatic program specialization for Java},
  author={Schultz, Ulrik P and Lawall, Julia L and Consel, Charles},
  journal={ACM Transactions on Programming Languages and Systems (TOPLAS)},
  volume={25},
  number={4},
  pages={452--499},
  year={2003},
  publisher={ACM New York, NY, USA}
}

@article{kuo2020set,
  title={Set the configuration for the heart of the os: On the practicality of operating system kernel debloating},
  author={Kuo, Hsuan-Chi and Chen, Jianyan and Mohan, Sibin and Xu, Tianyin},
  journal={Proceedings of the ACM on Measurement and Analysis of Computing Systems},
  volume={4},
  number={1},
  pages={1--27},
  year={2020},
  publisher={ACM New York, NY, USA}
}

@misc{openai2024overview,
  title = {OpenAI Documentation Overview},
  author = {{OpenAI}},
  year = {2024},
  url = {https://platform.openai.com/docs/overview},
  note = {Accessed: 2024-05-20}
}

@misc{openai2024apitemp,
  title = {OOpenAI API Reference - Chat Create Temperature},
  author = {{OpenAI}},
  year = {2024},
  url = {https://platform.openai.com/docs/api-reference/chat/create#chat-create-temperature},
  note = {Accessed: 2024-05-20}
}

@misc{openai2024apin,
  title = {OpenAI API Reference - Chat Create N},
  author = {{OpenAI}},
  year = {2024},
  url = {https://platform.openai.com/docs/api-reference/chat/create#chat-create-n},
  note = {Accessed: 2024-05-20}
}
 
@misc{openai2024api,
  title = {OpenAI API Reference},
  author = {{OpenAI}},
  year = {2024},
  url = {https://platform.openai.com/docs/apireference},
}

@misc{sir2022bench,
  title = {Software-artifact Infrastructure Repository},
  url = {https://sir.csc.ncsu.edu/portal/index.php},
  year = {2022},
  note = {Accessed: 2024-05-20},
}

@article{soto2023coverage,
  title={Coverage-based debloating for Java bytecode},
  author={Soto-Valero, C{\'e}sar and Durieux, Thomas and Harrand, Nicolas and Baudry, Benoit},
  journal={ACM Transactions on Software Engineering and Methodology},
  volume={32},
  number={2},
  pages={1--34},
  year={2023},
  publisher={ACM New York, NY}
}

@inproceedings{vazquez2024llms,
  title={Are LLMs ready for Visualization?},
  author={V{\'a}zquez, Pere-Pau},
  booktitle={2024 IEEE 17th Pacific Visualization Conference (PacificVis)},
  pages={343--352},
  year={2024},
  organization={IEEE}
}

@article{shaik2024s3llm,
  title={S3LLM: Large-Scale Scientific Software Understanding with LLMs using Source, Metadata, and Document},
  author={Shaik, Kareem and Wang, Dali and Zheng, Weijian and Cao, Qinglei and Fan, Heng and Schwartz, Peter and Feng, Yunhe},
  journal={arXiv preprint arXiv:2403.10588},
  year={2024}
}

@inproceedings{shacham2007geometry,
  title={The geometry of innocent flesh on the bone: Return-into-libc without function calls (on the x86)},
  author={Shacham, Hovav},
  booktitle={Proceedings of the 14th ACM conference on Computer and communications security},
  pages={552--561},
  year={2007}
}

@misc{ROPgadget2022,
  author = {Jonathan Salwan},
  title = {ROPgadget},
  year = {2022},
  howpublished = {\url{https://github.com/JonathanSalwan/ROPgadget}},
  note = {Accessed: 2024-05-20}
}

@misc{Radamsa2022,
  author = {Radamsa},
  title = {Radamsa},
  year = {2022},
  howpublished = {\url{https://gitlab.com/akihe/radamsa}},
}

@misc{Afl2022,
  author = {Michał Zalewski},
  title = {American fuzzy lop},
  year = {2022},
  howpublished = {\url{https://lcamtuf.coredump.cx/afl/}},
}

@article{zhao2023survey,
  title={A survey of large language models},
  author={Zhao, Wayne Xin and Zhou, Kun and Li, Junyi and Tang, Tianyi and Wang, Xiaolei and Hou, Yupeng and Min, Yingqian and Zhang, Beichen and Zhang, Junjie and Dong, Zican and others},
  journal={arXiv preprint arXiv:2303.18223},
  year={2023}
}

@article{zhai2023investigating,
  title={Investigating the catastrophic forgetting in multimodal large language models},
  author={Zhai, Yuexiang and Tong, Shengbang and Li, Xiao and Cai, Mu and Qu, Qing and Lee, Yong Jae and Ma, Yi},
  journal={arXiv preprint arXiv:2309.10313},
  year={2023}
}

@inproceedings{kemker2018measuring,
  title={Measuring catastrophic forgetting in neural networks},
  author={Kemker, Ronald and McClure, Marc and Abitino, Angelina and Hayes, Tyler and Kanan, Christopher},
  booktitle={Proceedings of the AAAI conference on artificial intelligence},
  volume={32},
  number={1},
  year={2018}
}

@inproceedings{shi2023large,
  title={Large language models can be easily distracted by irrelevant context},
  author={Shi, Freda and Chen, Xinyun and Misra, Kanishka and Scales, Nathan and Dohan, David and Chi, Ed H and Sch{\"a}rli, Nathanael and Zhou, Denny},
  booktitle={International Conference on Machine Learning},
  pages={31210--31227},
  year={2023},
  organization={PMLR}
}

@article{hu2021lora,
  title={Lora: Low-rank adaptation of large language models},
  author={Hu, Edward J and Shen, Yelong and Wallis, Phillip and Allen-Zhu, Zeyuan and Li, Yuanzhi and Wang, Shean and Wang, Lu and Chen, Weizhu},
  journal={arXiv preprint arXiv:2106.09685},
  year={2021}
}
@inproceedings{li2023nuances,
  title={Nuances are the key: Unlocking chatgpt to find failure-inducing tests with differential prompting},
  author={Li, Tsz-On and Zong, Wenxi and Wang, Yibo and Tian, Haoye and Wang, Ying and Cheung, Shing-Chi and Kramer, Jeff},
  booktitle={2023 38th IEEE/ACM International Conference on Automated Software Engineering (ASE)},
  pages={14--26},
  year={2023},
  organization={IEEE}
}

@book{muchnick1997advanced,
  title={Advanced compiler design implementation},
  author={Muchnick, Steven},
  year={1997},
  publisher={Morgan kaufmann}
}

@article{hitzler2022neuro,
  title={Neuro-symbolic artificial intelligence: The state of the art},
  author={Hitzler, Pascal and Sarker, Md Kamruzzaman},
  year={2022},
  publisher={IOS press}
}

@misc{AFL,
  author = {Zalewski, Michał},
  title = {American Fuzzy Lop (AFL)},
  year = {2013},
  publisher = {GitHub},
  journal = {GitHub repository},
  howpublished = {\url{https://github.com/google/AFL}},
  commit = {<commit-hash>},
  note = {Accessed: YYYY-MM-DD}
}

@inproceedings{bohme2016coverage,
  title={Coverage-based greybox fuzzing as markov chain},
  author={B{\"o}hme, Marcel and Pham, Van-Thuan and Roychoudhury, Abhik},
  booktitle={Proceedings of the 2016 ACM SIGSAC Conference on Computer and Communications Security},
  pages={1032--1043},
  year={2016}
}
@inproceedings{borzacchiello2021fuzzing,
  title={Fuzzing symbolic expressions},
  author={Borzacchiello, Luca and Coppa, Emilio and Demetrescu, Camil},
  booktitle={2021 IEEE/ACM 43rd International Conference on Software Engineering (ICSE)},
  pages={711--722},
  year={2021},
  organization={IEEE}
}

@misc{gcc_gcov,
  title        = {Gcov},
  howpublished = {\url{https://gcc.gnu.org/onlinedocs/gcc/Gcov.html}},
  year         = {2024},
  author       = {GNU Compiler Collection},
  organization = {Free Software Foundation}
}

@misc{llvm_cov,
  title        = {llvm-cov - LLVM Source-based Code Coverage},
  howpublished = {\url{https://llvm.org/docs/CommandGuide/llvm-cov.html}},
  year         = {2024},
  author       = {LLVM Project},
  organization = {LLVM}
}

@misc{clang_llvm,
  title        = {Clang: a C language family frontend for LLVM},
  howpublished = {\url{https://clang.llvm.org/}},
  year         = {2024},
  author       = {LLVM Project},
  organization = {LLVM}
}

@inproceedings{charoenwet2024empirical,
  title={An Empirical Study of Static Analysis Tools for Secure Code Review},
  author={Charoenwet, Wachiraphan and Thongtanunam, Patanamon and Pham, Van-Thuan and Treude, Christoph},
  booktitle={Proceedings of the 33rd ACM SIGSOFT International Symposium on Software Testing and Analysis},
  pages={691--703},
  year={2024}
}

@article{mehrpour2023can,
  title={Can static analysis tools find more defects? a qualitative study of design rule violations found by code review},
  author={Mehrpour, Sahar and LaToza, Thomas D},
  journal={Empirical Software Engineering},
  volume={28},
  number={1},
  pages={5},
  year={2023},
  publisher={Springer}
}

@misc{Cppcheck2024,
  title        = {Cppcheck - A tool for static C/C++ code analysis},
  howpublished = {\url{https://cppcheck.sourceforge.io/}},
  year         = {2024}
}

@misc{CodeChecker2024,
  title        = {CodeChecker},
  howpublished = {\url{https://codechecker.readthedocs.io/en/latest/}},
  year         = {2024}
}

@misc{Infer2024,
  title        = {Infer},
  howpublished = {\url{https://fbinfer.com/}},
  year         = {2024}
}

@inproceedings{kang2022detecting,
  title={Detecting false alarms from automatic static analysis tools: How far are we?},
  author={Kang, Hong Jin and Aw, Khai Loong and Lo, David},
  booktitle={Proceedings of the 44th International Conference on Software Engineering},
  pages={698--709},
  year={2022}
}

@inproceedings{kharkar2022learning,
  title={Learning to reduce false positives in analytic bug detectors},
  author={Kharkar, Anant and Moghaddam, Roshanak Zilouchian and Jin, Matthew and Liu, Xiaoyu and Shi, Xin and Clement, Colin and Sundaresan, Neel},
  booktitle={Proceedings of the 44th International Conference on Software Engineering},
  pages={1307--1316},
  year={2022}
}

@article{li2024enhancing,
  title={Enhancing Static Analysis for Practical Bug Detection: An LLM-Integrated Approach},
  author={Li, Haonan and Hao, Yu and Zhai, Yizhuo and Qian, Zhiyun},
  journal={Proceedings of the ACM on Programming Languages},
  volume={8},
  number={OOPSLA1},
  pages={474--499},
  year={2024},
  publisher={ACM New York, NY, USA}
}

@article{li2024llm,
  title={LLM-Assisted Static Analysis for Detecting Security Vulnerabilities},
  author={Li, Ziyang and Dutta, Saikat and Naik, Mayur},
  journal={arXiv preprint arXiv:2405.17238},
  year={2024}
}

@article{yehudai2024can,
  title={When Can Transformers Count to n?},
  author={Yehudai, Gilad and Kaplan, Haim and Ghandeharioun, Asma and Geva, Mor and Globerson, Amir},
  journal={arXiv preprint arXiv:2407.15160},
  year={2024}
}

@inproceedings{levyetal2024task,
    title = "Same Task, More Tokens: the Impact of Input Length on the Reasoning Performance of Large Language Models",
    author = "Levy, Mosh  and
      Jacoby, Alon  and
      Goldberg, Yoav",
    editor = "Ku, Lun-Wei  and
      Martins, Andre  and
      Srikumar, Vivek",
    booktitle = "Proceedings of the 62nd Annual Meeting of the Association for Computational Linguistics (Volume 1: Long Papers)",
    month = aug,
    year = "2024",
    address = "Bangkok, Thailand",
    publisher = "Association for Computational Linguistics",
    url = "https://aclanthology.org/2024.acl-long.818",
    doi = "10.18653/v1/2024.acl-long.818",

}

@inproceedings{even2023grayc,
  title={GrayC: Greybox fuzzing of compilers and analysers for C},
  author={Even-Mendoza, Karine and Sharma, Arindam and Donaldson, Alastair F and Cadar, Cristian},
  booktitle={Proceedings of the 32nd ACM SIGSOFT International Symposium on Software Testing and Analysis},
  pages={1219--1231},
  year={2023}
}

@inproceedings{jiang2024fuzzing,
  title={When fuzzing meets llms: Challenges and opportunities},
  author={Jiang, Yu and Liang, Jie and Ma, Fuchen and Chen, Yuanliang and Zhou, Chijin and Shen, Yuheng and Wu, Zhiyong and Fu, Jingzhou and Wang, Mingzhe and Li, Shanshan and others},
  booktitle={Companion Proceedings of the 32nd ACM International Conference on the Foundations of Software Engineering},
  pages={492--496},
  year={2024}
}

@article{xia2023universal,
  title={Universal fuzzing via large language models},
  author={Xia, Chunqiu Steven and Paltenghi, Matteo and Tian, Jia Le and Pradel, Michael and Zhang, Lingming},
  journal={arXiv preprint arXiv:2308.04748},
  year={2023}
}

@inproceedings{meng2024large,
  title={Large language model guided protocol fuzzing},
  author={Meng, Ruijie and Mirchev, Martin and B{\"o}hme, Marcel and Roychoudhury, Abhik},
  booktitle={Proceedings of the 31st Annual Network and Distributed System Security Symposium (NDSS)},
  year={2024}
}

@article{eigner2024determinants,
  title={Determinants of llm-assisted decision-making},
  author={Eigner, Eva and H{\"a}ndler, Thorsten},
  journal={arXiv preprint arXiv:2402.17385},
  year={2024}
}

@inproceedings{chiang2024enhancing,
  title={Enhancing AI-Assisted Group Decision Making through LLM-Powered Devil's Advocate},
  author={Chiang, Chun-Wei and Lu, Zhuoran and Li, Zhuoyan and Yin, Ming},
  booktitle={Proceedings of the 29th International Conference on Intelligent User Interfaces},
  pages={103--119},
  year={2024}
}

@inproceedings{pearce2023examining,
  title={Examining zero-shot vulnerability repair with large language models},
  author={Pearce, Hammond and Tan, Benjamin and Ahmad, Baleegh and Karri, Ramesh and Dolan-Gavitt, Brendan},
  booktitle={2023 IEEE Symposium on Security and Privacy (SP)},
  pages={2339--2356},
  year={2023},
  organization={IEEE}
}

@article{yin2024multitask,
  title={Multitask-based evaluation of open-source llm on software vulnerability},
  author={Yin, Xin and Ni, Chao and Wang, Shaohua},
  journal={IEEE Transactions on Software Engineering},
  year={2024},
  publisher={IEEE}
}

@article{lu2024grace,
  title={GRACE: Empowering LLM-based software vulnerability detection with graph structure and in-context learning},
  author={Lu, Guilong and Ju, Xiaolin and Chen, Xiang and Pei, Wenlong and Cai, Zhilong},
  journal={Journal of Systems and Software},
  volume={212},
  pages={112031},
  year={2024},
  publisher={Elsevier}
}

@article{liu2024lost,
  title={Lost in the middle: How language models use long contexts},
  author={Liu, Nelson F and Lin, Kevin and Hewitt, John and Paranjape, Ashwin and Bevilacqua, Michele and Petroni, Fabio and Liang, Percy},
  journal={Transactions of the Association for Computational Linguistics},
  volume={12},
  pages={157--173},
  year={2024},
  publisher={MIT Press One Broadway, 12th Floor, Cambridge, Massachusetts 02142, USA~…}
}

@misc{DeepSeek2024,
  author = {DeepSeek},
  title = {DeepSeek V2.5},
  year = {2024},
  url = {https://huggingface.co/deepseek-ai/DeepSeek-V2.5}
}

@article{zhu2024deepseekcoder,
  title={DeepSeek-Coder-V2: Breaking the Barrier of Closed-Source Models in Code Intelligence},
  author={Zhu, Qihao and Guo, Daya and Shao, Zhihong and Yang, Dejian and Wang, Peiyi and Xu, Runxin and Wu, Y and Li, Yukun and Gao, Huazuo and Ma, Shirong and others},
  journal={arXiv preprint arXiv:2406.11931},
  year={2024}
}

@article{zheng2023judging,
  title={Judging llm-as-a-judge with mt-bench and chatbot arena},
  author={Zheng, Lianmin and Chiang, Wei-Lin and Sheng, Ying and Zhuang, Siyuan and Wu, Zhanghao and Zhuang, Yonghao and Lin, Zi and Li, Zhuohan and Li, Dacheng and Xing, Eric and others},
  journal={Advances in Neural Information Processing Systems},
  volume={36},
  pages={46595--46623},
  year={2023}
}


@article{huang2024empirical,
  title={An empirical study of llm-as-a-judge for llm evaluation: Fine-tuned judge models are task-specific classifiers},
  author={Huang, Hui and Qu, Yingqi and Liu, Jing and Yang, Muyun and Zhao, Tiejun},
  journal={arXiv preprint arXiv:2403.02839},
  year={2024}
}

@inproceedings{xia2024fuzz4all,
  title={Fuzz4all: Universal fuzzing with large language models},
  author={Xia, Chunqiu Steven and Paltenghi, Matteo and Le Tian, Jia and Pradel, Michael and Zhang, Lingming},
  booktitle={Proceedings of the IEEE/ACM 46th International Conference on Software Engineering},
  pages={1--13},
  year={2024}
}

@inproceedings{nam2024using,
  title={Using an llm to help with code understanding},
  author={Nam, Daye and Macvean, Andrew and Hellendoorn, Vincent and Vasilescu, Bogdan and Myers, Brad},
  booktitle={Proceedings of the IEEE/ACM 46th International Conference on Software Engineering},
  pages={1--13},
  year={2024}
}

@article{meng2019developers,
  title={How developers use API documentation: an observation study},
  author={Meng, Michael and Steinhardt, Stephanie and Schubert, Andreas},
  journal={Communication Design Quarterly Review},
  volume={7},
  number={2},
  pages={40--49},
  year={2019},
  publisher={ACM New York, NY, USA}
}

@article{ryan2024code,
  title={Code-aware prompting: A study of coverage-guided test generation in regression setting using llm},
  author={Ryan, Gabriel and Jain, Siddhartha and Shang, Mingyue and Wang, Shiqi and Ma, Xiaofei and Ramanathan, Murali Krishna and Ray, Baishakhi},
  journal={Proceedings of the ACM on Software Engineering},
  volume={1},
  number={FSE},
  pages={951--971},
  year={2024},
  publisher={ACM New York, NY, USA}
}

@inproceedings{chen2024chatunitest,
  title={Chatunitest: A framework for llm-based test generation},
  author={Chen, Yinghao and Hu, Zehao and Zhi, Chen and Han, Junxiao and Deng, Shuiguang and Yin, Jianwei},
  booktitle={Companion Proceedings of the 32nd ACM International Conference on the Foundations of Software Engineering},
  pages={572--576},
  year={2024}
}

@article{yuan2023evaluating,
  title={Evaluating instruction-tuned large language models on code comprehension and generation},
  author={Yuan, Zhiqiang and Liu, Junwei and Zi, Qiancheng and Liu, Mingwei and Peng, Xin and Lou, Yiling},
  journal={arXiv preprint arXiv:2308.01240},
  year={2023}
}

@inproceedings{acharya2023llm,
  title={Llm based generation of item-description for recommendation system},
  author={Acharya, Arkadeep and Singh, Brijraj and Onoe, Naoyuki},
  booktitle={Proceedings of the 17th ACM Conference on Recommender Systems},
  pages={1204--1207},
  year={2023}
}

@inproceedings{dong2023towards,
  title={Towards next-generation intelligent assistants leveraging llm techniques},
  author={Dong, Xin Luna and Moon, Seungwhan and Xu, Yifan Ethan and Malik, Kshitiz and Yu, Zhou},
  booktitle={Proceedings of the 29th ACM SIGKDD Conference on Knowledge Discovery and Data Mining},
  pages={5792--5793},
  year={2023}
}

@article{loftus2020artificial,
  title={Artificial intelligence and surgical decision-making},
  author={Loftus, Tyler J and Tighe, Patrick J and Filiberto, Amanda C and Efron, Philip A and Brakenridge, Scott C and Mohr, Alicia M and Rashidi, Parisa and Upchurch, Gilbert R and Bihorac, Azra},
  journal={JAMA surgery},
  volume={155},
  number={2},
  pages={148--158},
  year={2020},
  publisher={American Medical Association}
}
@article{bruine2020decision,
  title={Decision-making competence: More than intelligence?},
  author={Bruine de Bruin, W{\"a}ndi and Parker, Andrew M and Fischhoff, Baruch},
  journal={Current Directions in Psychological Science},
  volume={29},
  number={2},
  pages={186--192},
  year={2020},
  publisher={Sage Publications Sage CA: Los Angeles, CA}
}

@inproceedings{lin2024one,
  title={One size does not fit all: Multi-granularity patch generation for better automated program repair},
  author={Lin, Bo and Wang, Shangwen and Wen, Ming and Chen, Liqian and Mao, Xiaoguang},
  booktitle={Proceedings of the 33rd ACM SIGSOFT International Symposium on Software Testing and Analysis},
  pages={1554--1566},
  year={2024}
}

@inproceedings{zhang2024lpr,
  title={Lpr: Large language models-aided program reduction},
  author={Zhang, Mengxiao and Tian, Yongqiang and Xu, Zhenyang and Dong, Yiwen and Tan, Shin Hwei and Sun, Chengnian},
  booktitle={Proceedings of the 33rd ACM SIGSOFT International Symposium on Software Testing and Analysis},
  pages={261--273},
  year={2024}
}

@inproceedings{donaldson2021test,
  title={Test-case reduction and deduplication almost for free with transformation-based compiler testing},
  author={Donaldson, Alastair F and Thomson, Paul and Teliman, Vasyl and Milizia, Stefano and Maselco, Andr{\'e} Perez and Karpi{\'n}ski, Antoni},
  booktitle={Proceedings of the 42nd ACM SIGPLAN International Conference on Programming Language Design and Implementation},
  pages={1017--1032},
  year={2021}
}

@article{tian2023caching,
  title={On the Caching Schemes to Speed Up Program Reduction},
  author={Tian, Yongqiang and Zhang, Xueyan and Dong, Yiwen and Xu, Zhenyang and Zhang, Mengxiao and Jiang, Yu and Cheung, Shing-Chi and Sun, Chengnian},
  journal={ACM Transactions on Software Engineering and Methodology},
  volume={33},
  number={1},
  pages={1--30},
  year={2023},
  publisher={ACM New York, NY, USA}
}

@inproceedings{wang2021probabilistic,
  title={Probabilistic delta debugging},
  author={Wang, Guancheng and Shen, Ruobing and Chen, Junjie and Xiong, Yingfei and Zhang, Lu},
  booktitle={Proceedings of the 29th ACM Joint Meeting on European Software Engineering Conference and Symposium on the Foundations of Software Engineering},
  pages={881--892},
  year={2021}
}

@article{xu2023pushing,
  title={Pushing the limit of 1-minimality of language-agnostic program reduction},
  author={Xu, Zhenyang and Tian, Yongqiang and Zhang, Mengxiao and Zhao, Gaosen and Jiang, Yu and Sun, Chengnian},
  journal={Proceedings of the ACM on Programming Languages},
  volume={7},
  number={OOPSLA1},
  pages={636--664},
  year={2023},
  publisher={ACM New York, NY, USA}
}

@inproceedings{ye2022neural,
  title={Neural program repair with execution-based backpropagation},
  author={Ye, He and Martinez, Matias and Monperrus, Martin},
  booktitle={Proceedings of the 44th International Conference on Software Engineering},
  pages={1506--1518},
  year={2022}
}

@inproceedings{lutellier2020coconut,
  title={CoCoNuT: combining context-aware neural translation models using ensemble for program repair},
  author={Lutellier, Thibaud and Pham, Hung Viet and Pang, Lawrence and Li, Yitong and Wei, Moshi and Tan, Lin},
  booktitle={Proceedings of the 29th ACM SIGSOFT International Symposium on Software Testing and Analysis},
  pages={101--114},
  doi = {10.1145/3395363.3397369},
  year={2020}
}

@inproceedings{xia2022less,
  title={Less training, more repairing please: revisiting automated program repair via zero-shot learning},
  author={Xia, Chunqiu Steven and Zhang, Lingming},
  booktitle={Proceedings of the 30th ACM Joint European Software Engineering Conference and Symposium on the Foundations of Software Engineering},
  pages={959--971},
  year={2022}
}

@article{yang2023seeing,
  title={Seeing the whole elephant: Systematically understanding and uncovering evaluation biases in automated program repair},
  author={Yang, Deheng and Lei, Yan and Mao, Xiaoguang and Qi, Yuhua and Yi, Xin},
  journal={ACM Transactions on Software Engineering and Methodology},
  volume={32},
  number={3},
  pages={1--37},
  year={2023},
  publisher={ACM New York, NY}
}

@article{yang2021were,
  title={Where were the repair ingredients for defects4j bugs? exploring the impact of repair ingredient retrieval on the performance of 24 program repair systems},
  author={Yang, Deheng and Liu, Kui and Kim, Dongsun and Koyuncu, Anil and Kim, Kisub and Tian, Haoye and Lei, Yan and Mao, Xiaoguang and Klein, Jacques and Bissyand{\'e}, Tegawend{\'e} F},
  journal={Empirical Software Engineering},
  volume={26},
  pages={1--33},
  year={2021},
  publisher={Springer}
}

@misc{busybox_website,
  title        = {BusyBox},
  howpublished = {\url{https://www.busybox.net/}},
  year         = {2024},
  month        = {October}
}

@article{gao2023retrieval,
  title={Retrieval-augmented generation for large language models: A survey},
  author={Gao, Yunfan and Xiong, Yun and Gao, Xinyu and Jia, Kangxiang and Pan, Jinliu and Bi, Yuxi and Dai, Yi and Sun, Jiawei and Wang, Haofen},
  journal={arXiv preprint arXiv:2312.10997},
  year={2023}
}

@article{ma2023query,
  title={Query rewriting for retrieval-augmented large language models},
  author={Ma, Xinbei and Gong, Yeyun and He, Pengcheng and Zhao, Hai and Duan, Nan},
  journal={arXiv preprint arXiv:2305.14283},
  year={2023}
}

@article{cheng2024lift,
  title={Lift yourself up: Retrieval-augmented text generation with self-memory},
  author={Cheng, Xin and Luo, Di and Chen, Xiuying and Liu, Lemao and Zhao, Dongyan and Yan, Rui},
  journal={Advances in Neural Information Processing Systems},
  volume={36},
  year={2024}
}

@article{parvez2021retrieval,
  title={Retrieval augmented code generation and summarization},
  author={Parvez, Md Rizwan and Ahmad, Wasi Uddin and Chakraborty, Saikat and Ray, Baishakhi and Chang, Kai-Wei},
  journal={arXiv preprint arXiv:2108.11601},
  year={2021}
}

@article{zhuang2023open,
  title={Open-source large language models are strong zero-shot query likelihood models for document ranking},
  author={Zhuang, Shengyao and Liu, Bing and Koopman, Bevan and Zuccon, Guido},
  journal={arXiv preprint arXiv:2310.13243},
  year={2023}
}

@article{matsumoto2024kragen,
  title={KRAGEN: a knowledge graph-enhanced RAG framework for biomedical problem solving using large language models},
  author={Matsumoto, Nicholas and Moran, Jay and Choi, Hyunjun and Hernandez, Miguel E and Venkatesan, Mythreye and Wang, Paul and Moore, Jason H},
  journal={Bioinformatics},
  volume={40},
  number={6},
  year={2024},
  publisher={Oxford Academic}
}

@article{wen2023mindmap,
  title={Mindmap: Knowledge graph prompting sparks graph of thoughts in large language models},
  author={Wen, Yilin and Wang, Zifeng and Sun, Jimeng},
  journal={arXiv preprint arXiv:2308.09729},
  year={2023}
}

@article{wang2023query2doc,
  title={Query2doc: Query expansion with large language models},
  author={Wang, Liang and Yang, Nan and Wei, Furu},
  journal={arXiv preprint arXiv:2303.07678},
  year={2023}
}

@inproceedings{tan2024small,
    title = "Small Models, Big Insights: Leveraging Slim Proxy Models To Decide When and What to Retrieve for {LLM}s",
    author = "Tan, Jiejun  and
      Dou, Zhicheng  and
      Zhu, Yutao  and
      Guo, Peidong  and
      Fang, Kun  and
      Wen, Ji-Rong",
    editor = "Ku, Lun-Wei  and
      Martins, Andre  and
      Srikumar, Vivek",
    booktitle = "Proceedings of the 62nd Annual Meeting of the Association for Computational Linguistics (Volume 1: Long Papers)",
    month = aug,
    year = "2024",
    address = "Bangkok, Thailand",
    publisher = "Association for Computational Linguistics",
    url = "https://aclanthology.org/2024.acl-long.242",
    doi = "10.18653/v1/2024.acl-long.242",
    pages = "4420--4436",

}

@article{li2023classification,
  title={From classification to generation: Insights into crosslingual retrieval augmented icl},
  author={Li, Xiaoqian and Nie, Ercong and Liang, Sheng},
  journal={arXiv preprint arXiv:2311.06595},
  year={2023}
}

@article{glass2022re2g,
  title={Re2G: Retrieve, rerank, generate},
  author={Glass, Michael and Rossiello, Gaetano and Chowdhury, Md Faisal Mahbub and Naik, Ankita Rajaram and Cai, Pengshan and Gliozzo, Alfio},
  journal={arXiv preprint arXiv:2207.06300},
  year={2022}
}

@article{rackauckas2024rag,
  title={Rag-fusion: a new take on retrieval-augmented generation},
  author={Rackauckas, Zackary},
  journal={arXiv preprint arXiv:2402.03367},
  year={2024}
}

@inproceedings{zhang2023syntax,
  title={Syntax-aware retrieval augmented code generation},
  author={Zhang, Xiangyu and Zhou, Yu and Yang, Guang and Chen, Taolue},
  booktitle={Findings of the Association for Computational Linguistics: EMNLP 2023},
  pages={1291--1302},
  year={2023}
}

@article{zhang2023repocoder,
  title={Repocoder: Repository-level code completion through iterative retrieval and generation},
  author={Zhang, Fengji and Chen, Bei and Zhang, Yue and Keung, Jacky and Liu, Jin and Zan, Daoguang and Mao, Yi and Lou, Jian-Guang and Chen, Weizhu},
  journal={arXiv preprint arXiv:2303.12570},
  year={2023}
}

@article{zan2022language,
  title={When language model meets private library},
  author={Zan, Daoguang and Chen, Bei and Lin, Zeqi and Guan, Bei and Wang, Yongji and Lou, Jian-Guang},
  journal={arXiv preprint arXiv:2210.17236},
  year={2022}
}

@inproceedings{su2024evor,
  title={EvoR: Evolving Retrieval for Code Generation},
  author={Su, Hongjin and Jiang, Shuyang and Lai, Yuhang and Wu, Haoyuan and Shi, Boao and Liu, Che and Liu, Qian and Yu, Tao},
  booktitle={Findings of the Association for Computational Linguistics: EMNLP 2024},
  pages={2538--2554},
  year={2024}
}

@article{zhang2024codeagent,
  title={Codeagent: Enhancing code generation with tool-integrated agent systems for real-world repo-level coding challenges},
  author={Zhang, Kechi and Li, Jia and Li, Ge and Shi, Xianjie and Jin, Zhi},
  journal={arXiv preprint arXiv:2401.07339},
  year={2024}
}

@article{zhang2023toolcoder,
  title={Toolcoder: Teach code generation models to use api search tools},
  author={Zhang, Kechi and Zhang, Huangzhao and Li, Ge and Li, Jia and Li, Zhuo and Jin, Zhi},
  journal={arXiv preprint arXiv:2305.04032},
  year={2023}
}

@inproceedings{wang2023rap,
  title={Rap-gen: Retrieval-augmented patch generation with codet5 for automatic program repair},
  author={Wang, Weishi and Wang, Yue and Joty, Shafiq and Hoi, Steven CH},
  booktitle={Proceedings of the 31st ACM Joint European Software Engineering Conference and Symposium on the Foundations of Software Engineering},
  pages={146--158},
  year={2023}
}

@article{tan2024prompt,
  title={Prompt-based Code Completion via Multi-Retrieval Augmented Generation},
  author={Tan, Hanzhuo and Luo, Qi and Jiang, Ling and Zhan, Zizheng and Li, Jing and Zhang, Haotian and Zhang, Yuqun},
  journal={arXiv preprint arXiv:2405.07530},
  year={2024}
}

@article{liu2024empirical,
  title={An empirical study on low code programming using traditional vs large language model support},
  author={Liu, Yongkun and Chen, Jiachi and Bi, Tingting and Grundy, John and Wang, Yanlin and Yu, Jianxing and Chen, Ting and Tang, Yutian and Zheng, Zibin},
  journal={arXiv preprint arXiv:2402.01156},
  year={2024}
}



@article{chang2024survey,
  title={A survey on evaluation of large language models},
  author={Chang, Yupeng and Wang, Xu and Wang, Jindong and Wu, Yuan and Yang, Linyi and Zhu, Kaijie and Chen, Hao and Yi, Xiaoyuan and Wang, Cunxiang and Wang, Yidong and others},
  journal={ACM Transactions on Intelligent Systems and Technology},
  volume={15},
  number={3},
  pages={1--45},
  year={2024},
  publisher={ACM New York, NY}
}


@article{ge2024openagi,
  title={Openagi: When llm meets domain experts},
  author={Ge, Yingqiang and Hua, Wenyue and Mei, Kai and Tan, Juntao and Xu, Shuyuan and Li, Zelong and Zhang, Yongfeng and others},
  journal={Advances in Neural Information Processing Systems},
  volume={36},
  year={2024}
}

@article{touvron2023llama,
  title={Llama 2: Open foundation and fine-tuned chat models},
  author={Touvron, Hugo and Martin, Louis and Stone, Kevin and Albert, Peter and Almahairi, Amjad and Babaei, Yasmine and Bashlykov, Nikolay and Batra, Soumya and Bhargava, Prajjwal and Bhosale, Shruti and others},
  journal={arXiv preprint arXiv:2307.09288},
  year={2023}
}

@article{roziere2023code,
  title={Code llama: Open foundation models for code},
  author={Roziere, Baptiste and Gehring, Jonas and Gloeckle, Fabian and Sootla, Sten and Gat, Itai and Tan, Xiaoqing Ellen and Adi, Yossi and Liu, Jingyu and Sauvestre, Romain and Remez, Tal and others},
  journal={arXiv preprint arXiv:2308.12950},
  year={2023}
}

@article{chen2021evaluating,
  title={Evaluating large language models trained on code},
  author={Chen, Mark and Tworek, Jerry and Jun, Heewoo and Yuan, Qiming and Pinto, Henrique Ponde De Oliveira and Kaplan, Jared and Edwards, Harri and Burda, Yuri and Joseph, Nicholas and Brockman, Greg and others},
  journal={arXiv preprint arXiv:2107.03374},
  year={2021}
}

@misc{SecureLearningLab2024,
  author = {{Secure Learning Lab}},
  title = {LLM Safety Leaderboard},
  year = {2024},
  howpublished = {\url{https://huggingface.co/spaces/AI-Secure/llm-trustworthy-leaderboard}},
  note = {Accessed: 2024-10-01}
}

@misc{ollama_website,
  author = {Ollama},
  title = {Ollama framework},
  year = {2023},
  howpublished = {\url{https://ollama.com/}},
  note = {Accessed: 2024-10-01}
}

@article{dubey2024llama,
  title={The llama 3 herd of models},
  author={Dubey, Abhimanyu and Jauhri, Abhinav and Pandey, Abhinav and Kadian, Abhishek and Al-Dahle, Ahmad and Letman, Aiesha and Mathur, Akhil and Schelten, Alan and Yang, Amy and Fan, Angela and others},
  journal={arXiv preprint arXiv:2407.21783},
  year={2024}
}

@article{boland2012juliet,
  title={Juliet 1. 1 C/C++ and java test suite},
  author={Boland, Tim and Black, Paul E},
  journal={Computer},
  volume={45},
  number={10},
  pages={88--90},
  year={2012},
  publisher={Institute of Electrical and Electronics Engineers, Inc., 3 Park Avenue, 17~…}
}

@inproceedings{nikitopoulos2021crossvul,
  title={CrossVul: a cross-language vulnerability dataset with commit data},
  author={Nikitopoulos, Georgios and Dritsa, Konstantina and Louridas, Panos and Mitropoulos, Dimitris},
  booktitle={Proceedings of the 29th ACM Joint Meeting on European Software Engineering Conference and Symposium on the Foundations of Software Engineering},
  pages={1565--1569},
  year={2021}
}

@inproceedings{wang2024reposvul,
  title={ReposVul: A Repository-Level High-Quality Vulnerability Dataset},
  author={Wang, Xinchen and Hu, Ruida and Gao, Cuiyun and Wen, Xin-Cheng and Chen, Yujia and Liao, Qing},
  booktitle={Proceedings of the 2024 IEEE/ACM 46th International Conference on Software Engineering: Companion Proceedings},
  pages={472--483},
  year={2024}
}

@inproceedings{chen2024rmcbench,
  title={RMCBench: Benchmarking Large Language Models' Resistance to Malicious Code},
  author={Chen, Jiachi and Zhong, Qingyuan and Wang, Yanlin and Ning, Kaiwen and Liu, Yongkun and Xu, Zenan and Zhao, Zhe and Chen, Ting and Zheng, Zibin},
  booktitle={Proceedings of the 39th IEEE/ACM International Conference on Automated Software Engineering},
  pages={995--1006},
  year={2024}
}

@inproceedings{zhang2024prompt,
  title={Prompt-enhanced software vulnerability detection using chatgpt},
  author={Zhang, Chenyuan and Liu, Hao and Zeng, Jiutian and Yang, Kejing and Li, Yuhong and Li, Hui},
  booktitle={Proceedings of the 2024 IEEE/ACM 46th International Conference on Software Engineering: Companion Proceedings},
  pages={276--277},
  year={2024}
}

@misc{openai_gpt4o,
  author = {OpenAI},
  title = {GPT-4o},
  howpublished = {\url{https://platform.openai.com/docs/models#gpt-4}},
}

@inproceedings{gao2024preference,
  title={Preference-Guided Refactored Tuning for Retrieval Augmented Code Generation},
  author={Gao, Xinyu and Xiong, Yun and Wang, Deze and Guan, Zhenhan and Shi, Zejian and Wang, Haofen and Li, Shanshan},
  booktitle={Proceedings of the 39th IEEE/ACM International Conference on Automated Software Engineering},
  pages={65--77},
  year={2024}
}

@article{wang2024coderag,
  title={CodeRAG-Bench: Can Retrieval Augment Code Generation?},
  author={Wang, Zora Zhiruo and Asai, Akari and Yu, Xinyan Velocity and Xu, Frank F and Xie, Yiqing and Neubig, Graham and Fried, Daniel},
  journal={arXiv preprint arXiv:2406.14497},
  year={2024}
}

@article{sturua2024jina,
  title={jina-embeddings-v3: Multilingual embeddings with task lora},
  author={Sturua, Saba and Mohr, Isabelle and Akram, Mohammad Kalim and G{\"u}nther, Michael and Wang, Bo and Krimmel, Markus and Wang, Feng and Mastrapas, Georgios and Koukounas, Andreas and Wang, Nan and others},
  journal={arXiv preprint arXiv:2409.10173},
  year={2024}
}

@misc{OpenAI_Embeddings,
  title = {OpenAI Models - Embeddings},
  author = {{OpenAI}},
  howpublished = {\url{https://platform.openai.com/docs/models/gpt#embeddings}},
  note = {Accessed: 2024-10-01},
  year = {2024}
}

@article{sparck1972statistical,
  title={A statistical interpretation of term specificity and its application in retrieval},
  author={Sparck Jones, Karen},
  journal={Journal of documentation},
  volume={28},
  number={1},
  pages={11--21},
  year={1972},
  publisher={MCB UP Ltd}
}

@article{guo2024deepseek,
  title={DeepSeek-Coder: When the Large Language Model Meets Programming--The Rise of Code Intelligence},
  author={Guo, Daya and Zhu, Qihao and Yang, Dejian and Xie, Zhenda and Dong, Kai and Zhang, Wentao and Chen, Guanting and Bi, Xiao and Wu, Yu and Li, YK and others},
  journal={arXiv preprint arXiv:2401.14196},
  year={2024}
}

@article{kocetkov2022stack,
    title={The stack: 3 tb of permissively licensed source code
    }, author={Kocetkov, Denis and Li, Raymond and Allal, Loubna Ben and Li, Jia and Mou, Chenghao and Ferrandis, Carlos Mu{\~n
        }oz and Jernite, Yacine and Mitchell, Margaret and Hughes, Sean and Wolf, Thomas and others
    }, journal={arXiv preprint arXiv: 2211.15533
    }, year={
        2022
    }
}

@misc{CWE_Top25_2024,
  author = {{MITRE Corporation}},
  title = {2024 CWE Top 25 Most Dangerous Software Weaknesses},
  year = {2024},
  url = {https://cwe.mitre.org/top25/archive/2024/2024_cwe_top25.html},
  note = {Accessed: 2024-10-01},
  howpublished = {\url{https://cwe.mitre.org/top25/archive/2024/2024_cwe_top25.html}}
}

@article{tihanyi2025secure,
  title={How secure is AI-generated code: a large-scale comparison of large language models},
  author={Tihanyi, Norbert and Bisztray, Tamas and Ferrag, Mohamed Amine and Jain, Ridhi and Cordeiro, Lucas C},
  journal={Empirical Software Engineering},
  volume={30},
  number={2},
  pages={1--42},
  year={2025},
  publisher={Springer}
}

@inproceedings{khoury2023secure,
  title={How secure is code generated by chatgpt?},
  author={Khoury, Rapha{\"e}l and Avila, Anderson R and Brunelle, Jacob and Camara, Baba Mamadou},
  booktitle={2023 IEEE International Conference on Systems, Man, and Cybernetics (SMC)},
  pages={2445--2451},
  year={2023},
  organization={IEEE}
}

@article{wang2024fusing,
  title={Fusing Code Searchers},
  author={Wang, Shangwen and Geng, Mingyang and Lin, Bo and Sun, Zhensu and Wen, Ming and Liu, Yepang and Li, Li and Bissyand{\'e}, Tegawend{\'e} F and Mao, Xiaoguang},
  journal={IEEE Transactions on Software Engineering},
  year={2024},
  publisher={IEEE}
}

@article{wang2024benchmark,
  title={Benchmark Self-Evolving: A Multi-Agent Framework for Dynamic LLM Evaluation},
  author={Wang, Siyuan and Long, Zhuohan and Fan, Zhihao and Wei, Zhongyu and Huang, Xuanjing},
  journal={arXiv preprint arXiv:2402.11443},
  year={2024}
}

@inproceedings{jain2022jigsaw,
  title={Jigsaw: Large language models meet program synthesis},
  author={Jain, Naman and Vaidyanath, Skanda and Iyer, Arun and Natarajan, Nagarajan and Parthasarathy, Suresh and Rajamani, Sriram and Sharma, Rahul},
  booktitle={Proceedings of the 44th International Conference on Software Engineering},
  pages={1219--1231},
  year={2022}
}

@inproceedings{klemmer2024using,
  title={Using AI Assistants in Software Development: A Qualitative Study on Security Practices and Concerns},
  author={Klemmer, Jan H and Horstmann, Stefan Albert and Patnaik, Nikhil and Ludden, Cordelia and Burton Jr, Cordell and Powers, Carson and Massacci, Fabio and Rahman, Akond and Votipka, Daniel and Lipford, Heather Richter and others},
  booktitle={Proceedings of the 2024 on ACM SIGSAC Conference on Computer and Communications Security},
  pages={2726--2740},
  year={2024}
}

@inproceedings{pearce2022asleep,
  title={Asleep at the keyboard? assessing the security of github copilot’s code contributions},
  author={Pearce, Hammond and Ahmad, Baleegh and Tan, Benjamin and Dolan-Gavitt, Brendan and Karri, Ramesh},
  booktitle={2022 IEEE Symposium on Security and Privacy (SP)},
  pages={754--768},
  year={2022},
  organization={IEEE}
}

@inproceedings{dolan2016lava,
  title={Lava: Large-scale automated vulnerability addition},
  author={Dolan-Gavitt, Brendan and Hulin, Patrick and Kirda, Engin and Leek, Tim and Mambretti, Andrea and Robertson, Wil and Ulrich, Frederick and Whelan, Ryan},
  booktitle={2016 IEEE symposium on security and privacy (SP)},
  pages={110--121},
  year={2016},
  organization={IEEE}
}

@inproceedings{lin2022vulnerability,
  title={Vulnerability dataset construction methods applied to vulnerability detection: A survey},
  author={Lin, Yuhao and Li, Ying and Gu, Mianxue and Sun, Hongyu and Yue, Qiuling and Hu, Jinglu and Cao, Chunjie and Zhang, Yuqing},
  booktitle={2022 52nd Annual IEEE/IFIP International Conference on Dependable Systems and Networks Workshops (DSN-W)},
  pages={141--146},
  year={2022},
  organization={IEEE}
}

@article{shiri2024systematic,
  title={A Systematic Literature Review on Automated Software Vulnerability Detection Using Machine Learning},
  author={Shiri Harzevili, Nima and Boaye Belle, Alvine and Wang, Junjie and Wang, Song and Jiang, Zhen Ming and Nagappan, Nachiappan},
  journal={ACM Computing Surveys},
  volume={57},
  number={3},
  pages={1--36},
  year={2024},
  publisher={ACM New York, NY}
}

@inproceedings{bhandari2021cvefixes,
  title={CVEfixes: automated collection of vulnerabilities and their fixes from open-source software},
  author={Bhandari, Guru and Naseer, Amara and Moonen, Leon},
  booktitle={Proceedings of the 17th International Conference on Predictive Models and Data Analytics in Software Engineering},
  pages={30--39},
  year={2021}
}

@inproceedings{zheng2021d2a,
  title={D2a: A dataset built for ai-based vulnerability detection methods using differential analysis},
  author={Zheng, Yunhui and Pujar, Saurabh and Lewis, Burn and Buratti, Luca and Epstein, Edward and Yang, Bo and Laredo, Jim and Morari, Alessandro and Su, Zhong},
  booktitle={2021 IEEE/ACM 43rd International Conference on Software Engineering: Software Engineering in Practice (ICSE-SEIP)},
  pages={111--120},
  year={2021},
  organization={IEEE}
}

@inproceedings{chen2023diversevul,
  title={Diversevul: A new vulnerable source code dataset for deep learning based vulnerability detection},
  author={Chen, Yizheng and Ding, Zhoujie and Alowain, Lamya and Chen, Xinyun and Wagner, David},
  booktitle={Proceedings of the 26th International Symposium on Research in Attacks, Intrusions and Defenses},
  pages={654--668},
  year={2023}
}
@misc{go-ethereum,
  author       = {The Ethereum Foundation},
  title        = {go-ethereum: Official Go implementation of the Ethereum protocol},
  year         = {2024},
  howpublished = {\url{https://github.com/ethereum/go-ethereum}},
}

@article{chakraborty2021deep,
  title={Deep learning based vulnerability detection: Are we there yet?},
  author={Chakraborty, Saikat and Krishna, Rahul and Ding, Yangruibo and Ray, Baishakhi},
  journal={IEEE Transactions on Software Engineering},
  volume={48},
  number={9},
  pages={3280--3296},
  year={2021},
  publisher={IEEE}
}

@misc{nvd,
  author       = {{National Institute of Standards and Technology (NIST)}},
  title        = {National Vulnerability Database (NVD)},
  year         = {2023},
  howpublished = {\url{https://nvd.nist.gov/}},
  note         = {Accessed: 2023-10-05}
}

@article{black2018software,
  title={A software assurance reference dataset: Thousands of programs with known bugs},
  author={Black, Paul E},
  journal={Journal of research of the National Institute of Standards and Technology},
  volume={123},
  pages={1},
  year={2018},
  publisher={National Institute of Standards and Technology}
}

@inproceedings{durieux2020empirical,
  title={Empirical review of automated analysis tools on 47,587 ethereum smart contracts},
  author={Durieux, Thomas and Ferreira, Jo{\~a}o F and Abreu, Rui and Cruz, Pedro},
  booktitle={Proceedings of the ACM/IEEE 42nd International conference on software engineering},
  pages={530--541},
  year={2020}
}

@inproceedings{ghaleb2020effective,
  title={How effective are smart contract analysis tools? evaluating smart contract static analysis tools using bug injection},
  author={Ghaleb, Asem and Pattabiraman, Karthik},
  booktitle={Proceedings of the 29th ACM SIGSOFT International Symposium on Software Testing and Analysis},
  pages={415--427},
  year={2020}
}

@inproceedings{fan2020ac,
  title={AC/C++ code vulnerability dataset with code changes and CVE summaries},
  author={Fan, Jiahao and Li, Yi and Wang, Shaohua and Nguyen, Tien N},
  booktitle={Proceedings of the 17th International Conference on Mining Software Repositories},
  pages={508--512},
  year={2020}
}



@inproceedings{liu2018trojaning,
  title={Trojaning attack on neural networks},
  author={Liu, Yingqi and Ma, Shiqing and Aafer, Yousra and Lee, Wen-Chuan and Zhai, Juan and Wang, Weihang and Zhang, Xiangyu},
  booktitle={25th Annual Network And Distributed System Security Symposium (NDSS 2018)},
  year={2018},
  organization={Internet Soc}
}

@inproceedings{biggio2018wild,
  title={Wild patterns: Ten years after the rise of adversarial machine learning},
  author={Biggio, Battista and Roli, Fabio},
  booktitle={Proceedings of the 2018 ACM SIGSAC Conference on Computer and Communications Security},
  pages={2154--2156},
  year={2018}
}

@article{zou2024poisonedrag,
  title={Poisonedrag: Knowledge poisoning attacks to retrieval-augmented generation of large language models},
  author={Zou, Wei and Geng, Runpeng and Wang, Binghui and Jia, Jinyuan},
  journal={arXiv preprint arXiv:2402.07867},
  year={2024}
}

@article{liu2023prompt,
  title={Prompt injection attacks and defenses in llm-integrated applications},
  author={Liu, Yupei and Jia, Yuqi and Geng, Runpeng and Jia, Jinyuan and Gong, Neil Zhenqiang},
  journal={arXiv preprint arXiv:2310.12815},
  year={2023}
}

@inproceedings{eghbali2022crystalbleu,
  title={CrystalBLEU: precisely and efficiently measuring the similarity of code},
  author={Eghbali, Aryaz and Pradel, Michael},
  booktitle={Proceedings of the 37th IEEE/ACM International Conference on Automated Software Engineering},
  pages={1--12},
  year={2022}
}

@inproceedings{phan2023evaluating,
  title={Evaluating and Optimizing the Effectiveness of Neural Machine Translation in Supporting Code Retrieval Models: A Study on the CAT Benchmark},
  author={Phan, Hung and Jannesari, Ali},
  booktitle={Proceedings of the 32nd ACM International Conference on Information and Knowledge Management},
  pages={2055--2064},
  year={2023}
}

@inproceedings{storhaug2023efficient,
  title={Efficient avoidance of vulnerabilities in auto-completed smart contract code using vulnerability-constrained decoding},
  author={Storhaug, Andr{\'e} and Li, Jingyue and Hu, Tianyuan},
  booktitle={2023 IEEE 34th International Symposium on Software Reliability Engineering (ISSRE)},
  pages={683--693},
  year={2023},
  organization={IEEE}
}

@article{bholowalia2014ebk,
  title={EBK-means: A clustering technique based on elbow method and k-means in WSN},
  author={Bholowalia, Purnima and Kumar, Arvind},
  journal={International Journal of Computer Applications},
  volume={105},
  number={9},
  year={2014},
  publisher={Citeseer}
}

@inproceedings{macqueen1967some,
  title={Some methods for classification and analysis of multivariate observations},
  author={MacQueen, James and others},
  booktitle={Proceedings of the fifth Berkeley symposium on mathematical statistics and probability},
  volume={1},
  number={14},
  pages={281--297},
  year={1967},
  organization={Oakland, CA, USA}
}

@article{ouyang2024empirical,
  title={An empirical study of the non-determinism of chatgpt in code generation},
  author={Ouyang, Shuyin and Zhang, Jie M and Harman, Mark and Wang, Meng},
  journal={ACM Transactions on Software Engineering and Methodology},
  year={2024},
  publisher={ACM New York, NY}
}

@misc{blackduck2024,
  author = {Black Duck},
  title = {Open Source Security Risk Analysis },
  year = {2024},
  url = {https://www.blackduck.com/resources/analyst-reports/open-source-security-risk-analysis.html},
}

@misc{microsoft2024,
  author = {Microsoft},
  title = {Retrieval-Augmented Generation (RAG) in Azure Machine Learning},
  year = {2024},
  url = {https://learn.microsoft.com/en-us/azure/machine-learning/concept-retrieval-augmented-generation},
}

@misc{openai2024,
  author = {OpenAI},
  title = {ChatGPT Retrieval Plugin},
  year = {2024},
  url = {https://github.com/openai/chatgpt-retrieval-plugin},
}

@article{wang2020generalizing,
  title={Generalizing from a few examples: A survey on few-shot learning},
  author={Wang, Yaqing and Yao, Quanming and Kwok, James T and Ni, Lionel M},
  journal={ACM computing surveys (csur)},
  volume={53},
  number={3},
  pages={1--34},
  year={2020},
  publisher={ACM New York, NY, USA}
}

@article{song2023comprehensive,
  title={A comprehensive survey of few-shot learning: Evolution, applications, challenges, and opportunities},
  author={Song, Yisheng and Wang, Ting and Cai, Puyu and Mondal, Subrota K and Sahoo, Jyoti Prakash},
  journal={ACM Computing Surveys},
  volume={55},
  number={13s},
  pages={1--40},
  year={2023},
  publisher={ACM New York, NY}
}

@article{du2024vul,
  title={Vul-RAG: Enhancing LLM-based Vulnerability Detection via Knowledge-level RAG},
  author={Du, Xueying and Zheng, Geng and Wang, Kaixin and Feng, Jiayi and Deng, Wentai and Liu, Mingwei and Chen, Bihuan and Peng, Xin and Ma, Tao and Lou, Yiling},
  journal={arXiv preprint arXiv:2406.11147},
  year={2024}
}

@article{zhang2024hijackrag,
  title={HijackRAG: Hijacking Attacks against Retrieval-Augmented Large Language Models},
  author={Zhang, Yucheng and Li, Qinfeng and Du, Tianyu and Zhang, Xuhong and Zhao, Xinkui and Feng, Zhengwen and Yin, Jianwei},
  journal={arXiv preprint arXiv:2410.22832},
  year={2024}
}

@inproceedings{carlini2024poisoning,
  title={Poisoning web-scale training datasets is practical},
  author={Carlini, Nicholas and Jagielski, Matthew and Choquette-Choo, Christopher A and Paleka, Daniel and Pearce, Will and Anderson, Hyrum and Terzis, Andreas and Thomas, Kurt and Tram{\`e}r, Florian},
  booktitle={2024 IEEE Symposium on Security and Privacy (SP)},
  pages={407--425},
  year={2024},
  organization={IEEE}
}

@article{biggio2012poisoning,
  title={Poisoning attacks against support vector machines},
  author={Biggio, Battista and Nelson, Blaine and Laskov, Pavel},
  journal={arXiv preprint arXiv:1206.6389},
  year={2012}
}

@article{shafahi2018poison,
  title={Poison frogs! targeted clean-label poisoning attacks on neural networks},
  author={Shafahi, Ali and Huang, W Ronny and Najibi, Mahyar and Suciu, Octavian and Studer, Christoph and Dumitras, Tudor and Goldstein, Tom},
  journal={Advances in neural information processing systems},
  volume={31},
  year={2018}
}

@article{wei2024jailbroken,
  title={Jailbroken: How does llm safety training fail?},
  author={Wei, Alexander and Haghtalab, Nika and Steinhardt, Jacob},
  journal={Advances in Neural Information Processing Systems},
  volume={36},
  year={2024}
}

@article{zou2023universal,
  title={Universal and transferable adversarial attacks on aligned language models},
  author={Zou, Andy and Wang, Zifan and Carlini, Nicholas and Nasr, Milad and Kolter, J Zico and Fredrikson, Matt},
  journal={arXiv preprint arXiv:2307.15043},
  year={2023}
}

@inproceedings{deng2024masterkey,
  title={Masterkey: Automated jailbreaking of large language model chatbots},
  author={Deng, Gelei and Liu, Yi and Li, Yuekang and Wang, Kailong and Zhang, Ying and Li, Zefeng and Wang, Haoyu and Zhang, Tianwei and Liu, Yang},
  booktitle={Proc. ISOC NDSS},
  year={2024}
}

@inproceedings{qi2024visual,
  title={Visual adversarial examples jailbreak aligned large language models},
  author={Qi, Xiangyu and Huang, Kaixuan and Panda, Ashwinee and Henderson, Peter and Wang, Mengdi and Mittal, Prateek},
  booktitle={Proceedings of the AAAI Conference on Artificial Intelligence},
  volume={38},
  number={19},
  pages={21527--21536},
  year={2024}
}

@article{li2023multi,
  title={Multi-step jailbreaking privacy attacks on chatgpt},
  author={Li, Haoran and Guo, Dadi and Fan, Wei and Xu, Mingshi and Huang, Jie and Meng, Fanpu and Song, Yangqiu},
  journal={arXiv preprint arXiv:2304.05197},
  year={2023}
}

@article{perez2022ignore,
  title={Ignore previous prompt: Attack techniques for language models},
  author={Perez, F{\'a}bio and Ribeiro, Ian},
  journal={arXiv preprint arXiv:2211.09527},
  year={2022}
}

@article{pedro2023prompt,
  title={From prompt injections to sql injection attacks: How protected is your llm-integrated web application?},
  author={Pedro, Rodrigo and Castro, Daniel and Carreira, Paulo and Santos, Nuno},
  journal={arXiv preprint arXiv:2308.01990},
  year={2023}
}

@inproceedings{liu2024formalizing,
  title={Formalizing and benchmarking prompt injection attacks and defenses},
  author={Liu, Yupei and Jia, Yuqi and Geng, Runpeng and Jia, Jinyuan and Gong, Neil Zhenqiang},
  booktitle={33rd USENIX Security Symposium (USENIX Security 24)},
  pages={1831--1847},
  year={2024}
}

@misc{githut2024,
  author       = {madnight},
  title        = {GitHub Language Statistics (GitHut)},
  year         = {2024},
  url          = {https://madnight.github.io/githut/#/pull_requests/2024/1},
}

@article{liu2020determine,
  title={Determine the number of unknown targets in open world based on elbow method},
  author={Liu, Fan and Deng, Yong},
  journal={IEEE Transactions on Fuzzy Systems},
  volume={29},
  number={5},
  pages={986--995},
  year={2020},
  publisher={IEEE}
}

@article{cui2020introduction,
  title={Introduction to the k-means clustering algorithm based on the elbow method},
  author={Cui, Mengyao and others},
  journal={Accounting, Auditing and Finance},
  volume={1},
  number={1},
  pages={5--8},
  year={2020},
  publisher={Clausius Scientific Press}
}

@inproceedings{syakur2018integration,
  title={Integration k-means clustering method and elbow method for identification of the best customer profile cluster},
  author={Syakur, Muhammad Ali and Khotimah, B Khusnul and Rochman, EMS and Satoto, Budi Dwi},
  booktitle={IOP conference series: materials science and engineering},
  volume={336},
  pages={012017},
  year={2018},
  organization={IOP Publishing}
}