@article{beit,
  title={Beit: Bert pre-training of image transformers},
  author={Bao, Hangbo and Dong, Li and Piao, Songhao and Wei, Furu},
  journal={arXiv preprint arXiv:2106.08254},
  year={2021}
}

@article{bias,
  title={The hidden uniform cluster prior in self-supervised learning},
  author={Assran, Mahmoud and Balestriero, Randall and Duval, Quentin and Bordes, Florian and Misra, Ishan and Bojanowski, Piotr and Vincent, Pascal and Rabbat, Michael and Ballas, Nicolas},
  journal={arXiv preprint arXiv:2210.07277},
  year={2022}
}

@article{cae,
  title={Context autoencoder for self-supervised representation learning},
  author={Chen, Xiaokang and Ding, Mingyu and Wang, Xiaodi and Xin, Ying and Mo, Shentong and Wang, Yunhao and Han, Shumin and Luo, Ping and Zeng, Gang and Wang, Jingdong},
  journal={International Journal of Computer Vision},
  volume={132},
  number={1},
  pages={208--223},
  year={2024},
  publisher={Springer}
}

@article{cmae,
  title={Context autoencoder for self-supervised representation learning},
  author={Chen, Xiaokang and Ding, Mingyu and Wang, Xiaodi and Xin, Ying and Mo, Shentong and Wang, Yunhao and Han, Shumin and Luo, Ping and Zeng, Gang and Wang, Jingdong},
  journal={International Journal of Computer Vision},
  volume={132},
  number={1},
  pages={208--223},
  year={2024},
  publisher={Springer}
}

@inproceedings{gvsl,
  title={Geometric visual similarity learning in 3d medical image self-supervised pre-training},
  author={He, Yuting and Yang, Guanyu and Ge, Rongjun and Chen, Yang and Coatrieux, Jean-Louis and Wang, Boyu and Li, Shuo},
  booktitle={Proceedings of the IEEE/CVF Conference on Computer Vision and Pattern Recognition},
  pages={9538--9547},
  year={2023}
}

@inproceedings{highlevel,
  title={Masked siamese networks for label-efficient learning},
  author={Assran, Mahmoud and Caron, Mathilde and Misra, Ishan and Bojanowski, Piotr and Bordes, Florian and Vincent, Pascal and Joulin, Armand and Rabbat, Mike and Ballas, Nicolas},
  booktitle={European Conference on Computer Vision},
  pages={456--473},
  year={2022},
  organization={Springer}
}

@inproceedings{hyspark,
  title={HySparK: Hybrid Sparse Masking for Large Scale Medical Image Pre-training},
  author={Tang, Fenghe and Xu, Ronghao and Yao, Qingsong and Fu, Xueming and Quan, Quan and Zhu, Heqin and Liu, Zaiyi and Zhou, S Kevin},
  booktitle={International Conference on Medical Image Computing and Computer-Assisted Intervention},
  pages={330--340},
  year={2024},
  organization={Springer}
}

@inproceedings{inpaint,
  title={Context encoders: Feature learning by inpainting},
  author={Pathak, Deepak and Krahenbuhl, Philipp and Donahue, Jeff and Darrell, Trevor and Efros, Alexei A},
  booktitle={Proceedings of the IEEE conference on computer vision and pattern recognition},
  pages={2536--2544},
  year={2016}
}

@article{lowlevel,
  title={How mask matters: Towards theoretical understandings of masked autoencoders},
  author={Zhang, Qi and Wang, Yifei and Wang, Yisen},
  journal={Advances in Neural Information Processing Systems},
  volume={35},
  pages={27127--27139},
  year={2022}
}

@inproceedings{mae,
  title={Masked autoencoders are scalable vision learners},
  author={He, Kaiming and Chen, Xinlei and Xie, Saining and Li, Yanghao and Doll{\'a}r, Piotr and Girshick, Ross},
  booktitle={Proceedings of the IEEE/CVF conference on computer vision and pattern recognition},
  pages={16000--16009},
  year={2022}
}

@inproceedings{mae3d,
  title={Self pre-training with masked autoencoders for medical image classification and segmentation},
  author={Zhou, Lei and Liu, Huidong and Bae, Joseph and He, Junjun and Samaras, Dimitris and Prasanna, Prateek},
  booktitle={2023 IEEE 20th International Symposium on Biomedical Imaging (ISBI)},
  pages={1--6},
  year={2023},
  organization={IEEE}
}

@inproceedings{mim,
  title={Masked image modeling advances 3d medical image analysis},
  author={Chen, Zekai and Agarwal, Devansh and Aggarwal, Kshitij and Safta, Wiem and Balan, Mariann Micsinai and Brown, Kevin},
  booktitle={Proceedings of the IEEE/CVF Winter Conference on Applications of Computer Vision},
  pages={1970--1980},
  year={2023}
}

@inproceedings{peco,
  title={Peco: Perceptual codebook for bert pre-training of vision transformers},
  author={Dong, Xiaoyi and Bao, Jianmin and Zhang, Ting and Chen, Dongdong and Zhang, Weiming and Yuan, Lu and Chen, Dong and Wen, Fang and Yu, Nenghai and Guo, Baining},
  booktitle={Proceedings of the AAAI Conference on Artificial Intelligence},
  volume={37},
  number={1},
  pages={552--560},
  year={2023}
}

@article{prlv2,
  title={A unified visual information preservation framework for self-supervised pre-training in medical image analysis},
  author={Zhou, Hong-Yu and Lu, Chixiang and Chen, Chaoqi and Yang, Sibei and Yu, Yizhou},
  journal={IEEE Transactions on Pattern Analysis and Machine Intelligence},
  volume={45},
  number={7},
  pages={8020--8035},
  year={2023},
  publisher={IEEE}
}

@inproceedings{rotate,
  title={Revisiting Rubikâ€™s cube: Self-supervised learning with volume-wise transformation for 3D medical image segmentation},
  author={Tao, Xing and Li, Yuexiang and Zhou, Wenhui and Ma, Kai and Zheng, Yefeng},
  booktitle={Medical Image Computing and Computer Assisted Intervention--MICCAI 2020: 23rd International Conference, Lima, Peru, October 4--8, 2020, Proceedings, Part IV 23},
  pages={238--248},
  year={2020},
  organization={Springer}
}

@inproceedings{simmim,
  title={Simmim: A simple framework for masked image modeling},
  author={Xie, Zhenda and Zhang, Zheng and Cao, Yue and Lin, Yutong and Bao, Jianmin and Yao, Zhuliang and Dai, Qi and Hu, Han},
  booktitle={Proceedings of the IEEE/CVF conference on computer vision and pattern recognition},
  pages={9653--9663},
  year={2022}
}

@article{spark,
  title={Designing bert for convolutional networks: Sparse and hierarchical masked modeling},
  author={Tian, Keyu and Jiang, Yi and Diao, Qishuai and Lin, Chen and Wang, Liwei and Yuan, Zehuan},
  journal={arXiv preprint arXiv:2301.03580},
  year={2023}
}

@article{sslmia,
  title={Dive into the details of self-supervised learning for medical image analysis},
  author={Zhang, Chuyan and Zheng, Hao and Gu, Yun},
  journal={Medical Image Analysis},
  volume={89},
  pages={102879},
  year={2023},
  publisher={Elsevier}
}

@article{survey,
  title={Masked modeling for self-supervised representation learning on vision and beyond},
  author={Li, Siyuan and Zhang, Luyuan and Wang, Zedong and Wu, Di and Wu, Lirong and Liu, Zicheng and Xia, Jun and Tan, Cheng and Liu, Yang and Sun, Baigui and others},
  journal={arXiv preprint arXiv:2401.00897},
  year={2023}
}

@inproceedings{swinunetr,
  title={Self-supervised pre-training of swin transformers for 3d medical image analysis},
  author={Tang, Yucheng and Yang, Dong and Li, Wenqi and Roth, Holger R and Landman, Bennett and Xu, Daguang and Nath, Vishwesh and Hatamizadeh, Ali},
  booktitle={Proceedings of the IEEE/CVF conference on computer vision and pattern recognition},
  pages={20730--20740},
  year={2022}
}

@inproceedings{unimiss,
  title={Unimiss: Universal medical self-supervised learning via breaking dimensionality barrier},
  author={Xie, Yutong and Zhang, Jianpeng and Xia, Yong and Wu, Qi},
  booktitle={European Conference on Computer Vision},
  pages={558--575},
  year={2022},
  organization={Springer}
}

@inproceedings{voco,
  title={Voco: A simple-yet-effective volume contrastive learning framework for 3d medical image analysis},
  author={Wu, Linshan and Zhuang, Jiaxin and Chen, Hao},
  booktitle={Proceedings of the IEEE/CVF Conference on Computer Vision and Pattern Recognition},
  pages={22873--22882},
  year={2024}
}

@inproceedings{vox2vec,
  title={vox2vec: A framework for self-supervised contrastive learning of voxel-level representations in medical images},
  author={Goncharov, Mikhail and Soboleva, Vera and Kurmukov, Anvar and Pisov, Maxim and Belyaev, Mikhail},
  booktitle={International Conference on Medical Image Computing and Computer-Assisted Intervention},
  pages={605--614},
  year={2023},
  organization={Springer}
}

