@String(PAMI = {IEEE Trans. Pattern Anal. Mach. Intell.})
@String(IJCV = {Int. J. Comput. Vis.})
@String(CVPR= {IEEE Conf. Comput. Vis. Pattern Recog.})
@String(ICCV= {Int. Conf. Comput. Vis.})
@String(ECCV= {Eur. Conf. Comput. Vis.})
@String(NIPS= {Adv. Neural Inform. Process. Syst.})
@String(ICPR = {Int. Conf. Pattern Recog.})
@String(BMVC= {Brit. Mach. Vis. Conf.})
@String(TOG= {ACM Trans. Graph.})
@String(TIP  = {IEEE Trans. Image Process.})
@String(TVCG  = {IEEE Trans. Vis. Comput. Graph.})
@String(TMM  = {IEEE Trans. Multimedia})
@String(ACMMM= {ACM Int. Conf. Multimedia})
@String(ICME = {Int. Conf. Multimedia and Expo})
@String(ICASSP=	{ICASSP})
@String(ICIP = {IEEE Int. Conf. Image Process.})
@String(ACCV  = {ACCV})
@String(ICLR = {Int. Conf. Learn. Represent.})
@String(IJCAI = {IJCAI})
@String(PR   = {Pattern Recognition})
@String(AAAI = {AAAI})
@String(CVPRW= {IEEE Conf. Comput. Vis. Pattern Recog. Worksh.})
@String(CSVT = {IEEE Trans. Circuit Syst. Video Technol.})

@String(SPL	= {IEEE Sign. Process. Letters})
@String(VR   = {Vis. Res.})
@String(JOV	 = {J. Vis.})
@String(TVC  = {The Vis. Comput.})
@String(JCST  = {J. Comput. Sci. Tech.})
@String(CGF  = {Comput. Graph. Forum})
@String(CVM = {Computational Visual Media})


@String(PAMI  = {IEEE TPAMI})
@String(IJCV  = {IJCV})
@String(CVPR  = {CVPR})
@String(ICCV  = {ICCV})
@String(ECCV  = {ECCV})
@String(NIPS  = {NeurIPS})
@String(ICPR  = {ICPR})
@String(BMVC  =	{BMVC})
@String(TOG   = {ACM TOG})
@String(TIP   = {IEEE TIP})
@String(TVCG  = {IEEE TVCG})
@String(TCSVT = {IEEE TCSVT})
@String(TMM   =	{IEEE TMM})
@String(ACMMM = {ACM MM})
@String(ICME  =	{ICME})
@String(ICASSP=	{ICASSP})
@String(ICIP  = {ICIP})
@String(ACCV  = {ACCV})
@String(ICLR  = {ICLR})
@String(IJCAI = {IJCAI})
@String(PR = {PR})
@String(AAAI = {AAAI})
@String(CVPRW= {CVPRW})
@String(CSVT = {IEEE TCSVT})


@inproceedings{btcv,
  title={Miccai multi-atlas labeling beyond the cranial vault--workshop and challenge},
  author={Landman, Bennett and Xu, Zhoubing and Igelsias, J and Styner, Martin and Langerak, Thomas and Klein, Arno},
  booktitle={Proc. MICCAI Multi-Atlas Labeling Beyond Cranial Vaultâ€”Workshop Challenge},
  volume={5},
  pages={12},
  year={2015}
}

@article{chaos,
  title={CHAOS challenge-combined (CT-MR) healthy abdominal organ segmentation},
  author={Kavur, A Emre and Gezer, N Sinem and Bar{\i}{\c{s}}, Mustafa and Aslan, Sinem and Conze, Pierre-Henri and Groza, Vladimir and Pham, Duc Duy and Chatterjee, Soumick and Ernst, Philipp and {\"O}zkan, Sava{\c{s}} and others},
  journal={Medical Image Analysis},
  volume={69},
  pages={101950},
  year={2021},
  publisher={Elsevier}
}

@article{word,
  title={WORD: A large scale dataset, benchmark and clinical applicable study for abdominal organ segmentation from CT image},
  author={Luo, Xiangde and Liao, Wenjun and Xiao, Jianghong and Chen, Jieneng and Song, Tao and Zhang, Xiaofan and Li, Kang and Metaxas, Dimitris N and Wang, Guotai and Zhang, Shaoting},
  journal={Medical Image Analysis},
  volume={82},
  pages={102642},
  year={2022},
  publisher={Elsevier}
}

@article{flare,
  title={Unleashing the strengths of unlabeled data in pan-cancer abdominal organ quantification: the flare22 challenge},
  author={Ma, Jun and Zhang, Yao and Gu, Song and Ge, Cheng and Ma, Shihao and Young, Adamo and Zhu, Cheng and Meng, Kangkang and Yang, Xin and Huang, Ziyan and others},
  journal={arXiv preprint arXiv:2308.05862},
  year={2023}
}

@article{abd1k,
  title={Abdomenct-1k: Is abdominal organ segmentation a solved problem?},
  author={Ma, Jun and Zhang, Yao and Gu, Song and Zhu, Cheng and Ge, Cheng and Zhang, Yichi and An, Xingle and Wang, Congcong and Wang, Qiyuan and Liu, Xin and others},
  journal={IEEE Transactions on Pattern Analysis and Machine Intelligence},
  volume={44},
  number={10},
  pages={6695--6714},
  year={2021},
  publisher={IEEE}
}

@article{amos,
  title={Amos: A large-scale abdominal multi-organ benchmark for versatile medical image segmentation},
  author={Ji, Yuanfeng and Bai, Haotian and Ge, Chongjian and Yang, Jie and Zhu, Ye and Zhang, Ruimao and Li, Zhen and Zhanng, Lingyan and Ma, Wanling and Wan, Xiang and others},
  journal={Advances in neural information processing systems},
  volume={35},
  pages={36722--36732},
  year={2022}
}

@article{sliver07,
  title={Comparison and evaluation of methods for liver segmentation from CT datasets},
  author={Heimann, Tobias and Van Ginneken, Bram and Styner, Martin A and Arzhaeva, Yulia and Aurich, Volker and Bauer, Christian and Beck, Andreas and Becker, Christoph and Beichel, Reinhard and Bekes, Gy{\"o}rgy and others},
  journal={IEEE transactions on medical imaging},
  volume={28},
  number={8},
  pages={1251--1265},
  year={2009},
  publisher={IEEE}
}

@article{ctorg,
  title={CT-ORG, a new dataset for multiple organ segmentation in computed tomography},
  author={Rister, Blaine and Yi, Darvin and Shivakumar, Kaushik and Nobashi, Tomomi and Rubin, Daniel L},
  journal={Scientific Data},
  volume={7},
  number={1},
  pages={381},
  year={2020},
  publisher={Nature Publishing Group UK London}
}

@article{convid,
  title={Toward data-efficient learning: A benchmark for COVID-19 CT lung and infection segmentation},
  author={Ma, Jun and Wang, Yixin and An, Xingle and Ge, Cheng and Yu, Ziqi and Chen, Jianan and Zhu, Qiongjie and Dong, Guoqiang and He, Jian and He, Zhiqiang and others},
  journal={Medical physics},
  volume={48},
  number={3},
  pages={1197--1210},
  year={2021},
  publisher={Wiley Online Library}
}


@article{lits,
  title={The liver tumor segmentation benchmark (lits)},
  author={Bilic, Patrick and Christ, Patrick and Li, Hongwei Bran and Vorontsov, Eugene and Ben-Cohen, Avi and Kaissis, Georgios and Szeskin, Adi and Jacobs, Colin and Mamani, Gabriel Efrain Humpire and Chartrand, Gabriel and others},
  journal={Medical Image Analysis},
  volume={84},
  pages={102680},
  year={2023},
  publisher={Elsevier}
}

@article{luna,
  title={Validation, comparison, and combination of algorithms for automatic detection of pulmonary nodules in computed tomography images: the LUNA16 challenge},
  author={Setio, Arnaud Arindra Adiyoso and Traverso, Alberto and De Bel, Thomas and Berens, Moira SN and Van Den Bogaard, Cas and Cerello, Piergiorgio and Chen, Hao and Dou, Qi and Fantacci, Maria Evelina and Geurts, Bram and others},
  journal={Medical image analysis},
  volume={42},
  pages={1--13},
  year={2017},
  publisher={Elsevier}
}

@article{atlas10,
  title={AbdomenAtlas: A large-scale, detailed-annotated, \& multi-center dataset for efficient transfer learning and open algorithmic benchmarking},
  author={Li, Wenxuan and Qu, Chongyu and Chen, Xiaoxi and Bassi, Pedro RAS and Shi, Yijia and Lai, Yuxiang and Yu, Qian and Xue, Huimin and Chen, Yixiong and Lin, Xiaorui and others},
  journal={Medical Image Analysis},
  volume={97},
  pages={103285},
  year={2024},
  publisher={Elsevier}
}

@article{han,
  title={HaN-Seg: The head and neck organ-at-risk CT and MR segmentation dataset},
  author={Podobnik, Ga{\v{s}}per and Strojan, Primo{\v{z}} and Peterlin, Primo{\v{z}} and Ibragimov, Bulat and Vrtovec, Toma{\v{z}}},
  journal={Medical physics},
  volume={50},
  number={3},
  pages={1917--1927},
  year={2023},
  publisher={Wiley Online Library}
}

@article{brats21,
  title={The rsna-asnr-miccai brats 2021 benchmark on brain tumor segmentation and radiogenomic classification},
  author={Baid, Ujjwal and Ghodasara, Satyam and Mohan, Suyash and Bilello, Michel and Calabrese, Evan and Colak, Errol and Farahani, Keyvan and Kalpathy-Cramer, Jayashree and Kitamura, Felipe C and Pati, Sarthak and others},
  journal={arXiv preprint arXiv:2107.02314},
  year={2021}
}

@inproceedings{unetr,
  title={Unetr: Transformers for 3d medical image segmentation},
  author={Hatamizadeh, Ali and Tang, Yucheng and Nath, Vishwesh and Yang, Dong and Myronenko, Andriy and Landman, Bennett and Roth, Holger R and Xu, Daguang},
  booktitle={Proceedings of the IEEE/CVF winter conference on applications of computer vision},
  pages={574--584},
  year={2022}
}

@inproceedings{mednext,
  title={Mednext: transformer-driven scaling of convnets for medical image segmentation},
  author={Roy, Saikat and Koehler, Gregor and Ulrich, Constantin and Baumgartner, Michael and Petersen, Jens and Isensee, Fabian and Jaeger, Paul F and Maier-Hein, Klaus H},
  booktitle={International Conference on Medical Image Computing and Computer-Assisted Intervention},
  pages={405--415},
  year={2023},
  organization={Springer}
}

@inproceedings{unet,
  title={U-net: Convolutional networks for biomedical image segmentation},
  author={Ronneberger, Olaf and Fischer, Philipp and Brox, Thomas},
  booktitle={Medical image computing and computer-assisted intervention--MICCAI 2015: 18th international conference, Munich, Germany, October 5-9, 2015, proceedings, part III 18},
  pages={234--241},
  year={2015},
  organization={Springer}
}

@inproceedings{swinunetr,
  title={Self-supervised pre-training of swin transformers for 3d medical image analysis},
  author={Tang, Yucheng and Yang, Dong and Li, Wenqi and Roth, Holger R and Landman, Bennett and Xu, Daguang and Nath, Vishwesh and Hatamizadeh, Ali},
  booktitle={Proceedings of the IEEE/CVF conference on computer vision and pattern recognition},
  pages={20730--20740},
  year={2022}
}

@inproceedings{hyspark,
  title={HySparK: Hybrid Sparse Masking for Large Scale Medical Image Pre-training},
  author={Tang, Fenghe and Xu, Ronghao and Yao, Qingsong and Fu, Xueming and Quan, Quan and Zhu, Heqin and Liu, Zaiyi and Zhou, S Kevin},
  booktitle={International Conference on Medical Image Computing and Computer-Assisted Intervention},
  pages={330--340},
  year={2024},
  organization={Springer}
}

@inproceedings{voco,
  title={Voco: A simple-yet-effective volume contrastive learning framework for 3d medical image analysis},
  author={Wu, Linshan and Zhuang, Jiaxin and Chen, Hao},
  booktitle={Proceedings of the IEEE/CVF Conference on Computer Vision and Pattern Recognition},
  pages={22873--22882},
  year={2024}
}

@inproceedings{vox2vec,
  title={vox2vec: A framework for self-supervised contrastive learning of voxel-level representations in medical images},
  author={Goncharov, Mikhail and Soboleva, Vera and Kurmukov, Anvar and Pisov, Maxim and Belyaev, Mikhail},
  booktitle={International Conference on Medical Image Computing and Computer-Assisted Intervention},
  pages={605--614},
  year={2023},
  organization={Springer}
}


@inproceedings{gvsl,
  title={Geometric visual similarity learning in 3d medical image self-supervised pre-training},
  author={He, Yuting and Yang, Guanyu and Ge, Rongjun and Chen, Yang and Coatrieux, Jean-Louis and Wang, Boyu and Li, Shuo},
  booktitle={Proceedings of the IEEE/CVF Conference on Computer Vision and Pattern Recognition},
  pages={9538--9547},
  year={2023}
}

@article{prlv2,
  title={A unified visual information preservation framework for self-supervised pre-training in medical image analysis},
  author={Zhou, Hong-Yu and Lu, Chixiang and Chen, Chaoqi and Yang, Sibei and Yu, Yizhou},
  journal={IEEE Transactions on Pattern Analysis and Machine Intelligence},
  volume={45},
  number={7},
  pages={8020--8035},
  year={2023},
  publisher={IEEE}
}

@inproceedings{unimiss,
  title={Unimiss: Universal medical self-supervised learning via breaking dimensionality barrier},
  author={Xie, Yutong and Zhang, Jianpeng and Xia, Yong and Wu, Qi},
  booktitle={European Conference on Computer Vision},
  pages={558--575},
  year={2022},
  organization={Springer}
}

@article{transvw,
  title={Transferable visual words: Exploiting the semantics of anatomical patterns for self-supervised learning},
  author={Haghighi, Fatemeh and Taher, Mohammad Reza Hosseinzadeh and Zhou, Zongwei and Gotway, Michael B and Liang, Jianming},
  journal={IEEE transactions on medical imaging},
  volume={40},
  number={10},
  pages={2857--2868},
  year={2021},
  publisher={IEEE}
}

@article{mg,
  title={Models genesis},
  author={Zhou, Zongwei and Sodha, Vatsal and Pang, Jiaxuan and Gotway, Michael B and Liang, Jianming},
  journal={Medical image analysis},
  volume={67},
  pages={101840},
  year={2021},
  publisher={Elsevier}
}

@inproceedings{mae,
  title={Masked autoencoders are scalable vision learners},
  author={He, Kaiming and Chen, Xinlei and Xie, Saining and Li, Yanghao and Doll{\'a}r, Piotr and Girshick, Ross},
  booktitle={Proceedings of the IEEE/CVF conference on computer vision and pattern recognition},
  pages={16000--16009},
  year={2022}
}

@inproceedings{mae3d,
  title={Self pre-training with masked autoencoders for medical image classification and segmentation},
  author={Zhou, Lei and Liu, Huidong and Bae, Joseph and He, Junjun and Samaras, Dimitris and Prasanna, Prateek},
  booktitle={2023 IEEE 20th International Symposium on Biomedical Imaging (ISBI)},
  pages={1--6},
  year={2023},
  organization={IEEE}
}

@article{spark,
  title={Designing bert for convolutional networks: Sparse and hierarchical masked modeling},
  author={Tian, Keyu and Jiang, Yi and Diao, Qishuai and Lin, Chen and Wang, Liwei and Yuan, Zehuan},
  journal={arXiv preprint arXiv:2301.03580},
  year={2023}
}

@article{svd,
  title={How mask matters: Towards theoretical understandings of masked autoencoders},
  author={Zhang, Qi and Wang, Yifei and Wang, Yisen},
  journal={Advances in Neural Information Processing Systems},
  volume={35},
  pages={27127--27139},
  year={2022}
}


@article{explain,
  title={How Transformers Learn Diverse Attention Correlations in Masked Vision Pretraining},
  author={Huang, Yu and Wen, Zixin and Chi, Yuejie and Liang, Yingbin}
}

@article{ratio1,
  title={Enhancing representation in radiography-reports foundation model: A granular alignment algorithm using masked contrastive learning},
  author={Huang, Weijian and Li, Cheng and Zhou, Hong-Yu and Yang, Hao and Liu, Jiarun and Liang, Yong and Zheng, Hairong and Zhang, Shaoting and Wang, Shanshan},
  journal={Nature Communications},
  volume={15},
  number={1},
  pages={7620},
  year={2024},
  publisher={Nature Publishing Group UK London}
}


@inproceedings{ratio2,
  title={Cycle-consistent masked autoencoder for unsupervised domain generalization},
  author={Yang, Haiyang and Li, Xiaotong and Tang, Shixiang and Zhu, Feng and Wang, Yizhou and Chen, Meilin and Bai, Lei and Zhao, Rui and Ouyang, Wanli},
  booktitle={The Eleventh International Conference on Learning Representations},
  year={2022}
}

@inproceedings{ratio3,
  title={Masks and Manuscripts: Advancing Medical Pre-training with End-to-End Masking and Narrative Structuring},
  author={Gowda, Shreyank N and Clifton, David A},
  booktitle={International Conference on Medical Image Computing and Computer-Assisted Intervention},
  pages={426--436},
  year={2024},
  organization={Springer}
}

@inproceedings{ratio4,
  title={nnu-net revisited: A call for rigorous validation in 3d medical image segmentation},
  author={Isensee, Fabian and Wald, Tassilo and Ulrich, Constantin and Baumgartner, Michael and Roy, Saikat and Maier-Hein, Klaus and Jaeger, Paul F},
  booktitle={International Conference on Medical Image Computing and Computer-Assisted Intervention},
  pages={488--498},
  year={2024},
  organization={Springer}
}


@article{slim,
  title={Slim UNETR: Scale hybrid transformers to efficient 3D medical image segmentation under limited computational resources},
  author={Pang, Yan and Liang, Jiaming and Huang, Teng and Chen, Hao and Li, Yunhao and Li, Dan and Huang, Lin and Wang, Qiong},
  journal={IEEE Transactions on Medical Imaging},
  year={2023},
  publisher={IEEE}
}

@inproceedings{benchmark,
  title={Masked image modeling advances 3d medical image analysis},
  author={Chen, Zekai and Agarwal, Devansh and Aggarwal, Kshitij and Safta, Wiem and Balan, Mariann Micsinai and Brown, Kevin},
  booktitle={Proceedings of the IEEE/CVF Winter Conference on Applications of Computer Vision},
  pages={1970--1980},
  year={2023}
}

@inproceedings{effectiverank,
  title={The effective rank: A measure of effective dimensionality},
  author={Roy, Olivier and Vetterli, Martin},
  booktitle={2007 15th European signal processing conference},
  pages={606--610},
  year={2007},
  organization={IEEE}
}


@article{theoretical,
  title={How mask matters: Towards theoretical understandings of masked autoencoders},
  author={Zhang, Qi and Wang, Yifei and Wang, Yisen},
  journal={Advances in Neural Information Processing Systems},
  volume={35},
  pages={27127--27139},
  year={2022}
}

@inproceedings{highlevel,
  title={Masked siamese networks for label-efficient learning},
  author={Assran, Mahmoud and Caron, Mathilde and Misra, Ishan and Bojanowski, Piotr and Bordes, Florian and Vincent, Pascal and Joulin, Armand and Rabbat, Mike and Ballas, Nicolas},
  booktitle={European Conference on Computer Vision},
  pages={456--473},
  year={2022},
  organization={Springer}
}

@article{bias,
  title={The hidden uniform cluster prior in self-supervised learning},
  author={Assran, Mahmoud and Balestriero, Randall and Duval, Quentin and Bordes, Florian and Misra, Ishan and Bojanowski, Piotr and Vincent, Pascal and Rabbat, Michael and Ballas, Nicolas},
  journal={arXiv preprint arXiv:2210.07277},
  year={2022}
}

@article{lowlevel,
  title={How mask matters: Towards theoretical understandings of masked autoencoders},
  author={Zhang, Qi and Wang, Yifei and Wang, Yisen},
  journal={Advances in Neural Information Processing Systems},
  volume={35},
  pages={27127--27139},
  year={2022}
}

@article{sslmia,
  title={Dive into the details of self-supervised learning for medical image analysis},
  author={Zhang, Chuyan and Zheng, Hao and Gu, Yun},
  journal={Medical Image Analysis},
  volume={89},
  pages={102879},
  year={2023},
  publisher={Elsevier}
}

@inproceedings{simclr,
  title={A simple framework for contrastive learning of visual representations},
  author={Chen, Ting and Kornblith, Simon and Norouzi, Mohammad and Hinton, Geoffrey},
  booktitle={International conference on machine learning},
  pages={1597--1607},
  year={2020},
  organization={PMLR}
}

@inproceedings{moco,
  title={Momentum contrast for unsupervised visual representation learning},
  author={He, Kaiming and Fan, Haoqi and Wu, Yuxin and Xie, Saining and Girshick, Ross},
  booktitle={Proceedings of the IEEE/CVF conference on computer vision and pattern recognition},
  pages={9729--9738},
  year={2020}
}

@article{byol,
  title={Bootstrap your own latent-a new approach to self-supervised learning},
  author={Grill, Jean-Bastien and Strub, Florian and Altch{\'e}, Florent and Tallec, Corentin and Richemond, Pierre and Buchatskaya, Elena and Doersch, Carl and Avila Pires, Bernardo and Guo, Zhaohan and Gheshlaghi Azar, Mohammad and others},
  journal={Advances in neural information processing systems},
  volume={33},
  pages={21271--21284},
  year={2020}
}

@article{swav,
  title={Unsupervised learning of visual features by contrasting cluster assignments},
  author={Caron, Mathilde and Misra, Ishan and Mairal, Julien and Goyal, Priya and Bojanowski, Piotr and Joulin, Armand},
  journal={Advances in neural information processing systems},
  volume={33},
  pages={9912--9924},
  year={2020}
}

@inproceedings{simsiam,
  title={Exploring simple siamese representation learning},
  author={Chen, Xinlei and He, Kaiming},
  booktitle={Proceedings of the IEEE/CVF conference on computer vision and pattern recognition},
  pages={15750--15758},
  year={2021}
}

@inproceedings{dino,
  title={Emerging properties in self-supervised vision transformers},
  author={Caron, Mathilde and Touvron, Hugo and Misra, Ishan and J{\'e}gou, Herv{\'e} and Mairal, Julien and Bojanowski, Piotr and Joulin, Armand},
  booktitle={Proceedings of the IEEE/CVF international conference on computer vision},
  pages={9650--9660},
  year={2021}
}

@article{bert,
  title={Bert: Pre-training of deep bidirectional transformers for language understanding},
  author={Devlin, Jacob and Chang, Ming-Wei and Lee, Kenton and Toutanova, Kristina},
  journal={arXiv preprint arXiv:1810.04805},
  year={2018}
}

@inproceedings{inpaint,
  title={Context encoders: Feature learning by inpainting},
  author={Pathak, Deepak and Krahenbuhl, Philipp and Donahue, Jeff and Darrell, Trevor and Efros, Alexei A},
  booktitle={Proceedings of the IEEE conference on computer vision and pattern recognition},
  pages={2536--2544},
  year={2016}
}

@article{beit,
  title={Beit: Bert pre-training of image transformers},
  author={Bao, Hangbo and Dong, Li and Piao, Songhao and Wei, Furu},
  journal={arXiv preprint arXiv:2106.08254},
  year={2021}
}

@article{ibot,
  title={ibot: Image bert pre-training with online tokenizer},
  author={Zhou, Jinghao and Wei, Chen and Wang, Huiyu and Shen, Wei and Xie, Cihang and Yuille, Alan and Kong, Tao},
  journal={arXiv preprint arXiv:2111.07832},
  year={2021}
}


@inproceedings{simmim,
  title={Simmim: A simple framework for masked image modeling},
  author={Xie, Zhenda and Zhang, Zheng and Cao, Yue and Lin, Yutong and Bao, Jianmin and Yao, Zhuliang and Dai, Qi and Hu, Han},
  booktitle={Proceedings of the IEEE/CVF conference on computer vision and pattern recognition},
  pages={9653--9663},
  year={2022}
}

@inproceedings{jepa,
  title={Self-supervised learning from images with a joint-embedding predictive architecture},
  author={Assran, Mahmoud and Duval, Quentin and Misra, Ishan and Bojanowski, Piotr and Vincent, Pascal and Rabbat, Michael and LeCun, Yann and Ballas, Nicolas},
  booktitle={Proceedings of the IEEE/CVF Conference on Computer Vision and Pattern Recognition},
  pages={15619--15629},
  year={2023}
}

@article{cmae,
  title={Context autoencoder for self-supervised representation learning},
  author={Chen, Xiaokang and Ding, Mingyu and Wang, Xiaodi and Xin, Ying and Mo, Shentong and Wang, Yunhao and Han, Shumin and Luo, Ping and Zeng, Gang and Wang, Jingdong},
  journal={International Journal of Computer Vision},
  volume={132},
  number={1},
  pages={208--223},
  year={2024},
  publisher={Springer}
}


@article{survey,
  title={Masked modeling for self-supervised representation learning on vision and beyond},
  author={Li, Siyuan and Zhang, Luyuan and Wang, Zedong and Wu, Di and Wu, Lirong and Liu, Zicheng and Xia, Jun and Tan, Cheng and Liu, Yang and Sun, Baigui and others},
  journal={arXiv preprint arXiv:2401.00897},
  year={2023}
}

@inproceedings{bert,
  title={BERT: Pre-training of Deep Bidirectional Transformers for Language Understanding},
  author={Devlin, Jacob and Chang, Ming-Wei and Lee, Kenton and Toutanova, Kristina},
  booktitle={Proceedings of the 2019 Conference of the North American Chapter of the Association for Computational Linguistics: Human Language Technologies, Volume 1 (Long and Short Papers)},
  pages={4171--4186},
  year={2019}
}

@article{cae,
  title={Context autoencoder for self-supervised representation learning},
  author={Chen, Xiaokang and Ding, Mingyu and Wang, Xiaodi and Xin, Ying and Mo, Shentong and Wang, Yunhao and Han, Shumin and Luo, Ping and Zeng, Gang and Wang, Jingdong},
  journal={International Journal of Computer Vision},
  volume={132},
  number={1},
  pages={208--223},
  year={2024},
  publisher={Springer}
}

@inproceedings{peco,
  title={Peco: Perceptual codebook for bert pre-training of vision transformers},
  author={Dong, Xiaoyi and Bao, Jianmin and Zhang, Ting and Chen, Dongdong and Zhang, Weiming and Yuan, Lu and Chen, Dong and Wen, Fang and Yu, Nenghai and Guo, Baining},
  booktitle={Proceedings of the AAAI Conference on Artificial Intelligence},
  volume={37},
  number={1},
  pages={552--560},
  year={2023}
}

@inproceedings{rotate,
  title={Revisiting Rubikâ€™s cube: Self-supervised learning with volume-wise transformation for 3D medical image segmentation},
  author={Tao, Xing and Li, Yuexiang and Zhou, Wenhui and Ma, Kai and Zheng, Yefeng},
  booktitle={Medical Image Computing and Computer Assisted Intervention--MICCAI 2020: 23rd International Conference, Lima, Peru, October 4--8, 2020, Proceedings, Part IV 23},
  pages={238--248},
  year={2020},
  organization={Springer}
}

@inproceedings{mim,
  title={Masked image modeling advances 3d medical image analysis},
  author={Chen, Zekai and Agarwal, Devansh and Aggarwal, Kshitij and Safta, Wiem and Balan, Mariann Micsinai and Brown, Kevin},
  booktitle={Proceedings of the IEEE/CVF Winter Conference on Applications of Computer Vision},
  pages={1970--1980},
  year={2023}
}

@book{deepmia,
  title={Deep learning for medical image analysis},
  author={Zhou, S Kevin and Greenspan, Hayit and Shen, Dinggang},
  year={2023},
  publisher={Academic Press}
}

@article{ssl3d,
  title={3d self-supervised methods for medical imaging},
  author={Taleb, Aiham and Loetzsch, Winfried and Danz, Noel and Severin, Julius and Gaertner, Thomas and Bergner, Benjamin and Lippert, Christoph},
  journal={Advances in neural information processing systems},
  volume={33},
  pages={18158--18172},
  year={2020}
}

@article{weekness,
  title={Vicregl: Self-supervised learning of local visual features},
  author={Bardes, Adrien and Ponce, Jean and LeCun, Yann},
  journal={Advances in Neural Information Processing Systems},
  volume={35},
  pages={8799--8810},
  year={2022}
}

@article{anatomask,
  title={AnatoMask: Enhancing Medical Image Segmentation with Reconstruction-guided Self-masking},
  author={Li, Yuheng and Luan, Tianyu and Wu, Yizhou and Pan, Shaoyan and Chen, Yenho and Yang, Xiaofeng},
  journal={arXiv preprint arXiv:2407.06468},
  year={2024}
}

@inproceedings{er2,
  title={Self-supervised debiasing using low rank regularization},
  author={Park, Geon Yeong and Jung, Chanyong and Lee, Sangmin and Ye, Jong Chul and Lee, Sang Wan},
  booktitle={Proceedings of the IEEE/CVF Conference on Computer Vision and Pattern Recognition},
  pages={12395--12405},
  year={2024}
}

@inproceedings{er3,
  title={Matrix Information Theory for Self-Supervised Learning},
  author={Zhang, Yifan and Tan, Zhiquan and Yang, Jingqin and Huang, Weiran and Yuan, Yang},
  booktitle={Forty-first International Conference on Machine Learning}
}

@article{ib,
  title={Transforming medical imaging with Transformers? A comparative review of key properties, current progresses, and future perspectives},
  author={Li, Jun and Chen, Junyu and Tang, Yucheng and Wang, Ce and Landman, Bennett A and Zhou, S Kevin},
  journal={Medical image analysis},
  volume={85},
  pages={102762},
  year={2023},
  publisher={Elsevier}
}


@article{pan,
  title={Data From Pancreas-CT.},
  author={Roth, H. and Farag, A. and Turkbey, E. B. and Lu, L. and Liu, J. and Summers, R. M.},
  year={2016},
  journal={The Cancer Imaging Archive.}
}


@article{kipa1,
  title={Meta grayscale adaptive network for 3D integrated renal structures segmentation},
  author={He, Yuting and Yang, Guanyu and Yang, Jian and Ge, Rongjun and Kong, Youyong and Zhu, Xiaomei and Zhang, Shaobo and Shao, Pengfei and Shu, Huazhong and Dillenseger, Jean-Louis and others},
  journal={Medical image analysis},
  volume={71},
  pages={102055},
  year={2021},
  publisher={Elsevier}
}


@article{kipa2,
  title={Dense biased networks with deep priori anatomy and hard region adaptation: Semi-supervised learning for fine renal artery segmentation},
  author={He, Yuting and Yang, Guanyu and Yang, Jian and Chen, Yang and Kong, Youyong and Wu, Jiasong and Tang, Lijun and Zhu, Xiaomei and Dillenseger, Jean-Louis and Shao, Pengfei and others},
  journal={Medical image analysis},
  volume={63},
  pages={101722},
  year={2020},
  publisher={Elsevier}
}




@article{kipa3,
  title={Laparoscopic partial nephrectomy with segmental renal artery clamping: technique and clinical outcomes},
  author={Shao, Pengfei and Qin, Chao and Yin, Changjun and Meng, Xiaoxin and Ju, Xiaobing and Li, Jie and Lv, Qiang and Zhang, Wei and Xu, Zhengquan},
  journal={European urology},
  volume={59},
  number={5},
  pages={849--855},
  year={2011},
  publisher={Elsevier}
}



@article{kipa4,
  title={Precise segmental renal artery clamping under the guidance of dual-source computed tomography angiography during laparoscopic partial nephrectomy},
  author={Shao, Pengfei and Tang, Lijun and Li, Pu and Xu, Yi and Qin, Chao and Cao, Qiang and Ju, Xiaobing and Meng, Xiaoxin and Lv, Qiang and Li, Jie and others},
  journal={European urology},
  volume={62},
  number={6},
  pages={1001--1008},
  year={2012},
  publisher={Elsevier}
}

@article{flare_center,
  title={The Cancer Imaging Archive (TCIA): maintaining and operating a public information repository},
  author={Clark, Kenneth and Vendt, Bruce and Smith, Kirk and Freymann, John and Kirby, Justin and Koppel, Paul and Moore, Stephen and Phillips, Stanley and Maffitt, David and Pringle, Michael and others},
  journal={Journal of digital imaging},
  volume={26},
  pages={1045--1057},
  year={2013},
  publisher={Springer}
}

@article{vit,
  title={An image is worth 16x16 words: Transformers for image recognition at scale},
  author={Dosovitskiy, Alexey},
  journal={arXiv preprint arXiv:2010.11929},
  year={2020}
}

@inproceedings{lay2013rapid,
  title={Rapid multi-organ segmentation using context integration and discriminative models},
  author={Lay, Nathan and Birkbeck, Neil and Zhang, Jingdan and Kevin Zhou, S},
  booktitle={International Conference on Information Processing in Medical Imaging},
  pages={450--462},
  year={2013},
  organization={Springer, Berlin, Heidelberg}
}