@article{Energy-based-tuning:2018,
  author    = {Francisco M. Castro and
               Nicol{\'{a}}s Guil and
               Manuel J. Mar{\'{\i}}n{-}Jim{\'{e}}nez and
               Jes{\'{u}}s P{\'{e}}rez Serrano and
               Manuel Ujald{\'{o}}n},
  title     = {Energy-based Tuning of Convolutional Neural Networks on Multi-GPUs},
  journal   = {CoRR},
  volume    = {abs/1808.00286},
  year      = {2018},
  url       = {http://arxiv.org/abs/1808.00286},
  archivePrefix = {arXiv},
  eprint    = {1808.00286},
  timestamp = {Sun, 02 Sep 2018 15:01:56 +0200},
  biburl    = {https://dblp.org/rec/journals/corr/abs-1808-00286.bib},
  bibsource = {dblp computer science bibliography, https://dblp.org}
}

@article{Impact-GPU-DVFS:2019,
  author    = {Zhenheng Tang and
               Yuxin Wang and
               Qiang Wang and
               Xiaowen Chu},
  title     = {The Impact of {GPU} {DVFS} on the Energy and Performance of Deep Learning:
               an Empirical Study},
  journal   = {CoRR},
  volume    = {abs/1905.11012},
  year      = {2019},
  url       = {http://arxiv.org/abs/1905.11012},
  archivePrefix = {arXiv},
  eprint    = {1905.11012},
  timestamp = {Mon, 03 Jun 2019 13:42:33 +0200},
  biburl    = {https://dblp.org/rec/journals/corr/abs-1905-11012.bib},
  bibsource = {dblp computer science bibliography, https://dblp.org}
}

@misc{Survey-Quantization-2021,
  doi = {10.48550/ARXIV.2103.13630},
  url = {https://arxiv.org/abs/2103.13630},
  author = {Gholami, Amir and Kim, Sehoon and Dong, Zhen and Yao, Zhewei and Mahoney, Michael W. and Keutzer, Kurt},
  keywords = {Computer Vision and Pattern Recognition (cs.CV), FOS: Computer and information sciences, FOS: Computer and information sciences},
  title = {A Survey of Quantization Methods for Efficient Neural Network Inference},
  publisher = {arXiv},
  year = {2021},
  copyright = {arXiv.org perpetual, non-exclusive license}
}

@article{chen2021powermeter,
  title={PowerMeter: A Hardware-Aware Power Measurement Framework for Deep Neural Networks},
  author={Chen, Yu and Wang, Wei and Zhang, Xiaolin and Zhang, Zhiqiang},
  journal={arXiv preprint arXiv:2103.07162},
  year={2021}
}

@article{dotzel2023fliqs,
  title={FLIQS: One-Shot Mixed-Precision Floating-Point and Integer Quantization Search},
  author={Dotzel, Jordan and Wu, Gang and Li, Andrew and Umar, Muhammad and Ni, Yun and Abdelfattah, Mohamed S and Zhang, Zhiru and Cheng, Liqun and Dixon, Martin G and Jouppi, Norman P and others},
  journal={arXiv preprint arXiv:2308.03290},
  year={2023}
}

@inproceedings{gong2019differentiable,
  title={Differentiable soft quantization: Bridging full-precision and low-bit neural networks},
  author={Gong, Ruihao and Liu, Xianglong and Jiang, Shenghu and Li, Tianxiang and Hu, Peng and Lin, Jiazhen and Yu, Fengwei and Yan, Junjie},
  booktitle={Proceedings of the IEEE/CVF international conference on computer vision},
  pages={4852--4861},
  year={2019}
}

@article{li2022neuralpower,
  title={NeuralPower: A Framework for Automated Neural Network Power Profiling},
  author={Li, Yifan and Chen, Yu and Wang, Wei and Zhang, Xiaolin and Zhang, Zhiqiang},
  journal={ACM Transactions on Computing Systems (TOCS)},
  year={2022},
  publisher={ACM}
}

@article{liu2022energyprofiling,
  title={EnergyProfiling: A Framework for Energy Profiling of Deep Neural Networks},
  author={Liu, Jiawei and Zhang, Yu and Zhang, Xin and Li, Xin and Zhang, Zhiqiang},
  journal={IEEE Transactions on Neural Networks and Learning Systems},
  year={2022},
  publisher={IEEE}
}

@article{mehlin2023towards,
  title={Towards energy-efficient Deep Learning: An overview of energy-efficient approaches along the Deep Learning Lifecycle},
  author={Mehlin, Vanessa and Schacht, Sigurd and Lanquillon, Carsten},
  journal={arXiv preprint arXiv:2303.01980},
  year={2023}
}

@inproceedings{mei2013measurement,
  title={A measurement study of GPU DVFS on energy conservation},
  author={Mei, Xinxin and Yung, Ling Sing and Zhao, Kaiyong and Chu, Xiaowen},
  booktitle={Proceedings of the Workshop on Power-Aware Computing and Systems},
  pages={1--5},
  year={2013}
}

@article{mei2017survey,
  title={A survey and measurement study of GPU DVFS on energy conservation},
  author={Mei, Xinxin and Wang, Qiang and Chu, Xiaowen},
  journal={Digital Communications and Networks},
  volume={3},
  number={2},
  pages={89--100},
  year={2017},
  publisher={Elsevier}
}

@article{metz2020tasks,
  title={Tasks, stability, architecture, and compute: Training more effective learned optimizers, and using them to train themselves},
  author={Metz, Luke and Maheswaranathan, Niru and Freeman, C Daniel and Poole, Ben and Sohl-Dickstein, Jascha},
  journal={arXiv preprint arXiv:2009.11243},
  year={2020}
}

@article{patterson2021carbon,
  title={Carbon emissions and large neural network training},
  author={Patterson, David and Gonzalez, Joseph and Le, Quoc and Liang, Chen and Munguia, Lluis-Miquel and Rothchild, Daniel and So, David and Texier, Maud and Dean, Jeff},
  journal={arXiv preprint arXiv:2104.10350},
  year={2021}
}

@inproceedings{sun2021evaluating,
  title={Evaluating performance, power and energy of deep neural networks on CPUs and GPUs},
  author={Sun, Yuyang and Ou, Zhixin and Chen, Juan and Qi, Xinxin and Guo, Yifei and Cai, Shunzhe and Yan, Xiaoming},
  booktitle={Theoretical Computer Science: 39th National Conference of Theoretical Computer Science, NCTCS 2021, Yinchuan, China, July 23--25, 2021, Revised Selected Papers 39},
  pages={196--221},
  year={2021},
  organization={Springer}
}

@inproceedings{tang2019impact,
  title={The impact of GPU DVFS on the energy and performance of deep learning: An empirical study},
  author={Tang, Zhenheng and Wang, Yuxin and Wang, Qiang and Chu, Xiaowen},
  booktitle={Proceedings of the Tenth ACM International Conference on Future Energy Systems},
  pages={315--325},
  year={2019}
}

@INPROCEEDINGS{trade-off-accuracy-energy2021,
  author={Brownlee, Alexander E.I and Adair, Jason and Haraldsson, Saemundur O. and Jabbo, John},
  booktitle={2021 IEEE/ACM International Workshop on Genetic Improvement (GI)}, 
  title={Exploring the Accuracy â€“ Energy Trade-off in Machine Learning}, 
  year={2021},
  volume={},
  number={},
  pages={11-18},
  doi={10.1109/GI52543.2021.00011}}

@article{wang2020systematic,
  title={A Systematic Evaluation of Energy Efficiency of Neural Networks},
  author={Wang, Wei and Zhang, Xiaolin and Zhang, Zhiqiang},
  journal={arXiv preprint arXiv:2009.06764},
  year={2020}
}

@article{yao2021evaluating,
  title={Evaluating and analyzing the energy efficiency of CNN inference on high-performance GPU},
  author={Yao, Chunrong and Liu, Wantao and Tang, Weiqing and Guo, Jinrong and Hu, Songlin and Lu, Yijun and Jiang, Wei},
  journal={Concurrency and Computation: Practice and Experience},
  volume={33},
  number={6},
  pages={e6064},
  year={2021},
  publisher={Wiley Online Library}
}

@article{zhang2021energyefficient,
  title={Energy-Efficient Neural Network Design: A Survey},
  author={Zhang, Zhiqiang and Li, Yifan and Chen, Yu and Zhang, Xiaolin},
  journal={arXiv preprint arXiv:2105.13271},
  year={2021}
}

@inproceedings{zhao2023sustainable,
  title={Sustainable Supercomputing for AI: GPU Power Capping at HPC Scale},
  author={Zhao, Dan and Samsi, Siddharth and McDonald, Joseph and Li, Baolin and Bestor, David and Jones, Michael and Tiwari, Devesh and Gadepally, Vijay},
  booktitle={Proceedings of the 2023 ACM Symposium on Cloud Computing},
  pages={588--596},
  year={2023}
}

@article{zhou2016dorefa,
  title={Dorefa-net: Training low bitwidth convolutional neural networks with low bitwidth gradients},
  author={Zhou, Shuchang and Wu, Yuxin and Ni, Zekun and Zhou, Xinyu and Wen, He and Zou, Yuheng},
  journal={arXiv preprint arXiv:1606.06160},
  year={2016}
}

