@inproceedings{BasicVSR,
  title={{BasicVSR: The search for essential components in video super-resolution and beyond}},
  author={Chan, Kelvin CK and Wang, Xintao and Yu, Ke and Dong, Chao and Loy, Chen Change},
  booktitle={Proceedings of the IEEE/CVF conference on computer vision and pattern recognition},
  pages={4947--4956},
  year={2021}
}

@inproceedings{BasicVSR++,
  title={{BasicVSR++: Improving video super-resolution with enhanced propagation and alignment}},
  author={Chan, Kelvin CK and Zhou, Shangchen and Xu, Xiangyu and Loy, Chen Change},
  booktitle={Proceedings of the IEEE/CVF conference on computer vision and pattern recognition},
  pages={5972--5981},
  year={2022}
}

@inproceedings{CAVSR,
  title={Compression-aware video super-resolution},
  author={Wang, Yingwei and Isobe, Takashi and Jia, Xu and Tao, Xin and Lu, Huchuan and Tai, Yu-Wing},
  booktitle={Proceedings of the IEEE/CVF Conference on Computer Vision and Pattern Recognition},
  pages={2012--2021},
  year={2023}
}

@article{CCSR,
  title={Improving the stability of diffusion models for content consistent super-resolution},
  author={Sun, Lingchen and Wu, Rongyuan and Zhang, Zhengqiang and Yong, Hongwei and Zhang, Lei},
  journal={arXiv preprint arXiv:2401.00877},
  year={2023}
}

@inproceedings{COMISR,
  title={COMISR: Compression-informed video super-resolution},
  author={Li, Yinxiao and Jin, Pengchong and Yang, Feng and Liu, Ce and Yang, Ming-Hsuan and Milanfar, Peyman},
  booktitle={Proceedings of the IEEE/CVF international conference on computer vision},
  pages={2543--2552},
  year={2021}
}

@inproceedings{DCN,
  title={Deformable convolutional networks},
  author={Dai, Jifeng and Qi, Haozhi and Xiong, Yuwen and Li, Yi and Zhang, Guodong and Hu, Han and Wei, Yichen},
  booktitle={Proceedings of the IEEE international conference on computer vision},
  pages={764--773},
  year={2017}
}

@inproceedings{DUF,
  title={Deep video super-resolution network using dynamic upsampling filters without explicit motion compensation},
  author={Jo, Younghyun and Oh, Seoung Wug and Kang, Jaeyeon and Kim, Seon Joo},
  booktitle={Proceedings of the IEEE conference on computer vision and pattern recognition},
  pages={3224--3232},
  year={2018}
}

@inproceedings{EDVR,
  title={{EDVR: Video restoration with enhanced deformable convolutional networks}},
  author={Wang, Xintao and Chan, Kelvin CK and Yu, Ke and Dong, Chao and Change Loy, Chen},
  booktitle={Proceedings of the IEEE/CVF conference on computer vision and pattern recognition workshops},
  pages={1954--1963},
  year={2019}
}

@inproceedings{FTVSR,
  title={Learning spatiotemporal frequency-transformer for compressed video super-resolution},
  author={Qiu, Zhongwei and Yang, Huan and Fu, Jianlong and Fu, Dongmei},
  booktitle={European Conference on Computer Vision},
  pages={257--273},
  year={2022},
  organization={Springer}
}

@inproceedings{MGLD-VSR,
  title={Motion-guided latent diffusion for temporally consistent real-world video super-resolution},
  author={Yang, Xi and He, Chenhang and Ma, Jianqi and Zhang, Lei},
  booktitle={European Conference on Computer Vision},
  pages={224--242},
  year={2025},
  organization={Springer}
}

@inproceedings{RBPN,
  title={Recurrent back-projection network for video super-resolution},
  author={Haris, Muhammad and Shakhnarovich, Gregory and Ukita, Norimichi},
  booktitle={Proceedings of the IEEE/CVF conference on computer vision and pattern recognition},
  pages={3897--3906},
  year={2019}
}

@inproceedings{RLSP,
  title={Efficient video super-resolution through recurrent latent space propagation},
  author={Fuoli, Dario and Gu, Shuhang and Timofte, Radu},
  booktitle={2019 IEEE/CVF International Conference on Computer Vision Workshop (ICCVW)},
  pages={3476--3485},
  year={2019},
  organization={IEEE}
}

@inproceedings{RealBasicVSR,
  title={Investigating tradeoffs in real-world video super-resolution},
  author={Chan, Kelvin CK and Zhou, Shangchen and Xu, Xiangyu and Loy, Chen Change},
  booktitle={Proceedings of the IEEE/CVF Conference on Computer Vision and Pattern Recognition},
  pages={5962--5971},
  year={2022}
}

@inproceedings{RealESRGAN,
  title={Real-ESRGAN: Training real-world blind super-resolution with pure synthetic data},
  author={Wang, Xintao and Xie, Liangbin and Dong, Chao and Shan, Ying},
  booktitle={Proceedings of the IEEE/CVF international conference on computer vision},
  pages={1905--1914},
  year={2021}
}

@inproceedings{RealVSR,
  title={Real-world video super-resolution: A benchmark dataset and a decomposition based learning scheme},
  author={Yang, Xi and Xiang, Wangmeng and Zeng, Hui and Zhang, Lei},
  booktitle={Proceedings of the IEEE/CVF International Conference on Computer Vision},
  pages={4781--4790},
  year={2021}
}

@inproceedings{SATeCo,
  title={Learning spatial adaptation and temporal coherence in diffusion models for video super-resolution},
  author={Chen, Zhikai and Long, Fuchen and Qiu, Zhaofan and Yao, Ting and Zhou, Wengang and Luo, Jiebo and Mei, Tao},
  booktitle={Proceedings of the IEEE/CVF Conference on Computer Vision and Pattern Recognition},
  pages={9232--9241},
  year={2024}
}

@article{SR3,
  title={Image super-resolution via iterative refinement},
  author={Saharia, Chitwan and Ho, Jonathan and Chan, William and Salimans, Tim and Fleet, David J and Norouzi, Mohammad},
  journal={IEEE transactions on pattern analysis and machine intelligence},
  volume={45},
  number={4},
  pages={4713--4726},
  year={2022},
  publisher={IEEE}
}

@inproceedings{SUPIR,
  title={Scaling up to excellence: Practicing model scaling for photo-realistic image restoration in the wild},
  author={Yu, Fanghua and Gu, Jinjin and Li, Zheyuan and Hu, Jinfan and Kong, Xiangtao and Wang, Xintao and He, Jingwen and Qiao, Yu and Dong, Chao},
  booktitle={Proceedings of the IEEE/CVF Conference on Computer Vision and Pattern Recognition},
  pages={25669--25680},
  year={2024}
}

@article{StableSR,
  title={Exploiting diffusion prior for real-world image super-resolution},
  author={Wang, Jianyi and Yue, Zongsheng and Zhou, Shangchen and Chan, Kelvin CK and Loy, Chen Change},
  journal={International Journal of Computer Vision},
  pages={1--21},
  year={2024},
  publisher={Springer}
}

@inproceedings{TDAN,
  title={{TDAN: Temporally-deformable alignment network for video super-resolution}},
  author={Tian, Yapeng and Zhang, Yulun and Fu, Yun and Xu, Chenliang},
  booktitle={Proceedings of the IEEE/CVF conference on computer vision and pattern recognition},
  pages={3360--3369},
  year={2020}
}

@inproceedings{Upscale-A-Video,
  title={Upscale-A-Video: Temporal-consistent diffusion model for real-world video super-resolution},
  author={Zhou, Shangchen and Yang, Peiqing and Wang, Jianyi and Luo, Yihang and Loy, Chen Change},
  booktitle={Proceedings of the IEEE/CVF Conference on Computer Vision and Pattern Recognition},
  pages={2535--2545},
  year={2024}
}

@inproceedings{VESPCN,
  title={Real-time video super-resolution with spatio-temporal networks and motion compensation},
  author={Caballero, Jose and Ledig, Christian and Aitken, Andrew and Acosta, Alejandro and Totz, Johannes and Wang, Zehan and Shi, Wenzhe},
  booktitle={Proceedings of the IEEE conference on computer vision and pattern recognition},
  pages={4778--4787},
  year={2017}
}

@article{VRT,
  title={VRT: A video restoration transformer},
  author={Liang, Jingyun and Cao, Jiezhang and Fan, Yuchen and Zhang, Kai and Ranjan, Rakesh and Li, Yawei and Timofte, Radu and Van Gool, Luc},
  journal={IEEE Transactions on Image Processing},
  year={2024},
  publisher={IEEE}
}

@article{VSRnet,
  title={Video super-resolution with convolutional neural networks},
  author={Kappeler, Armin and Yoo, Seunghwan and Dai, Qiqin and Katsaggelos, Aggelos K},
  journal={IEEE transactions on computational imaging},
  volume={2},
  number={2},
  pages={109--122},
  year={2016},
  publisher={IEEE}
}

