@article{VSRnet,
  title={Video super-resolution with convolutional neural networks},
  author={Kappeler, Armin and Yoo, Seunghwan and Dai, Qiqin and Katsaggelos, Aggelos K},
  journal={IEEE transactions on computational imaging},
  volume={2},
  number={2},
  pages={109--122},
  year={2016},
  publisher={IEEE}
}

@inproceedings{DUF,
  title={Deep video super-resolution network using dynamic upsampling filters without explicit motion compensation},
  author={Jo, Younghyun and Oh, Seoung Wug and Kang, Jaeyeon and Kim, Seon Joo},
  booktitle={Proceedings of the IEEE conference on computer vision and pattern recognition},
  pages={3224--3232},
  year={2018}
}

@inproceedings{EDVR,
  title={{EDVR: Video restoration with enhanced deformable convolutional networks}},
  author={Wang, Xintao and Chan, Kelvin CK and Yu, Ke and Dong, Chao and Change Loy, Chen},
  booktitle={Proceedings of the IEEE/CVF conference on computer vision and pattern recognition workshops},
  pages={1954--1963},
  year={2019}
}

@inproceedings{TDAN,
  title={{TDAN: Temporally-deformable alignment network for video super-resolution}},
  author={Tian, Yapeng and Zhang, Yulun and Fu, Yun and Xu, Chenliang},
  booktitle={Proceedings of the IEEE/CVF conference on computer vision and pattern recognition},
  pages={3360--3369},
  year={2020}
}

@inproceedings{RBPN,
  title={Recurrent back-projection network for video super-resolution},
  author={Haris, Muhammad and Shakhnarovich, Gregory and Ukita, Norimichi},
  booktitle={Proceedings of the IEEE/CVF conference on computer vision and pattern recognition},
  pages={3897--3906},
  year={2019}
}

@inproceedings{BasicVSR,
  title={{BasicVSR: The search for essential components in video super-resolution and beyond}},
  author={Chan, Kelvin CK and Wang, Xintao and Yu, Ke and Dong, Chao and Loy, Chen Change},
  booktitle={Proceedings of the IEEE/CVF conference on computer vision and pattern recognition},
  pages={4947--4956},
  year={2021}
}

@inproceedings{BasicVSR++,
  title={{BasicVSR++: Improving video super-resolution with enhanced propagation and alignment}},
  author={Chan, Kelvin CK and Zhou, Shangchen and Xu, Xiangyu and Loy, Chen Change},
  booktitle={Proceedings of the IEEE/CVF conference on computer vision and pattern recognition},
  pages={5972--5981},
  year={2022}
}

@article{Patch,
  title={Rethinking alignment in video super-resolution transformers},
  author={Shi, Shuwei and Gu, Jinjin and Xie, Liangbin and Wang, Xintao and Yang, Yujiu and Dong, Chao},
  journal={Advances in Neural Information Processing Systems},
  volume={35},
  pages={36081--36093},
  year={2022}
}

@InProceedings{TTVSR,
    author    = {Liu, Chengxu and Yang, Huan and Fu, Jianlong and Qian, Xueming},
    title     = {Learning trajectory-aware transformer for video super-resolution},
    booktitle = {Proceedings of the IEEE/CVF Conference on Computer Vision and Pattern Recognition (CVPR)},
    month     = {June},
    year      = {2022},
    pages     = {5687-5696}
}

@article{VRT,
  title={VRT: A video restoration transformer},
  author={Liang, Jingyun and Cao, Jiezhang and Fan, Yuchen and Zhang, Kai and Ranjan, Rakesh and Li, Yawei and Timofte, Radu and Van Gool, Luc},
  journal={IEEE Transactions on Image Processing},
  year={2024},
  publisher={IEEE}
}

@inproceedings{RLSP,
  title={Efficient video super-resolution through recurrent latent space propagation},
  author={Fuoli, Dario and Gu, Shuhang and Timofte, Radu},
  booktitle={2019 IEEE/CVF International Conference on Computer Vision Workshop (ICCVW)},
  pages={3476--3485},
  year={2019},
  organization={IEEE}
}

@inproceedings{CAVSR,
  title={Compression-aware video super-resolution},
  author={Wang, Yingwei and Isobe, Takashi and Jia, Xu and Tao, Xin and Lu, Huchuan and Tai, Yu-Wing},
  booktitle={Proceedings of the IEEE/CVF Conference on Computer Vision and Pattern Recognition},
  pages={2012--2021},
  year={2023}
}

@inproceedings{COMISR,
  title={COMISR: Compression-informed video super-resolution},
  author={Li, Yinxiao and Jin, Pengchong and Yang, Feng and Liu, Ce and Yang, Ming-Hsuan and Milanfar, Peyman},
  booktitle={Proceedings of the IEEE/CVF international conference on computer vision},
  pages={2543--2552},
  year={2021}
}

@inproceedings{FTVSR,
  title={Learning spatiotemporal frequency-transformer for compressed video super-resolution},
  author={Qiu, Zhongwei and Yang, Huan and Fu, Jianlong and Fu, Dongmei},
  booktitle={European Conference on Computer Vision},
  pages={257--273},
  year={2022},
  organization={Springer}
}

@article{StableSR,
  title={Exploiting diffusion prior for real-world image super-resolution},
  author={Wang, Jianyi and Yue, Zongsheng and Zhou, Shangchen and Chan, Kelvin CK and Loy, Chen Change},
  journal={International Journal of Computer Vision},
  pages={1--21},
  year={2024},
  publisher={Springer}
}

@inproceedings{ControlNet,
  title={Adding conditional control to text-to-image diffusion models},
  author={Zhang, Lvmin and Rao, Anyi and Agrawala, Maneesh},
  booktitle={Proceedings of the IEEE/CVF International Conference on Computer Vision},
  pages={3836--3847},
  year={2023}
}

@inproceedings{SUPIR,
  title={Scaling up to excellence: Practicing model scaling for photo-realistic image restoration in the wild},
  author={Yu, Fanghua and Gu, Jinjin and Li, Zheyuan and Hu, Jinfan and Kong, Xiangtao and Wang, Xintao and He, Jingwen and Qiao, Yu and Dong, Chao},
  booktitle={Proceedings of the IEEE/CVF Conference on Computer Vision and Pattern Recognition},
  pages={25669--25680},
  year={2024}
}

@inproceedings{SeeSR,
  title={SeeSR: Towards semantics-aware real-world image super-resolution},
  author={Wu, Rongyuan and Yang, Tao and Sun, Lingchen and Zhang, Zhengqiang and Li, Shuai and Zhang, Lei},
  booktitle={Proceedings of the IEEE/CVF conference on computer vision and pattern recognition},
  pages={25456--25467},
  year={2024}
}

@inproceedings{CoSeR,
  title={CoSeR: Bridging image and language for cognitive super-resolution},
  author={Sun, Haoze and Li, Wenbo and Liu, Jianzhuang and Chen, Haoyu and Pei, Renjing and Zou, Xueyi and Yan, Youliang and Yang, Yujiu},
  booktitle={Proceedings of the IEEE/CVF Conference on Computer Vision and Pattern Recognition},
  pages={25868--25878},
  year={2024}
}

@inproceedings{DiffBIR,
  title={DiffBIR: Toward Blind Image Restoration with Generative Diffusion Prior},
  author={Lin, Xinqi and He, Jingwen and Chen, Ziyan and Lyu, Zhaoyang and Dai, Bo and Yu, Fanghua and Qiao, Yu and Ouyang, Wanli and Dong, Chao},
  booktitle={European Conference on Computer Vision},
  pages={430--448},
  year={2025},
  organization={Springer}
}

@inproceedings{MGLD-VSR,
  title={Motion-guided latent diffusion for temporally consistent real-world video super-resolution},
  author={Yang, Xi and He, Chenhang and Ma, Jianqi and Zhang, Lei},
  booktitle={European Conference on Computer Vision},
  pages={224--242},
  year={2025},
  organization={Springer}
}

@inproceedings{SATeCo,
  title={Learning spatial adaptation and temporal coherence in diffusion models for video super-resolution},
  author={Chen, Zhikai and Long, Fuchen and Qiu, Zhaofan and Yao, Ting and Zhou, Wengang and Luo, Jiebo and Mei, Tao},
  booktitle={Proceedings of the IEEE/CVF Conference on Computer Vision and Pattern Recognition},
  pages={9232--9241},
  year={2024}
}

@inproceedings{Upscale-A-Video,
  title={Upscale-A-Video: Temporal-consistent diffusion model for real-world video super-resolution},
  author={Zhou, Shangchen and Yang, Peiqing and Wang, Jianyi and Luo, Yihang and Loy, Chen Change},
  booktitle={Proceedings of the IEEE/CVF Conference on Computer Vision and Pattern Recognition},
  pages={2535--2545},
  year={2024}
}

@inproceedings{LDM,
  title={High-resolution image synthesis with latent diffusion models},
  author={Rombach, Robin and Blattmann, Andreas and Lorenz, Dominik and Esser, Patrick and Ommer, Bj{\"o}rn},
  booktitle={Proceedings of the IEEE/CVF conference on computer vision and pattern recognition},
  pages={10684--10695},
  year={2022}
}

@article{H.264,
  title={Overview of the H. 264/AVC video coding standard},
  author={Wiegand, Thomas and Sullivan, Gary J and Bjontegaard, Gisle and Luthra, Ajay},
  journal={IEEE Transactions on circuits and systems for video technology},
  volume={13},
  number={7},
  pages={560--576},
  year={2003},
  publisher={IEEE}
}

@inproceedings{UNet,
  title={U-Net: Convolutional networks for biomedical image segmentation},
  author={Ronneberger, Olaf and Fischer, Philipp and Brox, Thomas},
  booktitle={Medical image computing and computer-assisted intervention--MICCAI 2015: 18th international conference, Munich, Germany, October 5-9, 2015, proceedings, part III 18},
  pages={234--241},
  year={2015},
  organization={Springer}
}

@inproceedings{SwinIR,
  title={SwinIR: Image restoration using swin transformer},
  author={Liang, Jingyun and Cao, Jiezhang and Sun, Guolei and Zhang, Kai and Van Gool, Luc and Timofte, Radu},
  booktitle={Proceedings of the IEEE/CVF international conference on computer vision},
  pages={1833--1844},
  year={2021}
}

@inproceedings{PixelShuffle,
  title={Real-time single image and video super-resolution using an efficient sub-pixel convolutional neural network},
  author={Shi, Wenzhe and Caballero, Jose and Husz{\'a}r, Ferenc and Totz, Johannes and Aitken, Andrew P and Bishop, Rob and Rueckert, Daniel and Wang, Zehan},
  booktitle={Proceedings of the IEEE conference on computer vision and pattern recognition},
  pages={1874--1883},
  year={2016}
}

@article{PromptIR,
  title={PromptIR: Prompting for all-in-one image restoration},
  author={Potlapalli, Vaishnav and Zamir, Syed Waqas and Khan, Salman H and Shahbaz Khan, Fahad},
  journal={Advances in Neural Information Processing Systems},
  volume={36},
  year={2024}
}

@article{Prompt,
  title={Language models are few-shot learners},
  author={Brown, Tom and Mann, Benjamin and Ryder, Nick and Subbiah, Melanie and Kaplan, Jared D and Dhariwal, Prafulla and Neelakantan, Arvind and Shyam, Pranav and Sastry, Girish and Askell, Amanda and others},
  journal={Advances in neural information processing systems},
  volume={33},
  pages={1877--1901},
  year={2020}
}

@inproceedings{TAV,
  title={Tune-A-Video: One-shot tuning of image diffusion models for text-to-video generation},
  author={Wu, Jay Zhangjie and Ge, Yixiao and Wang, Xintao and Lei, Stan Weixian and Gu, Yuchao and Shi, Yufei and Hsu, Wynne and Shan, Ying and Qie, Xiaohu and Shou, Mike Zheng},
  booktitle={Proceedings of the IEEE/CVF International Conference on Computer Vision},
  pages={7623--7633},
  year={2023}
}

@inproceedings{RAFT,
  title={RAFT: Recurrent all-pairs field transforms for optical flow},
  author={Teed, Zachary and Deng, Jia},
  booktitle={Computer Vision--ECCV 2020: 16th European Conference, Glasgow, UK, August 23--28, 2020, Proceedings, Part II 16},
  pages={402--419},
  year={2020},
  organization={Springer}
}

@inproceedings{REDS,
  title={NTIRE 2019 challenge on video deblurring and super-resolution: Dataset and study},
  author={Nah, Seungjun and Baik, Sungyong and Hong, Seokil and Moon, Gyeongsik and Son, Sanghyun and Timofte, Radu and Mu Lee, Kyoung},
  booktitle={Proceedings of the IEEE/CVF conference on computer vision and pattern recognition workshops},
  pages={0--0},
  year={2019}
}

@article{Vid4,
  title={On Bayesian adaptive video super resolution},
  author={Liu, Ce and Sun, Deqing},
  journal={IEEE transactions on pattern analysis and machine intelligence},
  volume={36},
  number={2},
  pages={346--360},
  year={2013},
  publisher={IEEE}
}

@inproceedings{LPIPS,
  title={The unreasonable effectiveness of deep features as a perceptual metric},
  author={Zhang, Richard and Isola, Phillip and Efros, Alexei A and Shechtman, Eli and Wang, Oliver},
  booktitle={Proceedings of the IEEE conference on computer vision and pattern recognition},
  pages={586--595},
  year={2018}
}

@article{DISTS,
  title={Image quality assessment: Unifying structure and texture similarity},
  author={Ding, Keyan and Ma, Kede and Wang, Shiqi and Simoncelli, Eero P},
  journal={IEEE transactions on pattern analysis and machine intelligence},
  volume={44},
  number={5},
  pages={2567--2581},
  year={2020},
  publisher={IEEE}
}

@article{NIQE,
  title={Making a “completely blind” image quality analyzer},
  author={Mittal, Anish and Soundararajan, Rajiv and Bovik, Alan C},
  journal={IEEE Signal processing letters},
  volume={20},
  number={3},
  pages={209--212},
  year={2012},
  publisher={IEEE}
}

@inproceedings{CLIPIQA,
  title={Exploring clip for assessing the look and feel of images},
  author={Wang, Jianyi and Chan, Kelvin CK and Loy, Chen Change},
  booktitle={Proceedings of the AAAI Conference on Artificial Intelligence},
  volume={37},
  number={2},
  pages={2555--2563},
  year={2023}
}

@article{FID,
  title={GANs trained by a two time-scale update rule converge to a local nash equilibrium},
  author={Heusel, Martin and Ramsauer, Hubert and Unterthiner, Thomas and Nessler, Bernhard and Hochreiter, Sepp},
  journal={Advances in neural information processing systems},
  volume={30},
  year={2017}
}

@inproceedings{MANIQA,
  title={MANIQA: Multi-dimension attention network for no-reference image quality assessment},
  author={Yang, Sidi and Wu, Tianhe and Shi, Shuwei and Lao, Shanshan and Gong, Yuan and Cao, Mingdeng and Wang, Jiahao and Yang, Yujiu},
  booktitle={Proceedings of the IEEE/CVF Conference on Computer Vision and Pattern Recognition},
  pages={1191--1200},
  year={2022}
}

@inproceedings{DCN,
  title={Deformable convolutional networks},
  author={Dai, Jifeng and Qi, Haozhi and Xiong, Yuwen and Li, Yi and Zhang, Guodong and Hu, Han and Wei, Yichen},
  booktitle={Proceedings of the IEEE international conference on computer vision},
  pages={764--773},
  year={2017}
}

@inproceedings{RealESRGAN,
  title={Real-ESRGAN: Training real-world blind super-resolution with pure synthetic data},
  author={Wang, Xintao and Xie, Liangbin and Dong, Chao and Shan, Ying},
  booktitle={Proceedings of the IEEE/CVF international conference on computer vision},
  pages={1905--1914},
  year={2021}
}

@inproceedings{RealBasicVSR,
  title={Investigating tradeoffs in real-world video super-resolution},
  author={Chan, Kelvin CK and Zhou, Shangchen and Xu, Xiangyu and Loy, Chen Change},
  booktitle={Proceedings of the IEEE/CVF Conference on Computer Vision and Pattern Recognition},
  pages={5962--5971},
  year={2022}
}

@article{SR3,
  title={Image super-resolution via iterative refinement},
  author={Saharia, Chitwan and Ho, Jonathan and Chan, William and Salimans, Tim and Fleet, David J and Norouzi, Mohammad},
  journal={IEEE transactions on pattern analysis and machine intelligence},
  volume={45},
  number={4},
  pages={4713--4726},
  year={2022},
  publisher={IEEE}
}

@article{CCSR,
  title={Improving the stability of diffusion models for content consistent super-resolution},
  author={Sun, Lingchen and Wu, Rongyuan and Zhang, Zhengqiang and Yong, Hongwei and Zhang, Lei},
  journal={arXiv preprint arXiv:2401.00877},
  year={2023}
}

@inproceedings{UDM10,
  title={Progressive fusion video super-resolution network via exploiting non-local spatio-temporal correlations},
  author={Yi, Peng and Wang, Zhongyuan and Jiang, Kui and Jiang, Junjun and Ma, Jiayi},
  booktitle={Proceedings of the IEEE/CVF international conference on computer vision},
  pages={3106--3115},
  year={2019}
}

@article{Adam,
  title={Adam: a method for stochastic optimization},
  author={Kingma, DP},
  journal={arXiv preprint arXiv:1412.6980},
  year={2014}
}

@misc{VMAF,
  title={Toward a practical perceptual video quality metric},
  author={Blog, NT},
  year={2016},
  publisher={Jun}
}

@article{VMAF0,
  title={Image information and visual quality},
  author={Sheikh, Hamid R and Bovik, Alan C},
  journal={IEEE Transactions on image processing},
  volume={15},
  number={2},
  pages={430--444},
  year={2006},
  publisher={IEEE}
}

@article{VMAF1,
  title={Image quality assessment by separately evaluating detail losses and additive impairments},
  author={Li, Songnan and Zhang, Fan and Ma, Lin and Ngan, King Ngi},
  journal={IEEE Transactions on Multimedia},
  volume={13},
  number={5},
  pages={935--949},
  year={2011},
  publisher={IEEE}
}

@inproceedings{Color,
  title={Perception prioritized training of diffusion models},
  author={Choi, Jooyoung and Lee, Jungbeom and Shin, Chaehun and Kim, Sungwon and Kim, Hyunwoo and Yoon, Sungroh},
  booktitle={Proceedings of the IEEE/CVF Conference on Computer Vision and Pattern Recognition},
  pages={11472--11481},
  year={2022}
}

@inproceedings{Adain,
  title={Arbitrary style transfer in real-time with adaptive instance normalization},
  author={Huang, Xun and Belongie, Serge},
  booktitle={Proceedings of the IEEE international conference on computer vision},
  pages={1501--1510},
  year={2017}
}

@inproceedings{VESPCN,
  title={Real-time video super-resolution with spatio-temporal networks and motion compensation},
  author={Caballero, Jose and Ledig, Christian and Aitken, Andrew and Acosta, Alejandro and Totz, Johannes and Wang, Zehan and Shi, Wenzhe},
  booktitle={Proceedings of the IEEE conference on computer vision and pattern recognition},
  pages={4778--4787},
  year={2017}
}

@inproceedings{RealVSR,
  title={Real-world video super-resolution: A benchmark dataset and a decomposition based learning scheme},
  author={Yang, Xi and Xiang, Wangmeng and Zeng, Hui and Zhang, Lei},
  booktitle={Proceedings of the IEEE/CVF International Conference on Computer Vision},
  pages={4781--4790},
  year={2021}
}

@inproceedings{LDL,
  title={Details or artifacts: A locally discriminative learning approach to realistic image super-resolution},
  author={Liang, Jie and Zeng, Hui and Zhang, Lei},
  booktitle={Proceedings of the IEEE/CVF Conference on Computer Vision and Pattern Recognition},
  pages={5657--5666},
  year={2022}
}