

% Intro

@article{Kahneman_ReviewingOfObjectFiles_1992,
	title={The reviewing of object files: Object-specific integration of information},
	author={Kahneman, Daniel and Treisman, Anne and Gibbs, Brian J},
	journal={Cognitive psychology},
	volume={24},
	number={2},
	pages={175--219},
	year={1992},
	publisher={Elsevier}
}

@inproceedings{Dittadi_GeneralizationAndRobustnessImplicationsInObjectCentricLearning_2022,
	title={Generalization and Robustness Implications in Object-Centric Learning},
	author={Dittadi, Andrea and Papa, Samuele and De Vita, Michele and Sch{\"o}lkopf, Bernhard and Winther, Ole and Locatello, Francesco},
	booktitle={International Conference on Machine Learning (ICML)},
	year={2022},
}

@article{Greff_OnTheBindingProblemInNeuralNetworks_2020,
	title={On the binding problem in artificial neural networks},
	author={Greff, Klaus and Van Steenkiste, Sjoerd and Schmidhuber, J{\"u}rgen},
	journal={arXiv preprint arXiv:2012.05208},
	year={2020}
}

@inproceedings{Lin_UnsupervisedObjectOrientedSceneRepresentationViaSpatialAttentionAndDecomposition_2020,
	title={Space: Unsupervised object-oriented scene representation via spatial attention and decomposition},
	author={Lin, Zhixuan and Wu, Yi-Fu and Peri, Skand Vishwanath and Sun, Weihao and Singh, Gautam and Deng, Fei and Jiang, Jindong and Ahn, Sungjin},
	booktitle={International Conference on Learning Representations ({ICLR})},
	year={2020},
}

@article{Singh_STEVE_2022,
	title={Simple unsupervised object-centric learning for complex and naturalistic videos},
	author={Singh, Gautam and Wu, Yi-Fu and Ahn, Sungjin},
	journal={Advances in Neural Information Processing Systems (NeurIPS)},
	volume={35},
	pages={18181--18196},
	year={2022}
}



@article{Zadaianchuk_VideoSaur_2024,
	title={Object-centric learning for real-world videos by predicting temporal feature similarities},
	author={Zadaianchuk, Andrii and Seitzer, Maximilian and Martius, Georg},
	journal={Advances in Neural Information Processing Systems (NeurIPS)},
	volume={36},
	year={2024}
}



$ Related Works

@article{bengio2013representation,
	title={Representation Learning: A Review and New Perspectives},
	author={Bengio, Yoshua and Courville, Aaron and Vincent, Pascal},
	journal={IEEE Transactions on Pattern Analysis and Machine Intelligence (TPAMI)},
	year={2013},
}

@inproceedings{greff2019multi,
	title={Multi-Object Representation Learning with Iterative Variational Inference},
	author={Klaus Greff and
	Rapha{\"{e}}l Lopez Kaufman and
	Rishabh Kabra and
	Nick Watters and
	Chris Burgess and
	Daniel Zoran and
	Loic Matthey and
	Matthew M. Botvinick and
	Alexander Lerchner},
	booktitle={International Conference on Machine Learning (ICML)},
	year={2019},
}

@article{burgess2019monet,
	title={MONet: Unsupervised Scene Decomposition and Representation},
	author={Christopher P. Burgess and
	Lo{\"{\i}}c Matthey and
	Nicholas Watters and
	Rishabh Kabra and
	Irina Higgins and
	Matthew M. Botvinick and
	Alexander Lerchner},
	journal={CoRR},
	year={2019},
}

@inproceedings{lin2020space,
	title={{SPACE:} Unsupervised Object-Oriented Scene Representation via Spatial
	Attention and Decomposition},
	author={Zhixuan Lin and
	Yi{-}Fu Wu and
	Skand Vishwanath Peri and
	Weihao Sun and
	Gautam Singh and
	Fei Deng and
	Jindong Jiang and
	Sungjin Ahn},
	booktitle={International Conference on Learning Representations (ICLR)},
	year={2020},
}

@inproceedings{villar2021unsupervised,
	title={Unsupervised Image Decomposition with Phase-Correlation Networks},
	author={Angel Villar{-}Corrales and Sven Behnke},
	booktitle={International Joint Conference on Computer Vision, Imaging and Computer Graphics Theory and Applications (VISIGRAPP)},
	year={2022},
}

@article{elsayed2022savi++,
	title={Savi++: Towards end-to-end object-centric learning from real-world videos},
	author={Elsayed, Gamaleldin and Mahendran, Aravindh and Van Steenkiste, Sjoerd and Greff, Klaus and Mozer, Michael C and Kipf, Thomas},
	journal={Advances in Neural Information Processing Systems (NeurIPS)},
	year={2022}
}

@article{aydemir2023self,
  title={Self-supervised object-centric learning for videos},
  author={Aydemir, G{\"o}rkay and Xie, Weidi and Guney, Fatma},
  journal={Advances in Neural Information Processing Systems (NeurIPS)},
  year={2023}
}

@inproceedings{kakogeorgiou2024spot,
  title={SPOT: Self-Training with Patch-Order Permutation for Object-Centric Learning with Autoregressive Transformers},
  author={Kakogeorgiou, Ioannis and Gidaris, Spyros and Karantzalos, Konstantinos and Komodakis, Nikos},
  booktitle={IEEE/CVF Conference on Computer Vision and Pattern Recognition (CVPR)},
  year={2024}
}

@article{russakovsky2015imagenet,
  title={Imagenet large scale visual recognition challenge},
  author={Russakovsky, Olga and Deng, Jia and Su, Hao and Krause, Jonathan and Satheesh, Sanjeev and Ma, Sean and Huang, Zhiheng and Karpathy, Andrej and Khosla, Aditya and Bernstein, Michael and others},
  journal={International journal of computer vision},
  volume={115},
  pages={211--252},
  year={2015},
  publisher={Springer}
}

@inproceedings{rombach2022high,
  title={High-resolution image synthesis with latent diffusion models},
  author={Rombach, Robin and Blattmann, Andreas and Lorenz, Dominik and Esser, Patrick and Ommer, Bj{\"o}rn},
  booktitle={IEEE/CVF Conference on Computer Vision and Pattern Recognition},
  year={2022}
}

@inproceedings{radford2021learning,
  title={Learning transferable visual models from natural language supervision},
  author={Radford, Alec and Kim, Jong Wook and Hallacy, Chris and Ramesh, Aditya and Goh, Gabriel and Agarwal, Sandhini and Sastry, Girish and Askell, Amanda and Mishkin, Pamela and Clark, Jack and others},
  booktitle={International Conference on Machine Learning (ICML)},
  year={2021},
}

@inproceedings{goyal2017something,
  title={The" something something" video database for learning and evaluating visual common sense},
  author={Goyal, Raghav and Ebrahimi Kahou, Samira and Michalski, Vincent and Materzynska, Joanna and Westphal, Susanne and Kim, Heuna and Haenel, Valentin and Fruend, Ingo and Yianilos, Peter and Mueller-Freitag, Moritz and others},
  booktitle={IEEE International Conference on Computer Vision (ICCV)},
  year={2017}
}

@inproceedings{kingma2014adam,
	title={Adam: {A} Method for Stochastic Optimization},
	author={Diederik P. Kingma and Jimmy Ba},
	booktitle = {International Conference on Learning Representations (ICLR)},
	year={2015},
}


% Video Pred
@article{oprea2020review,
	title={A review on deep learning techniques for video prediction},
	author={Oprea, Sergiu and Martinez-Gonzalez, Pablo and Garcia-Garcia, Alberto and Castro-Vargas, John Alejandro and Orts-Escolano, Sergio and Garcia-Rodriguez, Jose and Argyros, Antonis},
	journal={IEEE Transactions on Pattern Analysis and Machine Intelligence (TPAMI)},
	year={2020},
}

@inproceedings{gao2022simvp,
	title={{SimVP: Simpler yet better video prediction}},
	author={Gao, Zhangyang and Tan, Cheng and Wu, Lirong and Li, Stan Z},
	booktitle={IEEE/CVF Conference on Computer Vision and Pattern Recognition (CVPR)},
	year={2022}
}


@article{chiu2020segmenting,
	title={Segmenting the future},
	author={Chiu, Hsu-kuang and Adeli, Ehsan and Niebles, Juan Carlos},
	journal={IEEE Robotics and Automation Letters (RAL)},
	volume={5},
	number={3},
	pages={4202--4209},
	year={2020},
}


@article{villar2022mspred,
	title={{MSPred: Video prediction at multiple spatio-temporal scales with hierarchical recurrent networks}},
	author={Villar-Corrales, Angel and Karapetyan, Ani and Boltres, Andreas and Behnke, Sven},
	journal={British Machine Vision Conference (BMVC)},
	year={2022}
}

@article{wang2022predrnn,
	title={{PredRNN: A recurrent neural network for spatiotemporal predictive learning}},
	author={Wang, Yunbo and Wu, Haixu and Zhang, Jianjin and Gao, Zhifeng and Wang, Jianmin and Philip, S Yu and Long, Mingsheng},
	journal={IEEE Transactions on Pattern Analysis and Machine Intelligence (TPAMI)},
	volume={45},
	number={2},
	pages={2208--2225},
	year={2022},
}

@inproceedings{guen2020disentangling,
	title={Disentangling physical dynamics from unknown factors for unsupervised video prediction},
	author={Guen, Vincent Le and Thome, Nicolas},
	booktitle={IEEE/CVF Conference on Computer Vision and Pattern Recognition},
	year={2020}
}

@inproceedings{denton2018stochastic,
	title={Stochastic video generation with a learned prior},
	author={Denton, Emily and Fergus, Rob},
	booktitle={International Conference on Machine Learning (ICML)},
	year={2018},
}

@inproceedings{franceschi2020stochastic,
	title={Stochastic latent residual video prediction},
	author={Franceschi, Jean-Yves and Delasalles, Edouard and Chen, Micka{\"e}l and Lamprier, Sylvain and Gallinari, Patrick},
	booktitle={International Conference on Machine Learning (ICML)},
	year={2020},
}


@inproceedings{rakhimov2020latent,
	title={Latent video transformer},
	author={Rakhimov, Ruslan and Volkhonskiy, Denis and Artemov, Alexey and Zorin, Denis and Burnaev, Evgeny},
	booktitle={International Joint Conference on Computer Vision, Imaging and Computer Graphics Theory and Applications (VISIGRAPP)},
	year={2021},
}

@inproceedings{ye2022vptr,
	title={{VPTR: Efficient transformers for video prediction}},
	author={Ye, Xi and Bilodeau, Guillaume-Alexandre},
	booktitle={International Conference on Pattern Recognition (ICPR)},
	year={2022},
	organization={IEEE}
}

@article{ye2023video,
	title={Video prediction by efficient transformers},
	author={Ye, Xi and Bilodeau, Guillaume-Alexandre},
	journal={Image and Vision Computing},
	volume={130},
	pages={104612},
	year={2023},
}


@inproceedings{vondrick2016generating,
	title={Generating videos with scene dynamics},
	author={Vondrick, Carl and Pirsiavash, Hamed and Torralba, Antonio},
	booktitle={Advances in Neural Information Processing Systems (NeurIPS)},
	year={2016}
}

@inproceedings{tulyakov2018mocogan,
	title={{MocoGAN: Decomposing motion and content for video generation}},
	author={Tulyakov, Sergey and Liu, Ming-Yu and Yang, Xiaodong and Kautz, Jan},
	booktitle={IEEE Conference on Computer Vision and Pattern Recognition},
	year={2018}
}



@article{hoppe2022diffusion,
	title={Diffusion models for video prediction and infilling},
	author={H{\"o}ppe, Tobias and Mehrjou, Arash and Bauer, Stefan and Nielsen, Didrik and Dittadi, Andrea},
	journal={arXiv preprint arXiv:2206.07696},
	year={2022}
}

@article{ho2022video,
	title={Video diffusion models},
	author={Ho, Jonathan and Salimans, Tim and Gritsenko, Alexey and Chan, William and Norouzi, Mohammad and Fleet, David J},
	journal={Advances in Neural Information Processing Systems (NeurIPS)},
	volume={35},
	pages={8633--8646},
	year={2022}
}


% OCVP

@inproceedings{creswell2021unsupervised,
	title={Unsupervised object-based transition models for 3d partially observable environments},
	author={Creswell, Antonia and Kabra, Rishabh and Burgess, Chris and Shanahan, Murray},
	booktitle={Advances in Neural Information Processing Systems (NeurIPS)},
	year={2021}
}

@inproceedings{wu2021generative,
	title={Generative video transformer: Can objects be the words?},
	author={Wu, Yi-Fu and Yoon, Jaesik and Ahn, Sungjin},
	booktitle={International Conference on Machine Learning (ICML)},
	year={2021},
}

@inproceedings{villar2023object,
	title={Object-centric video prediction via decoupling of object dynamics and interactions},
	author={Villar-Corrales, Angel and Wahdan, Ismail and Behnke, Sven},
	booktitle={IEEE International Conference on Image Processing (ICIP)},
	year={2023},
}

@inproceedings{Wu_SlotFormer_2022,
	title={Slot{F}ormer: Unsupervised Visual Dynamics Simulation with Object-Centric Models},
	author={Wu, Ziyi and Dvornik, Nikita and Greff, Klaus and Kipf, Thomas and Garg, Animesh},
	booktitle = {International Conference on Learning Representations (ICLR)},
	year={2023}
}


@inproceedings{Song_ObjectMotionAppearanceDynamics_2023,
	title={Learning Object Motion and Appearance Dynamics with Object-Centric Representations},
	author={Song, Yeon-Ji and Kim, Hyunseo and Choi, Suhyung and Kim, Jin-Hwa and Zhang, Byoung-Tak},
	booktitle={Advances in Neural Information Processing Systems Workshops (NeurIPSW)},
	year={2023}
}

@article{Daniel_DDLP_2024,
	title={{DDLP: Unsupervised Object-centric Video Prediction with Deep Dynamic Latent Particles}},
	author={Tal Daniel and Aviv Tamar},
	journal={Transactions on Machine Learning Research (TMLR)},
	year={2024}
}


@inproceedings{Mosbach_SOLDReinforcementLearningSlotObjectCentricLatentDynamics,
	title={{SOLD: Reinforcement Learning with Slot Object-Centric Latent Dynamics}},
	author={Mosbach, Malte and Niklas Ewertz, Jan and Villar-Corrales, Angel and Behnke, Sven},
	booktitle={arXiv preprint arXiv:2410.08822},
	year={2024}
}


@inproceedings{Zoran_PARTS_2021,
	title={Parts: Unsupervised segmentation with slots, attention and independence maximization},
	author={Zoran, Daniel and Kabra, Rishabh and Lerchner, Alexander and Rezende, Danilo J},
	booktitle={IEEE/CVF International Conference on Computer Vision (ICCV)},
	year={2021}
}

@article{Nguyen_ReusableSlotwiseMechanisms_2024,
	title={Reusable slotwise mechanisms},
	author={Nguyen, Trang and Mansouri, Amin and Madan, Kanika and Nguyen, Khuong Duy and Ahuja, Kartik and Liu, Dianbo and Bengio, Yoshua},
	journal={Advances in Neural Information Processing Systems (NeurIPS)},
	volume={36},
	year={2024}
}



% Text-Conditioned VP

@inproceedings{hu2022make,
	title={Make it move: Controllable image-to-video generation with text descriptions},
	author={Hu, Yaosi and Luo, Chong and Chen, Zhenzhong},
	booktitle={IEEE/CVF Conference on Computer Vision and Pattern Recognition (CVPR)},
	year={2022}
}


@inproceedings{gu2023seer,
	title={Seer: Language instructed video prediction with latent diffusion models},
	author={Gu, Xianfan and Wen, Chuan and Ye, Weirui and Song, Jiaming and Gao, Yang},
	booktitle = {International Conference on Learning Representations (ICLR)},
	year={2024}
}


@inproceedings{ni2023conditional,
	title={Conditional image-to-video generation with latent flow diffusion models},
	author={Ni, Haomiao and Shi, Changhao and Li, Kai and Huang, Sharon X and Min, Martin Renqiang},
	booktitle={IEEE/CVF Conference on Computer Vision and Pattern Recognition},
	year={2023}
}


@article{chen2023livephoto,
	title={LivePhoto: Real Image Animation with Text-guided Motion Control},
	author={Chen, Xi and Liu, Zhiheng and Chen, Mengting and Feng, Yutong and Liu, Yu and Shen, Yujun and Zhao, Hengshuang},
	journal={arXiv preprint arXiv:2312.02928},
	year={2023}
}

@article{song2024text,
	title={Text-driven video prediction},
	author={Song, Xue and Chen, Jingjing and Zhu, Bin and Jiang, Yu-Gang},
	journal={ACM Transactions on Multimedia Computing, Communications and Applications},
	year={2024},

}

@inproceedings{fu2023tell,
	title={Tell me what happened: Unifying text-guided video completion via multimodal masked video generation},
	author={Fu, Tsu-Jui and Yu, Licheng and Zhang, Ning and Fu, Cheng-Yang and Su, Jong-Chyi and Wang, William Yang and Bell, Sean},
	booktitle={IEEE/CVF Conference on Computer Vision and Pattern Recognition (CVPR)},
	year={2023}
}

@inproceedings{esser2021taming,
	title={Taming transformers for high-resolution image synthesis},
	author={Esser, Patrick and Rombach, Robin and Ommer, Bjorn},
	booktitle={IEEE/CVF Conference on Computer Vision and Pattern Recognition (CVPR)},
	pages={12873--12883},
	year={2021}
}

@article{wang2024tiv,
	title={{TIV-Diffusion: Towards Object-Centric Movement for Text-driven Image to Video Generation}},
	author={Wang, Xingrui and Li, Xin and Hu, Yaosi and Zhu, Hanxin and Hou, Chen and Lan, Cuiling and Chen, Zhibo},
	journal={arXiv preprint arXiv:2412.10275},
	year={2024}
}


% METHOD


@inproceedings{Kipf_ConditionalObjectCentricLearningFromVideo_2022,
	author = {Kipf, Thomas
	and Elsayed, Gamaleldin F.
	and Mahendran, Aravindh
	and Stone, Austin
	and Sabour, Sara
	and Heigold, Georg
	and Jonschkowski, Rico
	and Dosovitskiy, Alexey
	and Greff, Klaus},
	title = {{Conditional Object-Centric Learning from Video}},
	booktitle = {International Conference on Learning Representations (ICLR)},
	year  = {2022}
}


@inproceedings{Seitzer_BridgingTheGapToRealWorldObjectCentricLearning_2023,
	title={Bridging the gap to real-world object-centric learning},
	author={Seitzer, Maximilian and Horn, Max and Zadaianchuk, Andrii and Zietlow, Dominik and Xiao, Tianjun and Simon-Gabriel, Carl-Johann and He, Tong and Zhang, Zheng and Sch{\"o}lkopf, Bernhard and Brox, Thomas and others},
	booktitle = {International Conference on Learning Representations (ICLR)},
	year={2023}
}



@inproceedings{caron2021emerging,
	title={Emerging properties in self-supervised vision transformers},
	author={Caron, Mathilde and Touvron, Hugo and Misra, Ishan and J{\'e}gou, Herv{\'e} and Mairal, Julien and Bojanowski, Piotr and Joulin, Armand},
	booktitle={IEEE/CVF International Conference on Computer Vision (ICCV)},
	year={2021}
}


@inproceedings{Locatello_ObjectCentricLearningWithSlotAttention_2020,
	title={Object-centric learning with slot attention},
	author={Locatello, Francesco and Weissenborn, Dirk and Unterthiner, Thomas and Mahendran, Aravindh and Heigold, Georg and Uszkoreit, Jakob and Dosovitskiy, Alexey and Kipf, Thomas},
	booktitle={International Conference on Neural Information Processing Systems ({NeurIPS})},
	year={2020}
}

@inproceedings{Cho_GRU_2014,
	title = "Learning Phrase Representations using {RNN} Encoder{--}Decoder for Statistical Machine Translation",
	author = {Cho, Kyunghyun  and
	van Merri{\"e}nboer, Bart  and
	Gulcehre, Caglar  and
	Bahdanau, Dzmitry  and
	Bougares, Fethi  and
	Schwenk, Holger  and
	Bengio, Yoshua},
	booktitle = "Conference on Empirical Methods in Natural Language Processing ({EMNLP})",
	year = "2014",
}


@article{raffel2020exploring,
	title={Exploring the limits of transfer learning with a unified text-to-text transformer},
	author={Raffel, Colin and Shazeer, Noam and Roberts, Adam and Lee, Katherine and Narang, Sharan and Matena, Michael and Zhou, Yanqi and Li, Wei and Liu, Peter J},
	journal={Journal of Machine Learning Research (JMLR)},
	volume={21},
	number={140},
	pages={1--67},
	year={2020}
}


@inproceedings{Vaswani_AttentionIsAllYouNeed_2017,
	title={Attention is all you need},
	author={Vaswani, Ashish and Shazeer, Noam and Parmar, Niki and Uszkoreit, Jakob and Jones, Llion and Gomez, Aidan N and Kaiser, {\L}ukasz and Polosukhin, Illia},
	booktitle={Advances in {N}eural {I}nformation {P}rocessing {S}ystems (NeurIPS)},
	year={2017}
}



@article{watters2019spatial,
	title={Spatial broadcast decoder: A simple architecture for learning disentangled representations in vaes},
	author={Watters, Nicholas and Matthey, Loic and Burgess, Christopher P and Lerchner, Alexander},
	journal={arXiv preprint arXiv:1901.07017},
	year={2019}
}



% experiments

@inproceedings{girdhar2019cater,
	title={{CATER: A diagnostic dataset for Compositional Actions and TEmporal Reasoning}},
	author={Girdhar, Rohit and Ramanan, Deva},
	booktitle = {International Conference on Learning Representations (ICLR)},
	year={2020}
}




@inproceedings{shridhar2022cliport,
	title={{CLIPort: What and where pathways for robotic manipulation}},
	author={Shridhar, Mohit and Manuelli, Lucas and Fox, Dieter},
	booktitle={Conference on Robot Learning (CoRL)},
	year={2022},
}



@inproceedings{darcet2024vision,
title={Vision Transformers Need Registers},
author={Timoth{\'e}e Darcet and Maxime Oquab and Julien Mairal and Piotr Bojanowski},
booktitle={International Conference on Learning Representations (ICLR)},
year={2024},
}



@article{oquab2023dinov2,
	title={{DINOv2: Learning robust visual features without supervision}},
	author={Oquab, Maxime and Darcet, Timoth{\'e}e and Moutakanni, Th{\'e}o and Vo, Huy and Szafraniec, Marc and Khalidov, Vasil and Fernandez, Pierre and Haziza, Daniel and Massa, Francisco and El-Nouby, Alaaeldin and others},
	journal={arXiv preprint arXiv:2304.07193},
	year={2023}
}

@article{playslot,
	title={PlaySlot: Learning Inverse Latent Dynamics for Controllable Object-Centric Video Prediction and Planning},
	author={Villar-Corrales, Angel and Behnke, Sven},
	journal={arXiv preprint arXiv:2502.07600},
	year={2025}
}



@inproceedings{dvdgan,
	title={Adversarial video generation on complex datasets},
	author={Clark, Aidan and Donahue, Jeff and Simonyan, Karen},
	booktitle={International Conference on Learning Representations (ICLR)},
	year={2020}
}


@inproceedings{slotdiffusion,
	title = {Object-Centric Slot Diffusion},
	author = {Jiang, Jindong and Deng, Fei and Singh, Gautam and Ahn, Sungjin},
	booktitle = {Advances in Neural Information Processing Systems (NeurIPS)},
	year = {2023}
}