@inproceedings{wang2021be,
  title={Be confident! Towards trustworthy graph neural networks via confidence calibration},
  author={Wang, Xiao and Liu, Hongrui and Shi, Chuan and Yang, Cheng},
  booktitle={Advances in Neural Information Processing Systems},
  volume={34},
  pages={23768--23779},
  year={2021}
}

@inproceedings{jervakani2024klce,
  title={KLCE: Regularized Imbalance Node-classification Via KL-divergence and Cross-Entropy},
  author={Jervakani, Mohammad Taha Teimuri and Dehghanian, Zahra and Aminian, Gholamali and Rabiee, Hamid R},
  booktitle={The Second Tiny Papers Track at ICLR 2024},
  year={2024}
}

@article{zhao2021entropy,
  title={Entropy-aware self-training for graph convolutional networks},
  author={Zhao, Gongpei and Wang, Tao and Li, Yidong and Jin, Yi and Lang, Congyan},
  journal={Neurocomputing},
  volume={464},
  pages={394--407},
  year={2021},
  publisher={Elsevier}
}
@inproceedings{sun2020multi,
  title={Multi-stage self-supervised learning for graph convolutional networks on graphs with few labeled nodes},
  author={Sun, Ke and Lin, Zhouchen and Zhu, Zhanxing},
  booktitle={Proceedings of the AAAI conference on artificial intelligence},
  volume={34},
  pages={5892--5899},
  year={2020}
}

@article{cai2017active,
  title={Active learning for graph embedding},
  author={Cai, Hongyun and Zheng, Vincent W and Chang, Kevin Chen-Chuan},
  journal={arXiv preprint arXiv:1705.05085},
  year={2017}
}
@inproceedings{zhang2021alg,
  title={ALG: Fast and accurate active learning framework for graph convolutional networks},
  author={Zhang, Wentao and Shen, Yu and Li, Yang and Chen, Lei and Yang, Zhi and Cui, Bin},
  booktitle={Proceedings of the 2021 International Conference on Management of Data},
  pages={2366--2374},
  year={2021}
}
@inproceedings{liu2022confidence,
  title={Confidence may cheat: Self-training on graph neural networks under distribution shift},
  author={Liu, Hongrui and Hu, Binbin and Wang, Xiao and Shi, Chuan and Zhang, Zhiqiang and Zhou, Jun},
  booktitle={Proceedings of the ACM Web Conference},
  pages={1454--1463},
  year={2022}
}
@article{li2023informative,
  title={Informative pseudo-labeling for graph neural networks with few labels},
  author={Li, Yayong and Yin, Jie and Chen, Ling},
  journal={Data Mining and Knowledge Discovery},
  pages={228--254},
  year={2023}
}




@inproceedings{li2018deeper,
  title={Deeper insights into graph convolutional networks for semi-supervised learning},
  author={Li, Qimai and Han, Zhichao and Wu, Xiao-Ming},
  booktitle={Proceedings of the AAAI Conference on Artificial Intelligence},
  volume={32},
  year={2018}
}


@inproceedings{yang2021self,
  title={Self-enhanced GNN: Improving graph neural networks using model outputs},
  author={Yang, Han and Yan, Xiao and Dai, Xinyan and Chen, Yongqiang and Cheng, James},
  booktitle={International Joint Conference on Neural Networks (IJCNN)},
  pages={1--8},
  year={2021},
  organization={IEEE}
}



@article{snoek2012practical,
  title={Practical bayesian optimization of machine learning algorithms},
  author={Snoek, Jasper and Larochelle, Hugo and Adams, Ryan P},
  journal={Advances in neural information processing systems},
  volume={25},
  year={2012}
}
@inproceedings{gal2016dropout,
  title={Dropout as a bayesian approximation: Representing model uncertainty in deep learning},
  author={Gal, Yarin and Ghahramani, Zoubin},
  booktitle={international conference on machine learning},
  pages={1050--1059},
  year={2016},
  organization={PMLR}
}
@article{webber2010similarity,
  title={A similarity measure for indefinite rankings},
  author={Webber, William and Moffat, Alistair and Zobel, Justin},
  journal={ACM Transactions on Information Systems (TOIS)},
  volume={28},
  number={4},
  pages={1--38},
  year={2010},
  publisher={ACM New York, NY, USA}
}
@article{zhu2020beyond,
  title={Beyond homophily in graph neural networks: Current limitations and effective designs},
  author={Zhu, Jiong and Yan, Yujun and Zhao, Lingxiao and Heimann, Mark and Akoglu, Leman and Koutra, Danai},
  journal={Advances in neural information processing systems},
  volume={33},
  pages={7793--7804},
  year={2020}
}
@inproceedings{liben2003link,
  title={The link prediction problem for social networks},
  author={Liben-Nowell, David and Kleinberg, Jon},
  booktitle={Proceedings of the twelfth international conference on Information and knowledge management},
  pages={556--559},
  year={2003}
}
@inproceedings{pham2021meta,
  title={Meta pseudo labels},
  author={Pham, Hieu and Dai, Zihang and Xie, Qizhe and Le, Quoc V},
  booktitle={Proceedings of the IEEE/CVF conference on computer vision and pattern recognition},
  pages={11557--11568},
  year={2021}
}

@article{zhang2021flexmatch,
  title={Flexmatch: Boosting semi-supervised learning with curriculum pseudo labeling},
  author={Zhang, Bowen and Wang, Yidong and Hou, Wenxin and Wu, Hao and Wang, Jindong and Okumura, Manabu and Shinozaki, Takahiro},
  journal={Advances in Neural Information Processing Systems},
  volume={34},
  pages={18408--18419},
  year={2021}
}
@inproceedings{schlichtkrull2018modeling,
  title={Modeling relational data with graph convolutional networks},
  author={Schlichtkrull, Michael and Kipf, Thomas N and Bloem, Peter and Van Den Berg, Rianne and Titov, Ivan and Welling, Max},
  booktitle={The Semantic Web: 15th International Conference, ESWC 2018, Heraklion, Crete, Greece, June 3--7, 2018, Proceedings 15},
  pages={593--607},
  year={2018},
  organization={Springer}
}

@inproceedings{al2006link,
  title={Link prediction using supervised learning},
  author={Al Hasan, Mohammad and Chaoji, Vineet and Salem, Saeed and Zaki, Mohammed},
  booktitle={SDM06: workshop on link analysis, counter-terrorism and security},
  volume={30},
  pages={798--805},
  year={2006}
}

@article{lu2011link,
  title={Link prediction in complex networks: A survey},
  author={L{\"u}, Linyuan and Zhou, Tao},
  journal={Physica A: statistical mechanics and its applications},
  volume={390},
  number={6},
  pages={1150--1170},
  year={2011},
  publisher={Elsevier}
}

@article{adamic2003friends,
  title={Friends and neighbors on the web},
  author={Adamic, Lada A and Adar, Eytan},
  journal={Social networks},
  volume={25},
  number={3},
  pages={211--230},
  year={2003},
  publisher={Elsevier}
}

@article{koren2009matrix,
  title={Matrix factorization techniques for recommender systems},
  author={Koren, Yehuda and Bell, Robert and Volinsky, Chris},
  journal={Computer},
  volume={42},
  number={8},
  pages={30--37},
  year={2009},
  publisher={IEEE}
}

@inproceedings{wang2019knowledge,
  title={Knowledge-aware graph neural networks with label smoothness regularization for recommender systems},
  author={Wang, Hongwei and Zhang, Fuzheng and Zhang, Mengdi and Leskovec, Jure and Zhao, Miao and Li, Wenjie and Wang, Zhongyuan},
  booktitle={Proceedings of the 25th ACM SIGKDD international conference on knowledge discovery \& data mining},
  pages={968--977},
  year={2019}
}

@inproceedings{you2019hierarchical,
  title={Hierarchical temporal convolutional networks for dynamic recommender systems},
  author={You, Jiaxuan and Wang, Yichen and Pal, Aditya and Eksombatchai, Pong and Rosenburg, Chuck and Leskovec, Jure},
  booktitle={The world wide web conference},
  pages={2236--2246},
  year={2019}
}

@article{nickel2015review,
  title={A review of relational machine learning for knowledge graphs},
  author={Nickel, Maximilian and Murphy, Kevin and Tresp, Volker and Gabrilovich, Evgeniy},
  journal={Proceedings of the IEEE},
  volume={104},
  number={1},
  pages={11--33},
  year={2015},
  publisher={IEEE}
}
@article{airoldi2008mixed,
  title={Mixed membership stochastic blockmodels},
  author={Airoldi, Edo M and Blei, David and Fienberg, Stephen and Xing, Eric},
  journal={Advances in neural information processing systems},
  volume={21},
  year={2008}
}

@article{qi2006evaluation,
  title={Evaluation of different biological data and computational classification methods for use in protein interaction prediction},
  author={Qi, Yanjun and Bar-Joseph, Ziv and Klein-Seetharaman, Judith},
  journal={Proteins: Structure, Function, and Bioinformatics},
  volume={63},
  number={3},
  pages={490--500},
  year={2006},
  publisher={Wiley Online Library}
}

@article{oyetunde2017boostgapfill,
  title={BoostGAPFILL: improving the fidelity of metabolic network reconstructions through integrated constraint and pattern-based methods},
  author={Oyetunde, Tolutola and Zhang, Muhan and Chen, Yixin and Tang, Yinjie and Lo, Cynthia},
  journal={Bioinformatics},
  volume={33},
  number={4},
  pages={608--611},
  year={2017},
  publisher={Oxford University Press}
}

@article{barabasi1999emergence,
  title={Emergence of scaling in random networks},
  author={Barab{\'a}si, Albert-L{\'a}szl{\'o} and Albert, R{\'e}ka},
  journal={science},
  volume={286},
  number={5439},
  pages={509--512},
  year={1999},
  publisher={American Association for the Advancement of Science}
}

@article{kovacs2019network,
  title={Network-based prediction of protein interactions},
  author={Kov{\'a}cs, Istv{\'a}n A and Luck, Katja and Spirohn, Kerstin and Wang, Yang and Pollis, Carl and Schlabach, Sadie and Bian, Wenting and Kim, Dae-Kyum and Kishore, Nishka and Hao, Tong and others},
  journal={Nature communications},
  volume={10},
  number={1},
  pages={1240},
  year={2019},
  publisher={Nature Publishing Group UK London}
}

@article{zhou2009predicting,
  title={Predicting missing links via local information},
  author={Zhou, Tao and L{\"u}, Linyuan and Zhang, Yi-Cheng},
  journal={The European Physical Journal B},
  volume={71},
  pages={623--630},
  year={2009},
  publisher={Springer}
}
@article{katz1953new,
  title={A new status index derived from sociometric analysis},
  author={Katz, Leo},
  journal={Psychometrika},
  volume={18},
  number={1},
  pages={39--43},
  year={1953},
  publisher={Springer}
}
@article{brin2012reprint,
  title={Reprint of: The anatomy of a large-scale hypertextual web search engine},
  author={Brin, Sergey and Page, Lawrence},
  journal={Computer networks},
  volume={56},
  number={18},
  pages={3825--3833},
  year={2012},
  publisher={Elsevier}
}

@inproceedings{jeh2002simrank,
  title={Simrank: a measure of structural-context similarity},
  author={Jeh, Glen and Widom, Jennifer},
  booktitle={Proceedings of the eighth ACM SIGKDD international conference on Knowledge discovery and data mining},
  pages={538--543},
  year={2002}
}

@article{ng2001spectral,
  title={On spectral clustering: Analysis and an algorithm},
  author={Ng, Andrew and Jordan, Michael and Weiss, Yair},
  journal={Advances in neural information processing systems},
  volume={14},
  year={2001}
}
@inproceedings{perozzi2014deepwalk,
  title={Deepwalk: Online learning of social representations},
  author={Perozzi, Bryan and Al-Rfou, Rami and Skiena, Steven},
  booktitle={Proceedings of the 20th ACM SIGKDD international conference on Knowledge discovery and data mining},
  pages={701--710},
  year={2014}
}

@inproceedings{tang2015line,
  title={Line: Large-scale information network embedding},
  author={Tang, Jian and Qu, Meng and Wang, Mingzhe and Zhang, Ming and Yan, Jun and Mei, Qiaozhu},
  booktitle={Proceedings of the 24th international conference on world wide web},
  pages={1067--1077},
  year={2015}
}

@inproceedings{qiu2018network,
  title={Network embedding as matrix factorization: Unifying deepwalk, line, pte, and node2vec},
  author={Qiu, Jiezhong and Dong, Yuxiao and Ma, Hao and Li, Jian and Wang, Kuansan and Tang, Jie},
  booktitle={Proceedings of the eleventh ACM international conference on web search and data mining},
  pages={459--467},
  year={2018}
}

@article{kipf2016variational,
  title={Variational graph auto-encoders},
  author={Kipf, Thomas N and Welling, Max},
  journal={arXiv preprint arXiv:1611.07308},
  year={2016}
}

@inproceedings{NEURIPS2018_53f0d7c5,
 author = {Zhang, Muhan and Chen, Yixin},
 booktitle = {Advances in Neural Information Processing Systems},
 title = {Link Prediction Based on Graph Neural Networks},
 volume = {31},
 year = {2018}
}

@article{li2020distance,
  title={Distance encoding: Design provably more powerful neural networks for graph representation learning},
  author={Li, Pan and Wang, Yanbang and Wang, Hongwei and Leskovec, Jure},
  journal={Advances in Neural Information Processing Systems},
  volume={33},
  pages={4465--4478},
  year={2020}
}
@inproceedings{zhang2017weisfeiler,
  title={Weisfeiler-lehman neural machine for link prediction},
  author={Zhang, Muhan and Chen, Yixin},
  booktitle={Proceedings of the 23rd ACM SIGKDD international conference on knowledge discovery and data mining},
  pages={575--583},
  year={2017}
}


@book{polyanskiy2022information,
  title={Information Theory: From Coding to Learning},
  author={Polyanskiy, Yury and Wu, Yihong},
  year={2022},
  publisher={Cambridge University Press}
}

@article{cangea2018towards,
  title={Towards sparse hierarchical graph classifiers},
  author={Cangea, C{\u{a}}t{\u{a}}lina and Veli{\v{c}}kovi{\'c}, Petar and Jovanovi{\'c}, Nikola and Kipf, Thomas and Li{\`o}, Pietro},
  journal={arXiv preprint arXiv:1811.01287},
  year={2018}
}

@inproceedings{gao2019graph,
  title={Graph u-nets},
  author={Gao, Hongyang and Ji, Shuiwang},
  booktitle={International Conference on Machine Learning},
  pages={2083--2092},
  year={2019},
  organization={PMLR}
}

@article{vinyals2015order,
  title={Order matters: Sequence to sequence for sets},
  author={Vinyals, Oriol and Bengio, Samy and Kudlur, Manjunath},
  journal={arXiv preprint arXiv:1511.06391},
  year={2015}
}

@article{hamilton2020graph,
  title={Graph representation learning},
  author={Hamilton, William L},
  journal={Synthesis Lectures on Artifical Intelligence and Machine Learning},
  volume={14},
  number={3},
  pages={1--159},
  year={2020},
  publisher={Morgan \& Claypool Publishers}
}

@article{mesquita2020rethinking,
  title={Rethinking pooling in graph neural networks},
  author={Mesquita, Diego and Souza, Amauri and Kaski, Samuel},
  journal={Advances in Neural Information Processing Systems},
  volume={33},
  pages={2220--2231},
  year={2020}
}

@inproceedings{yanardag2015deep,
  title={Deep graph kernels},
  author={Yanardag, Pinar and Vishwanathan, SVN},
  booktitle={Proceedings of the 21th ACM SIGKDD international conference on knowledge discovery and data mining},
  pages={1365--1374},
  year={2015}
}

@techreport{hagberg2008exploring,
  title={Exploring network structure, dynamics, and function using NetworkX},
  author={Hagberg, Aric and Swart, Pieter and S Chult, Daniel},
  year={2008},
  institution={Los Alamos National Lab.(LANL), Los Alamos, NM (United States)}
}

@article{borgwardt2005protein,
  title={Protein function prediction via graph kernels},
  author={Borgwardt, Karsten M and Ong, Cheng Soon and Sch{\"o}nauer, Stefan and Vishwanathan, SVN and Smola, Alex J and Kriegel, Hans-Peter},
  journal={Bioinformatics},
  volume={21},
  number={suppl\_1},
  pages={i47--i56},
  year={2005},
  publisher={Oxford University Press}
}

@article{hornik1989multilayer,
  title={Multilayer feedforward networks are universal approximators},
  author={Hornik, Kurt and Stinchcombe, Maxwell and White, Halbert},
  journal={Neural networks},
  volume={2},
  number={5},
  pages={359--366},
  year={1989},
  publisher={Elsevier}
}

@article{aminian2023mean,
  title={Mean-field Analysis of Generalization Errors},
  author={Aminian, Gholamali and Cohen, Samuel N and Szpruch, {\L}ukasz},
  journal={arXiv preprint arXiv:2306.11623},
  year={2023}
}

@article{oono2020optimization,
  title={Optimization and generalization analysis of transduction through gradient boosting and application to multi-scale graph neural networks},
  author={Oono, Kenta and Suzuki, Taiji},
  journal={Advances in Neural Information Processing Systems},
  volume={33},
  pages={18917--18930},
  year={2020}
}

@inproceedings{neyshabur2018pac,
  title={A PAC-Bayesian Approach to Spectrally-Normalized Margin Bounds for Neural Networks},
  author={Neyshabur, Behnam and Bhojanapalli, Srinadh and Srebro, Nathan},
  booktitle={International Conference on Learning Representations},
  year={2018}
}

@book{meyer2023matrix,
  title={Matrix analysis and applied linear algebra},
  author={Meyer, Carl D and Stewart, Ian},
  year={2023},
  publisher={SIAM}
}

@inproceedings{feng2019hypergraph,
  title={Hypergraph neural networks},
  author={Feng, Yifan and You, Haoxuan and Zhang, Zizhao and Ji, Rongrong and Gao, Yue},
  booktitle={Proceedings of the AAAI conference on artificial intelligence},
  volume={33},
  number={01},
  pages={3558--3565},
  year={2019}
}

@article{tang2023towards,
  title={Towards Understanding the Generalization of Graph Neural Networks},
  author={Tang, Huayi and Liu, Yong},
  journal={arXiv preprint arXiv:2305.08048},
  year={2023}
}

@article{nitanda2022particle,
  title={Particle dual averaging: optimization of mean field neural network with global convergence rate analysis},
  author={Nitanda, Atsushi and Wu, Denny and Suzuki, Taiji},
  journal={Journal of Statistical Mechanics: Theory and Experiment},
  volume={2022},
  number={11},
  pages={114010},
  year={2022},
  publisher={IOP Publishing}
}

@article{cao2019generalization,
  title={Generalization bounds of stochastic gradient descent for wide and deep neural networks},
  author={Cao, Yuan and Gu, Quanquan},
  journal={Advances in neural information processing systems},
  volume={32},
  year={2019}
}

@article{ghorbani2021linearized,
  title={Linearized two-layers neural networks in high dimension},
  author={Ghorbani, Behrooz and Mei, Song and Misiakiewicz, Theodor and Montanari, Andrea},
  year={2021}
}

@article{schmidt2020nonparametric,
  title={Nonparametric regression using deep neural networks with ReLU activation function},
  author={Schmidt-Hieber, Johannes},
  year={2020}
}

@article{suzuki2021deep,
  title={Deep learning is adaptive to intrinsic dimensionality of model smoothness in anisotropic Besov space},
  author={Suzuki, Taiji and Nitanda, Atsushi},
  journal={Advances in Neural Information Processing Systems},
  volume={34},
  pages={3609--3621},
  year={2021}
}

@article{chizat1812note,
  title={A note on lazy training in supervised differentiable programming.(2018)},
  author={Chizat, Lenaic and Bach, Francis},
  journal={arXiv preprint arXiv:1812.07956},
  year={1812}
}

@article{yang2020feature,
  title={Feature learning in infinite-width neural networks},
  author={Yang, Greg and Hu, Edward J},
  journal={arXiv preprint arXiv:2011.14522},
  year={2020}
}

@article{allen2019can,
  title={What can resnet learn efficiently, going beyond kernels?},
  author={Allen-Zhu, Zeyuan and Li, Yuanzhi},
  journal={Advances in Neural Information Processing Systems},
  volume={32},
  year={2019}
}

@inproceedings{sun2023interpgnn,
  title={InterpGNN: Understand and Improve Generalization Ability of Transdutive GNNs through the Lens of Interplay between Train and Test Nodes},
  author={Sun, Jiawei and Li, Kailai and Chen, Ruoxin and Jie, LI and Wu, Chentao and Ding, Yue and Yan, Junchi},
  booktitle={The Twelfth International Conference on Learning Representations},
  year={2023}
}

@article{aminian2024generalization,
  title={Generalization Error of Graph Neural Networks in the Mean-field Regime},
  author={Aminian, Gholamali and He, Yixuan and Reinert, Gesine and Szpruch, {\L}ukasz and Cohen, Samuel N},
  journal={arXiv preprint arXiv:2402.07025},
  year={2024}
}

@InProceedings{Golowich18a,
  title = 	 {Size-Independent  Sample Complexity of Neural Networks},
  author =       {Golowich, Noah and Rakhlin, Alexander and Shamir, Ohad},
  booktitle = 	 {Proceedings of the 31st  Conference On Learning Theory},
  pages = 	 {297--299},
  year = 	 {2018},
  editor = 	 {Bubeck, Sébastien and Perchet, Vianney and Rigollet, Philippe},
  volume = 	 {75},
  series = 	 {Proceedings of Machine Learning Research},
  month = 	 {06--09 Jul},
  publisher =    {PMLR},
  pdf = 	 {http://proceedings.mlr.press/v75/golowich18a/golowich18a.pdf},
  url = 	 {https://proceedings.mlr.press/v75/golowich18a.html}
}
@article{truong2022rademacher,
  title={On rademacher complexity-based generalization bounds for deep learning},
  author={Truong, Lan V},
  journal={arXiv preprint arXiv:2208.04284},
  year={2022}
}

@article{mohammadrezaei2018identifying,
  title={Identifying fake accounts on social networks based on graph analysis and classification algorithms},
  author={Mohammadrezaei, Mohammadreza and Shiri, Mohammad Ebrahim and Rahmani, Amir Masoud and others},
  journal={Security and Communication Networks},
  volume={2018},
  year={2018},
  publisher={Hindawi}
}

@article{craven2000learning,
  title={Learning to construct knowledge bases from the World Wide Web},
  author={Craven, Mark and DiPasquo, Dan and Freitag, Dayne and McCallum, Andrew and Mitchell, Tom and Nigam, Kamal and Slattery, Se{\'a}n},
  journal={Artificial intelligence},
  volume={118},
  number={1-2},
  pages={69--113},
  year={2000},
  publisher={Elsevier}
}

@inproceedings{ying2018graph,
  title={Graph convolutional neural networks for web-scale recommender systems},
  author={Ying, Rex and He, Ruining and Chen, Kaifeng and Eksombatchai, Pong and Hamilton, William L and Leskovec, Jure},
  booktitle={Proceedings of the 24th ACM SIGKDD international conference on knowledge discovery \& data mining},
  pages={974--983},
  year={2018}
}

@inproceedings{perozzi2016recommendation,
  title={When recommendation goes wrong: Anomalous link discovery in recommendation networks},
  author={Perozzi, Bryan and Schueppert, Michael and Saalweachter, Jack and Thakur, Mayur},
  booktitle={Proceedings of the 22nd ACM SIGKDD International Conference on Knowledge Discovery and Data Mining},
  pages={569--578},
  year={2016}
}

@article{kipf2016semi,
  title={Semi-supervised classification with graph convolutional networks},
  author={Kipf, Thomas N and Welling, Max},
  journal={arXiv preprint arXiv:1609.02907},
  year={2016}
}

@article{velickovic2017graph,
  title={Graph attention networks},
  author={Velickovic, Petar and Cucurull, Guillem and Casanova, Arantxa and Romero, Adriana and Lio, Pietro and Bengio, Yoshua and others},
  journal={stat},
  volume={1050},
  number={20},
  pages={10--48550},
  year={2017}
}

@inproceedings{zhao2021graphsmote,
  title={Graphsmote: Imbalanced node classification on graphs with graph neural networks},
  author={Zhao, Tianxiang and Zhang, Xiang and Wang, Suhang},
  booktitle={Proceedings of the 14th ACM international conference on web search and data mining},
  pages={833--841},
  year={2021}
}
@article{chawla2002smote,
  title={SMOTE: synthetic minority over-sampling technique},
  author={Chawla, Nitesh V and Bowyer, Kevin W and Hall, Lawrence O and Kegelmeyer, W Philip},
  journal={Journal of artificial intelligence research},
  volume={16},
  pages={321--357},
  year={2002}
}

@article{yan2024rethinking,
  title={Rethinking Semi-Supervised Imbalanced Node Classification from Bias-Variance Decomposition},
  author={Yan, Divin and Wei, Gengchen and Yang, Chen and Zhang, Shengzhong and others},
  journal={Advances in Neural Information Processing Systems},
  volume={36},
  year={2024}
}
@article{sen2008collective,
  title={Collective classification in network data},
  author={Sen, Prithviraj and Namata, Galileo and Bilgic, Mustafa and Getoor, Lise and Galligher, Brian and Eliassi-Rad, Tina},
  journal={AI magazine},
  volume={29},
  number={3},
  pages={93--93},
  year={2008}
}
@article{rozemberczki2021multi,
  title={Multi-scale attributed node embedding},
  author={Rozemberczki, Benedek and Allen, Carl and Sarkar, Rik},
  journal={Journal of Complex Networks},
  volume={9},
  number={2},
  pages={cnab014},
  year={2021},
  publisher={Oxford University Press}
}

@inproceedings{song2022tam,
  title={TAM: topology-aware margin loss for class-imbalanced node classification},
  author={Song, Jaeyun and Park, Joonhyung and Yang, Eunho},
  booktitle={International Conference on Machine Learning},
  pages={20369--20383},
  year={2022},
  organization={PMLR}
}

@article{hamilton2017inductive,
  title={Inductive representation learning on large graphs},
  author={Hamilton, Will and Ying, Zhitao and Leskovec, Jure},
  journal={Advances in neural information processing systems},
  volume={30},
  year={2017}
}

@article{tran2021differentially,
  title={Differentially private empirical risk minimization under the fairness lens},
  author={Tran, Cuong and Dinh, My and Fioretto, Ferdinando},
  journal={Advances in Neural Information Processing Systems},
  volume={34},
  pages={27555--27565},
  year={2021}
}
@article{abrahamsson2006risk,
  title={Risk preferences regarding multiple fatalities and some implications for societal risk decision making—An empirical study},
  author={Abrahamsson, Marcus and Johansson, Henrik},
  journal={Journal of risk research},
  volume={9},
  number={7},
  pages={703--715},
  year={2006},
  publisher={Taylor \& Francis}
}

@article{Bousquet-Elisseeff,
author = {Bousquet, Olivier and Elisseeff, Andr\'{e}},
title = {Stability and Generalization},
year = {2002},
issue_date = {3/1/2002},
publisher = {JMLR.org},
volume = {2},
issn = {1532-4435},
url = {https://doi.org/10.1162/153244302760200704},
doi = {10.1162/153244302760200704},
journal = {J. Mach. Learn. Res.},
month = mar,
pages = {499–526},
numpages = {28}
}

@misc{hardt2016train,
      title={Train faster, generalize better: Stability of stochastic gradient descent}, 
      author={Moritz Hardt and Benjamin Recht and Yoram Singer},
      year={2016},
      eprint={1509.01240},
      archivePrefix={arXiv},
      primaryClass={cs.LG}
}

@article{MFLD,
  title={Mean-field {L}angevin dynamics and energy landscape of neural networks},
  author={Hu, Kaitong and Ren, Zhenjie and Siska, David and Szpruch, Lukasz},
  journal={arXiv preprint arXiv:1905.07769},
  year={2019}
}


@article{Lei_2020,
   title={Convergence and concentration of empirical measures under Wasserstein distance in unbounded functional spaces},
   volume={26},
   ISSN={1350-7265},
   url={http://dx.doi.org/10.3150/19-BEJ1151},
   DOI={10.3150/19-bej1151},
   number={1},
   journal={Bernoulli},
   publisher={Bernoulli Society for Mathematical Statistics and Probability},
   author={Lei, Jing},
   year={2020},
   month={Feb},
   pages={767–798}
}

@inproceedings{mironov2017,
  title={R{\'e}nyi differential privacy},
  author={Mironov, Ilya},
  booktitle={2017 IEEE 30th Computer Security Foundations Symposium (CSF)},
  pages={263--275},
  year={2017},
  organization={IEEE}
}

@inproceedings{mironov:2017,
  title={R{\'e}nyi differential privacy},
  author={Mironov, Ilya},
  booktitle={2017 IEEE 30th Computer Security Foundations Symposium (CSF)},
  pages={263--275},
  year={2017},
  organization={IEEE}
}

@InProceedings{dwork/kenthapadi/mironov/naor:2006,
author="Dwork, Cynthia
and Kenthapadi, Krishnaram
and McSherry, Frank
and Mironov, Ilya
and Naor, Moni",
editor="Vaudenay, Serge",
title="Our Data, Ourselves: Privacy Via Distributed Noise Generation",
booktitle="Advances in Cryptology - EUROCRYPT 2006",
year="2006",
publisher="Springer Berlin Heidelberg",
address="Berlin, Heidelberg",
pages="486--503",
isbn="978-3-540-34547-3"
}

@article{barber/duchi:2014,
  title={Privacy and statistical risk: Formalisms and minimax bounds},
  author={Barber, Rina Foygel and Duchi, John C},
  journal={arXiv preprint arXiv:1412.4451},
  year={2014}
}

@article{elisseeff/evgeniou/pontil:2005,
  title={Stability of Randomized Learning Algorithms.},
  author={Elisseeff, Andre and Evgeniou, Theodoros and Pontil, Massimiliano},
  journal={Journal of Machine Learning Research},
  volume={6},
  number={1},
  year={2005}
}

@article{shalev/shamir/srebro:2010,
  title={Learnability, stability and uniform convergence},
  author={Shalev-Shwartz, Shai and Shamir, Ohad and Srebro, Nathan and Sridharan, Karthik},
  journal={The Journal of Machine Learning Research},
  volume={11},
  pages={2635--2670},
  year={2010},
  publisher={JMLR. org}
}

@article{chizat/oyallon/bach:2018,
  title={On lazy training in differentiable programming},
  author={Chizat, Lenaic and Oyallon, Edouard and Bach, Francis},
  journal={arXiv preprint arXiv:1812.07956},
  year={2018}
}

@article{rogers/wagner:1978,
  title={A finite sample distribution-free performance bound for local discrimination rules},
  author={Rogers, William H and Wagner, Terry J},
  journal={The Annals of Statistics},
  pages={506--514},
  year={1978},
  publisher={JSTOR}
}

@article{devroye/wagner:1979,
  title={Distribution-free inequalities for the deleted and holdout error estimates},
  author={Devroye, Luc and Wagner, Terry},
  journal={IEEE Transactions on Information Theory},
  volume={25},
  number={2},
  pages={202--207},
  year={1979},
  publisher={IEEE}
}

@inproceedings{feldman/vondrak:2019,
  title={High probability generalization bounds for uniformly stable algorithms with nearly optimal rate},
  author={Feldman, Vitaly and Vondrak, Jan},
  booktitle={Conference on Learning Theory},
  pages={1270--1279},
  year={2019},
  organization={PMLR}
}

@inproceedings{bousquet/klochkov/zhivotovskiy:2020,
  title={Sharper bounds for uniformly stable algorithms},
  author={Bousquet, Olivier and Klochkov, Yegor and Zhivotovskiy, Nikita},
  booktitle={Conference on Learning Theory},
  pages={610--626},
  year={2020},
  organization={PMLR}
}

@article{mei/montanari/nguyen:2018,
  title={A mean field view of the landscape of two-layer neural networks},
  author={Mei, Song and Montanari, Andrea and Nguyen, Phan-Minh},
  journal={Proceedings of the National Academy of Sciences},
  volume={115},
  number={33},
  pages={E7665--E7671},
  year={2018},
  publisher={National Acad Sciences}
}


@inproceedings{mei/misiakiewicz/montanari:2019,
  title={Mean-field theory of two-layers neural networks: dimension-free bounds and kernel limit},
  author={Mei, Song and Misiakiewicz, Theodor and Montanari, Andrea},
  booktitle={Conference on Learning Theory},
  pages={2388--2464},
  year={2019},
  organization={PMLR}
}


@article{chizat/bach:2018,
  title={On the global convergence of gradient descent for over-parameterized models using optimal transport},
  author={Chizat, Lenaic and Bach, Francis},
  journal={arXiv preprint arXiv:1805.09545},
  year={2018}
}

@article{sirignano/spiliopoulos:2019,
  title={Mean field analysis of deep neural networks},
  author={Sirignano, Justin and Spiliopoulos, Konstantinos},
  journal={arXiv preprint arXiv:1903.04440},
  year={2019}
}

@article{tzen/raginsky:2020,
  title={A mean-field theory of lazy training in two-layer neural nets: entropic regularization and controlled McKean-Vlasov dynamics},
  author={Tzen, Belinda and Raginsky, Maxim},
  journal={arXiv preprint arXiv:2002.01987},
  year={2020}
}

@book{carmona/delarue:2018,
  title={Probabilistic Theory of Mean Field Games with Applications I},
  author={Carmona, R. and Delarue, F. },
  year={2018},
  publisher={Springer}
}

@misc{hayou/doucet/rousseau:2019,
      title={Mean-field Behaviour of Neural Tangent Kernel for Deep Neural Networks}, 
      author={Soufiane Hayou and Arnaud Doucet and Judith Rousseau},
      year={2021},
      eprint={1905.13654},
      archivePrefix={arXiv},
      primaryClass={stat.ML}
}

@article{kearns/ron:1999,
  title={Algorithmic stability and sanity-check bounds for leave-one-out cross-validation},
  author={Kearns, Michael and Ron, Dana},
  journal={Neural computation},
  volume={11},
  number={6},
  pages={1427--1453},
  year={1999},
  publisher={MIT Press}
}

@article{mukherjee/niyogi/poggio/rifkin:2006,
  title={Learning theory: stability is sufficient for generalization and necessary and sufficient for consistency of empirical risk minimization},
  author={Mukherjee, Sayan and Niyogi, Partha and Poggio, Tomaso and Rifkin, Ryan},
  journal={Advances in Computational Mathematics},
  volume={25},
  number={1},
  pages={161--193},
  year={2006},
  publisher={Springer}
}

@book{rodrigues2021information,
  title={Information-theoretic methods in data science},
  author={Rodrigues, Miguel RD and Eldar, Yonina C},
  year={2021},
  publisher={Cambridge University Press}
}


@article{shalev-shwartz/shamir/srebro/sridharan:2010,
  title={Learnability, stability and uniform convergence},
  author={Shalev-Shwartz, Shai and Shamir, Ohad and Srebro, Nathan and Sridharan, Karthik},
  journal={The Journal of Machine Learning Research},
  volume={11},
  pages={2635--2670},
  year={2010},
  publisher={JMLR. org}
}



@article{bassily/feldman/guzman/talwar:2020,
  title={Stability of stochastic gradient descent on nonsmooth convex losses},
  author={Bassily, Raef and Feldman, Vitaly and Guzm{\'a}n, Crist{\'o}bal and Talwar, Kunal},
  journal={arXiv preprint arXiv:2006.06914},
  year={2020}
}

@inproceedings{kuzborskij/lampert:2018,
  title={Data-dependent stability of stochastic gradient descent},
  author={Kuzborskij, Ilja and Lampert, Christoph},
  booktitle={International Conference on Machine Learning},
  pages={2815--2824},
  year={2018},
  organization={PMLR}
}

@article{kutin/niyogi:2012,
  title={Almost-everywhere algorithmic stability and generalization error},
  author={Kutin, Samuel and Niyogi, Partha},
  journal={arXiv preprint arXiv:1301.0579},
  year={2012}
}

@article{hoffer/hubara/soudry:2017,
  title={Train longer, generalize better: closing the generalization gap in large batch training of neural networks},
  author={Hoffer, Elad and Hubara, Itay and Soudry, Daniel},
  journal={arXiv preprint arXiv:1705.08741},
  year={2017}
}

@article{jacot/franck/hongler:2018,
  title={Neural tangent kernel: Convergence and generalization in neural networks},
  author={Jacot, Arthur and Gabriel, Franck and Hongler, Cl{\'e}ment},
  journal={arXiv preprint arXiv:1806.07572},
  year={2018}
}

@article{zhangetal:2016,
  title={Understanding deep learning requires rethinking generalization},
  author={Zhang, Chiyuan and Bengio, Samy and Hardt, Moritz and Recht, Benjamin and Vinyals, Oriol},
  journal={arXiv preprint arXiv:1611.03530},
  year={2016}
}

@article{celisse/guedj:2016,
  title={Stability revisited: new generalisation bounds for the leave-one-out},
  author={Celisse, Alain and Guedj, Benjamin},
  journal={arXiv preprint arXiv:1608.06412},
  year={2016}
}

@misc{bello/fedus:2021,
      title={Revisiting ResNets: Improved Training and Scaling Strategies}, 
      author={Irwan Bello and William Fedus and Xianzhi Du and Ekin D. Cubuk and Aravind Srinivas and Tsung-Yi Lin and Jonathon Shlens and Barret Zoph},
      year={2021},
      eprint={2103.07579},
      archivePrefix={arXiv},
      primaryClass={cs.CV}
}

@misc{blalock/ortiz:2020,
      title={What is the State of Neural Network Pruning?}, 
      author={Davis Blalock and Jose Javier Gonzalez Ortiz and Jonathan Frankle and John Guttag},
      year={2020},
      eprint={2003.03033},
      archivePrefix={arXiv},
      primaryClass={cs.LG}
}

@misc{zhang/wang:2018,
      title={Three Mechanisms of Weight Decay Regularization}, 
      author={Guodong Zhang and Chaoqi Wang and Bowen Xu and Roger Grosse},
      year={2018},
      eprint={1810.12281},
      archivePrefix={arXiv},
      primaryClass={cs.LG}
}

@misc{thompson/greenewald:2020,
      title={The Computational Limits of Deep Learning}, 
      author={Neil C. Thompson and Kristjan Greenewald and Keeheon Lee and Gabriel F. Manso},
      year={2020},
      eprint={2007.05558},
      archivePrefix={arXiv},
      primaryClass={cs.LG}
}

@article{vaishnavh/kolter:2019,
  author    = {Vaishnavh Nagarajan and
               J. Zico Kolter},
  title     = {Uniform convergence may be unable to explain generalization in deep
               learning},
  journal   = {CoRR},
  volume    = {abs/1902.04742},
  year      = {2019},
  url       = {http://arxiv.org/abs/1902.04742},
  archivePrefix = {arXiv},
  eprint    = {1902.04742},
  timestamp = {Tue, 21 May 2019 18:03:37 +0200},
  biburl    = {https://dblp.org/rec/journals/corr/abs-1902-04742.bib},
  bibsource = {dblp computer science bibliography, https://dblp.org}
}

@misc{dziugaite/roy:2017,
      title={Computing Nonvacuous Generalization Bounds for Deep (Stochastic) Neural Networks with Many More Parameters than Training Data}, 
      author={Gintare Karolina Dziugaite and Daniel M. Roy},
      year={2017},
      eprint={1703.11008},
      archivePrefix={arXiv},
      primaryClass={cs.LG}
}

@misc{zhou/veitch:2019,
      title={Non-Vacuous Generalization Bounds at the ImageNet Scale: A PAC-Bayesian Compression Approach}, 
      author={Wenda Zhou and Victor Veitch and Morgane Austern and Ryan P. Adams and Peter Orbanz},
      year={2019},
      eprint={1804.05862},
      archivePrefix={arXiv},
      primaryClass={stat.ML}
}

@misc{chaudhari/choromanska:2017,
      title={Entropy-SGD: Biasing Gradient Descent Into Wide Valleys}, 
      author={Pratik Chaudhari and Anna Choromanska and Stefano Soatto and Yann LeCun and Carlo Baldassi and Christian Borgs and Jennifer Chayes and Levent Sagun and Riccardo Zecchina},
      year={2017},
      eprint={1611.01838},
      archivePrefix={arXiv},
      primaryClass={cs.LG}
}

@misc{raschka:2020,
      title={Model Evaluation, Model Selection, and Algorithm Selection in Machine Learning}, 
      author={Sebastian Raschka},
      year={2020},
      eprint={1811.12808},
      archivePrefix={arXiv},
      primaryClass={cs.LG}
}

@misc{srinivasan/prasad:2021,
title={Efficient Estimators for Heavy-Tailed Machine Learning},
author={Vishwak Srinivasan and Adarsh Prasad and Sivaraman Balakrishnan and Pradeep Kumar Ravikumar},
year={2021},
url={https://openreview.net/forum?id=5K8ZG9twKY}
}

@Article{gorji/ferdos:2020,
author={Gorji, Ferdos
and Aminghafari, Mina},
title={Robust Nonparametric Regression for Heavy-Tailed Data},
journal={Journal of Agricultural, Biological and Environmental Statistics},
year={2020},
month={9},
day={01},
volume={25},
number={3},
pages={277-291},
abstract={We propose a robust nonparametric regression method that can deal with heavy-tailed noise and also a heavy-tailed input variable. We decompose the trajectory matrix of the response variable of the regression problem to extract the regression function in a nonparametric way. We implement the decomposition in a robust way using iterative robust linear regressions. We show the effectiveness of the proposed method on synthetic and real data in comparison with two other nonparametric methods and a robust linear method.},
issn={1537-2693},
doi={10.1007/s13253-019-00382-2},
url={https://doi.org/10.1007/s13253-019-00382-2}
}

@misc{sinha/namkoong:2020,
      title={Certifying Some Distributional Robustness with Principled Adversarial Training}, 
      author={Aman Sinha and Hongseok Namkoong and Riccardo Volpi and John Duchi},
      year={2020},
      eprint={1710.10571},
      archivePrefix={arXiv},
      primaryClass={stat.ML}
}

@inproceedings{hu/niu/sato/sugiyama:2018,
  title={Does distributionally robust supervised learning give robust classifiers?},
  author={Hu, Weihua and Niu, Gang and Sato, Issei and Sugiyama, Masashi},
  booktitle={International Conference on Machine Learning},
  pages={2029--2037},
  year={2018},
  organization={PMLR}
}

@inproceedings{dwork/mcsherry/nissim/smith:2006,
  title={Calibrating noise to sensitivity in private data analysis},
  author={Dwork, Cynthia and McSherry, Frank and Nissim, Kobbi and Smith, Adam},
  booktitle={Theory of cryptography conference},
  pages={265--284},
  year={2006},
  organization={Springer}
}

@article{wang/lei/fienberg:2016,
  title={Learning with differential privacy: Stability, learnability and the sufficiency and necessity of ERM principle},
  author={Wang, Yu-Xiang and Lei, Jing and Fienberg, Stephen E},
  journal={The Journal of Machine Learning Research},
  volume={17},
  number={1},
  pages={6353--6392},
  year={2016},
  publisher={JMLR. org}
}




@article{dwork/roth:2014,
  title={The algorithmic foundations of differential privacy.},
  author={Dwork, Cynthia and Roth, Aaron and others},
  journal={Foundations and Trends in Theoretical Computer Science},
  volume={9},
  number={3-4},
  pages={211--407},
  year={2014}
}

@article{foster/grenberg/kale/etal2019:2019,
  title={Hypothesis set stability and generalization},
  author={Foster, Dylan J and Greenberg, Spencer and Kale, Satyen and Luo, Haipeng and Mohri, Mehryar and Sridharan, Karthik},
  journal={arXiv preprint arXiv:1904.04755},
  year={2019}
}

@book{villani:2009,
  title={Optimal transport: old and new},
  author={Villani, C{\'e}dric},
  volume={338},
  year={2009},
  publisher={Springer}
}

@book{ambrosio:2008,
  title={Gradient flows: in metric spaces and in the space of probability measures},
  author={Ambrosio, Luigi and Gigli, Nicola and Savar{\'e}, Giuseppe},
  year={2008},
  publisher={Springer Science \& Business Media}
}

@article{rakhlin/mukherjee/poggio:2005,
  title={Stability results in learning theory},
  author={Rakhlin, Alexander and Mukherjee, Sayan and Poggio, Tomaso},
  journal={Analysis and Applications},
  volume={3},
  number={04},
  pages={397--417},
  year={2005},
  publisher={World Scientific}
}

@incollection{vapnik/chervonenkis:2015,
  title={On the uniform convergence of relative frequencies of events to their probabilities},
  author={Vapnik, Vladimir N and Chervonenkis, A Ya},
  booktitle={Measures of complexity},
  pages={11--30},
  year={2015},
  publisher={Springer}
}

@phdthesis{arjovsky:2020,
  title={Out of Distribution Generalization in Machine Learning},
  author={Arjovsky, Martin},
  year={2020},
  school={New York University}
}

@book{bishop:1995,
author = {Bishop, Christopher M.},
title = {Neural Networks for Pattern Recognition},
year = {1995},
isbn = {0198538642},
publisher = {Oxford University Press, Inc.},
address = {USA},
abstract = {From the Publisher:This is the first comprehensive treatment of feed-forward neural networks from the perspective of statistical pattern recognition. After introducing the basic concepts, the book examines techniques for modelling probability density functions and the properties and merits of the multi-layer perceptron and radial basis function network models. Also covered are various forms of error functions, principal algorithms for error function minimalization, learning and generalization in neural networks, and Bayesian techniques and their applications. Designed as a text, with over 100 exercises, this fully up-to-date work will benefit anyone involved in the fields of neural computation and pattern recognition.}
}


@article{bartlett/mendelson:2002,
  title={Rademacher and {G}aussian complexities: Risk bounds and structural results},
  author={Bartlett, Peter L and Mendelson, Shahar},
  journal={Journal of Machine Learning Research},
  volume={3},
  number={Nov},
  pages={463--482},
  year={2002}
}

@ARTICLE{giancinto/roli:2001,
    author = {Giorgio Giancinto and Fabio Roli},
    title = {Design of Effective Neural Network Ensembles for Image Classification Purposes},
    journal = {IMAGE VISION AND COMPUTING JOURNAL},
    year = {2001},
    volume = {19},
    pages = {699--707}
}



@article{bai/luo/zhao/wen/wang:2021,
  title={Recent Advances in Adversarial Training for Adversarial Robustness},
  author={Bai, Tao and Luo, Jinqi and Zhao, Jun and Wen, Bihan and Wang, Qian},
  journal={arXiv preprint arXiv:2102.01356},
  year={2021}
}


@article{wong/rice/kolter:2020,
  title={Fast is better than free: Revisiting adversarial training},
  author={Wong, Eric and Rice, Leslie and Kolter, J Zico},
  journal={arXiv preprint arXiv:2001.03994},
  year={2020}
}


@article{creswell/white/dumoulin/arulkumaran/segupta/bharath:2018,
  title={Generative adversarial networks: An overview},
  author={Creswell, Antonia and White, Tom and Dumoulin, Vincent and Arulkumaran, Kai and Sengupta, Biswa and Bharath, Anil A},
  journal={IEEE Signal Processing Magazine},
  volume={35},
  number={1},
  pages={53--65},
  year={2018},
  publisher={IEEE}
}

@INPROCEEDINGS{xia/yokoya:2017,

  author={Xia, Junshi and Yokoya, Naoto and Iwasaki, Akira},

  booktitle={2017 IEEE International Conference on Acoustics, Speech and Signal Processing (ICASSP)}, 

  title={A novel ensemble classifier of hyperspectral and LiDAR data using morphological features}, 

  year={2017},

  volume={},

  number={},

  pages={6185-6189},

  doi={10.1109/ICASSP.2017.7953345}}
  
  @misc{ioffe/szegedy:2015,
      title={Batch Normalization: Accelerating Deep Network Training by Reducing Internal Covariate Shift}, 
      author={Sergey Ioffe and Christian Szegedy},
      year={2015},
      eprint={1502.03167},
      archivePrefix={arXiv},
      primaryClass={cs.LG}
}



@article{belkin/hsu/ma/mandal:2019,
  title={Reconciling modern machine-learning practice and the classical bias--variance trade-off},
  author={Belkin, Mikhail and Hsu, Daniel and Ma, Siyuan and Mandal, Soumik},
  journal={Proceedings of the National Academy of Sciences},
  volume={116},
  number={32},
  pages={15849--15854},
  year={2019},
  publisher={National Acad Sciences}
}

@article{spigler/geigereta:2019,
  title={A jamming transition from under-to over-parametrization affects generalization in deep learning},
  author={Spigler, Stefano and Geiger, Mario and d’Ascoli, St{\'e}phane and Sagun, Levent and Biroli, Giulio and Wyart, Matthieu},
  journal={Journal of Physics A: Mathematical and Theoretical},
  volume={52},
  number={47},
  pages={474001},
  year={2019},
  publisher={IOP Publishing}
}

@book{vapnik:2013,
  title={The nature of statistical learning theory},
  author={Vapnik, Vladimir},
  year={2013},
  publisher={Springer science \& business media}
}


@article{bartlett/montanari:2021,
  title={Deep learning: a statistical viewpoint},
  author={Bartlett, Peter L and Montanari, Andrea and Rakhlin, Alexander},
  journal={Acta numerica},
  volume={30},
  pages={87--201},
  year={2021},
  publisher={Cambridge University Press}
}

@misc{zhang/bengio:2017,
      title={Understanding deep learning requires rethinking generalization}, 
      author={Chiyuan Zhang and Samy Bengio and Moritz Hardt and Benjamin Recht and Oriol Vinyals},
      year={2017},
      eprint={1611.03530},
      archivePrefix={arXiv},
      primaryClass={cs.LG}
}

@article{zhang2021understanding,
  title={Understanding deep learning (still) requires rethinking generalization},
  author={Zhang, Chiyuan and Bengio, Samy and Hardt, Moritz and Recht, Benjamin and Vinyals, Oriol},
  journal={Communications of the ACM},
  volume={64},
  number={3},
  pages={107--115},
  year={2021},
  publisher={ACM New York, NY, USA}
}

@article{szpruch/tse:2019,
  title={Antithetic multilevel particle system sampling method for McKean-Vlasov SDEs},
  author={Szpruch, {\L}ukasz and Tse, Alvin},
  journal={arXiv preprint arXiv:1903.07063},
  year={2019}
}

%%%%%%%%%%%%%%%%%%%%%%%%%%%%%%%%%%%%%%

@article{cao2022benign,
  title={Benign Overfitting in Two-layer Convolutional Neural Networks},
  author={Cao, Yuan and Chen, Zixiang and Belkin, Mikhail and Gu, Quanquan},
  journal={arXiv preprint arXiv:2202.06526},
  year={2022}
}

@article{vapnik1999overview,
  title={An overview of statistical learning theory},
  author={Vapnik, Vladimir N},
  journal={IEEE transactions on neural networks},
  volume={10},
  number={5},
  pages={988--999},
  year={1999},
  publisher={IEEE}}
  
    @article{xu2012robustness,
  title={Robustness and generalization},
  author={Xu, Huan and Mannor, Shie},
  journal={Machine learning},
  volume={86},
  number={3},
  pages={391--423},
  year={2012},
  publisher={Springer}}
  
    @article{mcallester2003pac,
  title={PAC-Bayesian stochastic model selection},
  author={McAllester, David A},
  journal={Machine Learning},
  volume={51},
  number={1},
  pages={5--21},
  year={2003},
  publisher={Springer}}
  
  @book{cardaliaguet2019master,
  title={The {M}aster {E}quation and the {C}onvergence {P}roblem in {M}ean {F}ield {G}ames},
  author={Cardaliaguet, Pierre and Delarue, Fran{\c{c}}ois and Lasry, Jean-Michel and Lions, Pierre-Louis},
  year={2019},
  publisher={Princeton University Press}
}

@inproceedings{kutin2002almost,
  title={Almost-everywhere algorithmic stability and generalization error},
  author={Kutin, Samuel and Niyogi, Partha},
  booktitle={Proceedings of the Eighteenth conference on Uncertainty in artificial intelligence},
  pages={275--282},
  year={2002}
}

@inproceedings{steinke2020reasoning,
  title={Reasoning about generalization via conditional mutual information},
  author={Steinke, Thomas and Zakynthinou, Lydia},
  booktitle={Conference on Learning Theory},
  pages={3437--3452},
  year={2020},
  organization={PMLR}
}

@article{klochkov2021stability,
  title={Stability and Deviation Optimal Risk Bounds with Convergence Rate $ O (1/n) $},
  author={Klochkov, Yegor and Zhivotovskiy, Nikita},
  journal={Advances in Neural Information Processing Systems},
  volume={34},
  pages={5065--5076},
  year={2021}
}

@article{chandramoorthy2022generalization,
  title={On the generalization of learning algorithms that do not converge},
  author={Chandramoorthy, Nisha and Loukas, Andreas and Gatmiry, Khashayar and Jegelka, Stefanie},
  journal={arXiv preprint arXiv:2208.07951},
  year={2022}
}

@article{xu2017information,
  title={Information-theoretic analysis of generalization capability of learning algorithms},
  author={Xu, Aolin and Raginsky, Maxim},
  journal={Advances in Neural Information Processing Systems},
  volume={30},
  year={2017}
}

@inproceedings{nishikawatwo,
  title={Two-layer neural network on infinite dimensional data: global optimization guarantee in the mean-field regime},
  author={Nishikawa, Naoki and Suzuki, Taiji and Nitanda, Atsushi and Wu, Denny},
  booktitle={Advances in Neural Information Processing Systems},
  year={2022}
}

@inproceedings{aminian2021information,
  title={Information-theoretic bounds on the moments of the generalization error of learning algorithms},
  author={Aminian, Gholamali and Toni, Laura and Rodrigues, Miguel RD},
  booktitle={2021 IEEE International Symposium on Information Theory (ISIT)},
  pages={682--687},
  year={2021},
  organization={IEEE}
}

@article{harutyunyan2021information,
  title={Information-theoretic generalization bounds for black-box learning algorithms},
  author={Harutyunyan, Hrayr and Raginsky, Maxim and Ver Steeg, Greg and Galstyan, Aram},
  journal={Advances in Neural Information Processing Systems},
  volume={34},
  pages={24670--24682},
  year={2021}
}


%%%%%Over-parametrized network%%%%

@article{mei2022generalization,
  title={The generalization error of random features regression: Precise asymptotics and the double descent curve},
  author={Mei, Song and Montanari, Andrea},
  journal={Communications on Pure and Applied Mathematics},
  volume={75},
  number={4},
  pages={667--766},
  year={2022},
  publisher={Wiley Online Library}
}

@inproceedings{rahimi2008uniform,
  title={Uniform approximation of functions with random bases},
  author={Rahimi, Ali and Recht, Benjamin},
  booktitle={2008 46th Annual Allerton Conference on Communication, Control, and Computing},
  pages={555--561},
  year={2008},
  organization={IEEE}
}

@article{jacot2018neural,
  title={Neural tangent kernel: Convergence and generalization in neural networks},
  author={Jacot, Arthur and Gabriel, Franck and Hongler, Cl{\'e}ment},
  journal={Advances in Neural Information Processing Systems},
  volume={31},
  year={2018}
}

@inproceedings{arora2019fine,
  title={Fine-grained analysis of optimization and generalization for overparameterized two-layer neural networks},
  author={Arora, Sanjeev and Du, Simon and Hu, Wei and Li, Zhiyuan and Wang, Ruosong},
  booktitle={International Conference on Machine Learning},
  pages={322--332},
  year={2019},
  organization={PMLR}
}

@article{allen2019learning,
  title={Learning and generalization in overparameterized neural networks, going beyond two layers},
  author={Allen-Zhu, Zeyuan and Li, Yuanzhi and Liang, Yingyu},
  journal={Advances in Neural Information Processing Systems},
  volume={32},
  year={2019}
}

@article{fang2021mathematical,
  title={Mathematical models of overparameterized neural networks},
  author={Fang, Cong and Dong, Hanze and Zhang, Tong},
  journal={Proceedings of the IEEE},
  volume={109},
  number={5},
  pages={683--703},
  year={2021},
  publisher={IEEE}
}

@article{bartlett2006convexity,
  title={Convexity, classification, and risk bounds},
  author={Bartlett, Peter L and Jordan, Michael I and McAuliffe, Jon D},
  journal={Journal of the American Statistical Association},
  volume={101},
  number={473},
  pages={138--156},
  year={2006},
  publisher={Taylor \& Francis}
}

@article{wang2022comprehensive,
  title={A comprehensive survey of loss functions in machine learning},
  author={Wang, Qi and Ma, Yue and Zhao, Kun and Tian, Yingjie},
  journal={Annals of Data Science},
  volume={9},
  number={2},
  pages={187--212},
  year={2022},
  publisher={Springer}
}


%%%%%%%%%%Graphs Refs%%%%%%


@article{velivckovic2017graph,
  title={Graph attention networks},
  author={Veli{\v{c}}kovi{\'c}, Petar and Cucurull, Guillem and Casanova, Arantxa and Romero, Adriana and Lio, Pietro and Bengio, Yoshua},
  journal={arXiv preprint arXiv:1710.10903},
  year={2017}
}

@inproceedings{liao2020pac,
  title={A PAC-Bayesian Approach to Generalization Bounds for Graph Neural Networks},
  author={Liao, Renjie and Urtasun, Raquel and Zemel, Richard},
  booktitle={International Conference on Learning Representations},
  year={2020}
}

@inproceedings{garg2020generalization,
  title={Generalization and representational limits of graph neural networks},
  author={Garg, Vikas and Jegelka, Stefanie and Jaakkola, Tommi},
  booktitle={International Conference on Machine Learning},
  pages={3419--3430},
  year={2020},
  organization={PMLR}
}

@article{lv2021generalization,
  title={Generalization bounds for graph convolutional neural networks via {R}ademacher complexity},
  author={Lv, Shaogao},
  journal={arXiv preprint arXiv:2102.10234},
  year={2021}
}

@inproceedings{oono2019graph,
  title={Graph Neural Networks Exponentially Lose Expressive Power for Node Classification},
  author={Oono, Kenta and Suzuki, Taiji},
  booktitle={International Conference on Learning Representations},
  year={2019}
}

@inproceedings{alon2020bottleneck,
  title={On the Bottleneck of Graph Neural Networks and its Practical Implications},
  author={Alon, Uri and Yahav, Eran},
  booktitle={International Conference on Learning Representations},
  year={2020}
}

@inproceedings{yang2021rethinking,
  title={Rethinking graph regularization for graph neural networks},
  author={Yang, Han and Ma, Kaili and Cheng, James},
  booktitle={Proceedings of the AAAI Conference on Artificial Intelligence},
  volume={35},
  number={5},
  pages={4573--4581},
  year={2021}
}

@article{zhou2021generalization,
  title={The generalization error of graph convolutional networks may enlarge with more layers},
  author={Zhou, Xianchen and Wang, Hongxia},
  journal={Neurocomputing},
  volume={424},
  pages={97--106},
  year={2021},
  publisher={Elsevier}
}

@article{scarselli2018vapnik,
  title={The vapnik--chervonenkis dimension of graph and recursive neural networks},
  author={Scarselli, Franco and Tsoi, Ah Chung and Hagenbuchner, Markus},
  journal={Neural Networks},
  volume={108},
  pages={248--259},
  year={2018},
  publisher={Elsevier}
}

@inproceedings{verma2019stability,
  title={Stability and generalization of graph convolutional neural networks},
  author={Verma, Saurabh and Zhang, Zhi-Li},
  booktitle={Proceedings of the 25th ACM SIGKDD International Conference on Knowledge Discovery \& Data Mining},
  pages={1539--1548},
  year={2019}
}

@article{cong2021provable,
  title={On provable benefits of depth in training graph convolutional networks},
  author={Cong, Weilin and Ramezani, Morteza and Mahdavi, Mehrdad},
  journal={Advances in Neural Information Processing Systems},
  volume={34},
  pages={9936--9949},
  year={2021}
}

@article{bousquet2002stability,
  title={Stability and generalization},
  author={Bousquet, Olivier and Elisseeff, Andr{\'e}},
  journal={The Journal of Machine Learning Research},
  volume={2},
  pages={499--526},
  year={2002},
  publisher={JMLR. org}
}

@inproceedings{li2022generalization,
  title={Generalization Guarantee of Training Graph Convolutional Networks with Graph Topology Sampling},
  author={Li, Hongkang and Wang, Meng and Liu, Sijia and Chen, Pin-Yu and Xiong, Jinjun},
  booktitle={International Conference on Machine Learning},
  pages={13014--13051},
  year={2022},
  organization={PMLR}
}

@article{ma2021subgroup,
  title={Subgroup generalization and fairness of graph neural networks},
  author={Ma, Jiaqi and Deng, Junwei and Mei, Qiaozhu},
  journal={Advances in Neural Information Processing Systems},
  volume={34},
  pages={1048--1061},
  year={2021}
}

@inproceedings{maskey2022generalization,
  title={Generalization analysis of message passing neural networks on large random graphs},
  author={Maskey, Sohir and Levie, Ron and Lee, Yunseok and Kutyniok, Gitta},
  booktitle={Advances in Neural Information Processing Systems},
  year={2022}
}

@inproceedings{zhang2020fast,
  title={Fast learning of graph neural networks with guaranteed generalizability: one-hidden-layer case},
  author={Zhang, Shuai and Wang, Meng and Liu, Sijia and Chen, Pin-Yu and Xiong, Jinjun},
  booktitle={International Conference on Machine Learning},
  pages={11268--11277},
  year={2020},
  organization={PMLR}
}

@inproceedings{kipfsemi,
  title={Semi-Supervised Classification with Graph Convolutional Networks},
  author={Kipf, Thomas N and Welling, Max},
  booktitle={International Conference on Learning Representations},
  year={2016}
}

@article{neyshabur2017pac,
  title={A pac-bayesian approach to spectrally-normalized margin bounds for neural networks},
  author={Neyshabur, Behnam and Bhojanapalli, Srinadh and Srebro, Nathan},
  journal={arXiv preprint arXiv:1707.09564},
  year={2017}
}

@inproceedings{dai2016discriminative,
  title={Discriminative embeddings of latent variable models for structured data},
  author={Dai, Hanjun and Dai, Bo and Song, Le},
  booktitle={International conference on machine learning},
  pages={2702--2711},
  year={2016},
  organization={PMLR}
}

@inproceedings{gilmer2017neural,
  title={Neural message passing for quantum chemistry},
  author={Gilmer, Justin and Schoenholz, Samuel S and Riley, Patrick F and Vinyals, Oriol and Dahl, George E},
  booktitle={International conference on machine learning},
  pages={1263--1272},
  year={2017},
  organization={PMLR}
}

@article{ju2023generalization,
  title={Generalization in Graph Neural Networks: Improved PAC-Bayesian Bounds on Graph Diffusion},
  author={Ju, Haotian and Li, Dongyue and Sharma, Aneesh and Zhang, Hongyang R},
  journal={arXiv preprint arXiv:2302.04451},
  year={2023}
}

@article{du2019graph,
  title={Graph neural tangent kernel: Fusing graph neural networks with graph kernels},
  author={Du, Simon S and Hou, Kangcheng and Salakhutdinov, Russ R and Poczos, Barnabas and Wang, Ruosong and Xu, Keyulu},
  journal={Advances in Neural Information Processing Systems},
  volume={32},
  year={2019}
}

@article{bartlett2002rademacher,
  title={Rademacher and {G}aussian complexities: Risk bounds and structural results},
  author={Bartlett, Peter L and Mendelson, Shahar},
  journal={Journal of Machine Learning Research},
  volume={3},
  number={Nov},
  pages={463--482},
  year={2002}
}

@article{esser2021learning,
  title={Learning theory can (sometimes) explain generalisation in graph neural networks},
  author={Esser, Pascal and Chennuru Vankadara, Leena and Ghoshdastidar, Debarghya},
  journal={Advances in Neural Information Processing Systems},
  volume={34},
  pages={27043--27056},
  year={2021}
}

@inproceedings{el2006stable,
  title={Stable transductive learning},
  author={El-Yaniv, Ran and Pechyony, Dmitry},
  booktitle={Learning Theory: 19th Annual Conference on Learning Theory, COLT 2006, Pittsburgh, PA, USA, June 22-25, 2006. Proceedings 19},
  pages={35--49},
  year={2006},
  organization={Springer}
}

@inproceedings{gori2005new,
  title={A new model for learning in graph domains},
  author={Gori, Marco and Monfardini, Gabriele and Scarselli, Franco},
  booktitle={Proceedings. 2005 IEEE International Joint Conference on Neural Networks, 2005.},
  volume={2},
  pages={729--734},
  year={2005},
  organization={IEEE}
}

@article{bronstein2017geometric,
  title={Geometric deep learning: going beyond euclidean data},
  author={Bronstein, Michael M and Bruna, Joan and LeCun, Yann and Szlam, Arthur and Vandergheynst, Pierre},
  journal={IEEE Signal Processing Magazine},
  volume={34},
  number={4},
  pages={18--42},
  year={2017},
  publisher={IEEE}
}

@article{battaglia2018relational,
  title={Relational inductive biases, deep learning, and graph networks},
  author={Battaglia, Peter W and Hamrick, Jessica B and Bapst, Victor and Sanchez-Gonzalez, Alvaro and Zambaldi, Vinicius and Malinowski, Mateusz and Tacchetti, Andrea and Raposo, David and Santoro, Adam and Faulkner, Ryan and others},
  journal={arXiv preprint arXiv:1806.01261},
  year={2018}
}

@inproceedings{monti2017geometric,
  title={Geometric deep learning on graphs and manifolds using mixture model cnns},
  author={Monti, Federico and Boscaini, Davide and Masci, Jonathan and Rodola, Emanuele and Svoboda, Jan and Bronstein, Michael M},
  booktitle={Proceedings of the IEEE conference on computer vision and pattern recognition},
  pages={5115--5124},
  year={2017}
}

@inproceedings{wang2018billion,
  title={Billion-scale commodity embedding for e-commerce recommendation in alibaba},
  author={Wang, Jizhe and Huang, Pipei and Zhao, Huan and Zhang, Zhibo and Zhao, Binqiang and Lee, Dik Lun},
  booktitle={Proceedings of the 24th ACM SIGKDD international conference on knowledge discovery \& data mining},
  pages={839--848},
  year={2018}
}

@inproceedings{fan2019graph,
  title={Graph neural networks for social recommendation},
  author={Fan, Wenqi and Ma, Yao and Li, Qing and He, Yuan and Zhao, Eric and Tang, Jiliang and Yin, Dawei},
  booktitle={The world wide web conference},
  pages={417--426},
  year={2019}
}

@article{defferrard2016convolutional,
  title={Convolutional neural networks on graphs with fast localized spectral filtering},
  author={Defferrard, Micha{\"e}l and Bresson, Xavier and Vandergheynst, Pierre},
  journal={Advances in neural information processing systems},
  volume={29},
  year={2016}
}

@inproceedings{xupowerful2019,
  title={How Powerful are Graph Neural Networks?},
  author={Xu, Keyulu and Hu, Weihua and Leskovec, Jure and Jegelka, Stefanie},
  booktitle={International Conference on Learning Representations},
  year={2019}
}

@article{chizat2022infinite,
  title={Infinite-width limit of deep linear neural networks},
  author={Chizat, L{\'e}na{\"\i}c and Colombo, Maria and Fern{\'a}ndez-Real, Xavier and Figalli, Alessio},
  journal={arXiv preprint arXiv:2211.16980},
  year={2022}
}

@book{cohen2015stochastic,
  title={Stochastic calculus and applications},
  author={Cohen, Samuel N and Elliott, Robert James},
  volume={2},
  year={2015},
  publisher={Springer}
}

@article{chen2020generalized,
  title={A generalized neural tangent kernel analysis for two-layer neural networks},
  author={Chen, Zixiang and Cao, Yuan and Gu, Quanquan and Zhang, Tong},
  journal={Advances in Neural Information Processing Systems},
  volume={33},
  pages={13363--13373},
  year={2020}
}

@article{ying2018hierarchical,
  title={Hierarchical graph representation learning with differentiable pooling},
  author={Ying, Zhitao and You, Jiaxuan and Morris, Christopher and Ren, Xiang and Hamilton, Will and Leskovec, Jure},
  journal={Advances in neural information processing systems},
  volume={31},
  year={2018}
}

@article{buterez2022graph,
  title={Graph Neural Networks with Adaptive Readouts},
  author={Buterez, David and Janet, Jon Paul and Kiddle, Steven J and Oglic, Dino and Li{\`o}, Pietro},
  journal={arXiv preprint arXiv:2211.04952},
  year={2022}
}

@book{shalev2014understanding,
  title={Understanding machine learning: From theory to algorithms},
  author={Shalev-Shwartz, Shai and Ben-David, Shai},
  year={2014},
  publisher={Cambridge university press}
}

@book{mohri2018foundations,
  title={Foundations of machine learning},
  author={Mohri, Mehryar and Rostamizadeh, Afshin and Talwalkar, Ameet},
  year={2018},
  publisher={MIT press}
}

@book{wainwright2019high,
  title={High-dimensional statistics: A non-asymptotic viewpoint},
  author={Wainwright, Martin J},
  volume={48},
  year={2019},
  publisher={Cambridge university press}
}

@book{polyanskiy2022information,
  title={Information Theory: From Coding to Learning},
  author={Polyanskiy, Yury and Wu, Yihong},
  year={2022},
  publisher={Cambridge University Press}
}

@article{cangea2018towards,
  title={Towards sparse hierarchical graph classifiers},
  author={Cangea, C{\u{a}}t{\u{a}}lina and Veli{\v{c}}kovi{\'c}, Petar and Jovanovi{\'c}, Nikola and Kipf, Thomas and Li{\`o}, Pietro},
  journal={arXiv preprint arXiv:1811.01287},
  year={2018}
}

@inproceedings{gao2019graph,
  title={Graph u-nets},
  author={Gao, Hongyang and Ji, Shuiwang},
  booktitle={International Conference on Machine Learning},
  pages={2083--2092},
  year={2019},
  organization={PMLR}
}

@article{vinyals2015order,
  title={Order matters: Sequence to sequence for sets},
  author={Vinyals, Oriol and Bengio, Samy and Kudlur, Manjunath},
  journal={arXiv preprint arXiv:1511.06391},
  year={2015}
}

@article{hamilton2020graph,
  title={Graph representation learning},
  author={Hamilton, William L},
  journal={Synthesis Lectures on Artifical Intelligence and Machine Learning},
  volume={14},
  number={3},
  pages={1--159},
  year={2020},
  publisher={Morgan \& Claypool Publishers}
}

@article{mesquita2020rethinking,
  title={Rethinking pooling in graph neural networks},
  author={Mesquita, Diego and Souza, Amauri and Kaski, Samuel},
  journal={Advances in Neural Information Processing Systems},
  volume={33},
  pages={2220--2231},
  year={2020}
}

@inproceedings{yanardag2015deep,
  title={Deep graph kernels},
  author={Yanardag, Pinar and Vishwanathan, SVN},
  booktitle={Proceedings of the 21th ACM SIGKDD international conference on knowledge discovery and data mining},
  pages={1365--1374},
  year={2015}
}

@techreport{hagberg2008exploring,
  title={Exploring network structure, dynamics, and function using NetworkX},
  author={Hagberg, Aric and Swart, Pieter and S Chult, Daniel},
  year={2008},
  institution={Los Alamos National Lab.(LANL), Los Alamos, NM (United States)}
}

@article{borgwardt2005protein,
  title={Protein function prediction via graph kernels},
  author={Borgwardt, Karsten M and Ong, Cheng Soon and Sch{\"o}nauer, Stefan and Vishwanathan, SVN and Smola, Alex J and Kriegel, Hans-Peter},
  journal={Bioinformatics},
  volume={21},
  number={suppl\_1},
  pages={i47--i56},
  year={2005},
  publisher={Oxford University Press}
}

@article{hornik1989multilayer,
  title={Multilayer feedforward networks are universal approximators},
  author={Hornik, Kurt and Stinchcombe, Maxwell and White, Halbert},
  journal={Neural networks},
  volume={2},
  number={5},
  pages={359--366},
  year={1989},
  publisher={Elsevier}
}

@article{aminian2023mean,
  title={Mean-field Analysis of Generalization Errors},
  author={Aminian, Gholamali and Cohen, Samuel N and Szpruch, {\L}ukasz},
  journal={arXiv preprint arXiv:2306.11623},
  year={2023}
}


@inproceedings{neyshabur2018pac,
  title={A PAC-Bayesian Approach to Spectrally-Normalized Margin Bounds for Neural Networks},
  author={Neyshabur, Behnam and Bhojanapalli, Srinadh and Srebro, Nathan},
  booktitle={International Conference on Learning Representations},
  year={2018}
}

@book{meyer2023matrix,
  title={Matrix analysis and applied linear algebra},
  author={Meyer, Carl D and Stewart, Ian},
  year={2023},
  publisher={SIAM}
}

@inproceedings{feng2019hypergraph,
  title={Hypergraph neural networks},
  author={Feng, Yifan and You, Haoxuan and Zhang, Zizhao and Ji, Rongrong and Gao, Yue},
  booktitle={Proceedings of the AAAI conference on artificial intelligence},
  volume={33},
  number={01},
  pages={3558--3565},
  year={2019}
}

@article{nitanda2022particle,
  title={Particle dual averaging: optimization of mean field neural network with global convergence rate analysis},
  author={Nitanda, Atsushi and Wu, Denny and Suzuki, Taiji},
  journal={Journal of Statistical Mechanics: Theory and Experiment},
  volume={2022},
  number={11},
  pages={114010},
  year={2022},
  publisher={IOP Publishing}
}

@article{cao2019generalization,
  title={Generalization bounds of stochastic gradient descent for wide and deep neural networks},
  author={Cao, Yuan and Gu, Quanquan},
  journal={Advances in neural information processing systems},
  volume={32},
  year={2019}
}

@article{ghorbani2021linearized,
  title={Linearized two-layers neural networks in high dimension},
  author={Ghorbani, Behrooz and Mei, Song and Misiakiewicz, Theodor and Montanari, Andrea},
  year={2021}
}

@article{schmidt2020nonparametric,
  title={Nonparametric regression using deep neural networks with ReLU activation function},
  author={Schmidt-Hieber, Johannes},
  year={2020}
}

@article{suzuki2021deep,
  title={Deep learning is adaptive to intrinsic dimensionality of model smoothness in anisotropic Besov space},
  author={Suzuki, Taiji and Nitanda, Atsushi},
  journal={Advances in Neural Information Processing Systems},
  volume={34},
  pages={3609--3621},
  year={2021}
}

@article{chizat1812note,
  title={A note on lazy training in supervised differentiable programming.(2018)},
  author={Chizat, Lenaic and Bach, Francis},
  journal={arXiv preprint arXiv:1812.07956},
  year={1812}
}

@article{yang2020feature,
  title={Feature learning in infinite-width neural networks},
  author={Yang, Greg and Hu, Edward J},
  journal={arXiv preprint arXiv:2011.14522},
  year={2020}
}

@article{allen2019can,
  title={What can resnet learn efficiently, going beyond kernels?},
  author={Allen-Zhu, Zeyuan and Li, Yuanzhi},
  journal={Advances in Neural Information Processing Systems},
  volume={32},
  year={2019}
}

@inproceedings{sun2023interpgnn,
  title={InterpGNN: Understand and Improve Generalization Ability of Transdutive GNNs through the Lens of Interplay between Train and Test Nodes},
  author={Sun, Jiawei and Li, Kailai and Chen, Ruoxin and Jie, LI and Wu, Chentao and Ding, Yue and Yan, Junchi},
  booktitle={The Twelfth International Conference on Learning Representations},
  year={2023}
}

@article{aminian2024generalization,
  title={Generalization Error of Graph Neural Networks in the Mean-field Regime},
  author={Aminian, Gholamali and He, Yixuan and Reinert, Gesine and Szpruch, {\L}ukasz and Cohen, Samuel N},
  journal={arXiv preprint arXiv:2402.07025},
  year={2024}
}

@InProceedings{Golowich18a,
  title = 	 {Size-Independent  Sample Complexity of Neural Networks},
  author =       {Golowich, Noah and Rakhlin, Alexander and Shamir, Ohad},
  booktitle = 	 {Proceedings of the 31st  Conference On Learning Theory},
  pages = 	 {297--299},
  year = 	 {2018},
  editor = 	 {Bubeck, Sébastien and Perchet, Vianney and Rigollet, Philippe},
  volume = 	 {75},
  series = 	 {Proceedings of Machine Learning Research},
  month = 	 {06--09 Jul},
  publisher =    {PMLR},
  pdf = 	 {http://proceedings.mlr.press/v75/golowich18a/golowich18a.pdf},
  url = 	 {https://proceedings.mlr.press/v75/golowich18a.html}
}
@article{truong2022rademacher,
  title={On rademacher complexity-based generalization bounds for deep learning},
  author={Truong, Lan V},
  journal={arXiv preprint arXiv:2208.04284},
  year={2022}
}

@inproceedings{kou2023how,
title={How Does Semi-supervised Learning with Pseudo-labelers Work? A Case Study},
author={Yiwen Kou and Zixiang Chen and Yuan Cao and Quanquan Gu},
booktitle={The Eleventh International Conference on Learning Representations },
year={2023},
url={https://openreview.net/forum?id=Dzmd-Cc8OI}
}

@article{DBLP:journals/corr/abs-2003-10580,
  author       = {Hieu Pham and
                  Qizhe Xie and
                  Zihang Dai and
                  Quoc V. Le},
  title        = {Meta Pseudo Labels},
  journal      = {CoRR},
  volume       = {abs/2003.10580},
  year         = {2020},
  url          = {https://arxiv.org/abs/2003.10580},
  eprinttype    = {arXiv},
  eprint       = {2003.10580},
  timestamp    = {Wed, 01 Apr 2020 17:39:11 +0200},
  biburl       = {https://dblp.org/rec/journals/corr/abs-2003-10580.bib},
  bibsource    = {dblp computer science bibliography, https://dblp.org}
}

@article{chapelle2003cluster,
  title={Cluster kernels for semi-supervised learning},
  author={Chapelle, Olivier and Weston, Jason and Scholkopf, Bernhard},
  journal={Advances in neural information processing systems},
  pages={601--608},
  year={2003},
  publisher={Citeseer}
}


@misc{arazo2020pseudolabeling,
      title={Pseudo-Labeling and Confirmation Bias in Deep Semi-Supervised Learning}, 
      author={Eric Arazo and Diego Ortego and Paul Albert and Noel E. O'Connor and Kevin McGuinness},
      year={2020},
      eprint={1908.02983},
      archivePrefix={arXiv},
      primaryClass={cs.CV}
}

@inproceedings{
rizve2021in,
title={In Defense of Pseudo-Labeling: An Uncertainty-Aware Pseudo-label Selection Framework for Semi-Supervised Learning},
author={Mamshad Nayeem Rizve and Kevin Duarte and Yogesh S Rawat and Mubarak Shah},
booktitle={International Conference on Learning Representations},
year={2021},
url={https://openreview.net/forum?id=-ODN6SbiUU}
}

@inproceedings{lee2013pseudo,
	title={Pseudo-label: The simple and efficient semi-supervised learning method for deep neural networks},
	author={Lee, Dong-Hyun and others},
	booktitle={Workshop on Challenges in Representation Learning, ICML},
	year={2013}
}

@article{yan2023unreal,
  title={UNREAL: Unlabeled Nodes Retrieval and Labeling for Heavily-imbalanced Node Classification},
  author={Yan, Liang and Zhang, Shengzhong and Li, Bisheng and Zhou, Min and Huang, Zengfeng},
  journal={arXiv preprint arXiv:2303.10371},
  year={2023}
}

@article{rao2006data,
  title={Data mining for improved cardiac care},
  author={Rao, R Bharat and Krishnan, Sriram and Niculescu, Radu Stefan},
  journal={Acm Sigkdd Explorations Newsletter},
  volume={8},
  number={1},
  pages={3--10},
  year={2006},
  publisher={ACM New York, NY, USA}
}
@article{herland2018big,
  title={Big data fraud detection using multiple medicare data sources},
  author={Herland, Matthew and Khoshgoftaar, Taghi M and Bauder, Richard A},
  journal={Journal of Big Data},
  volume={5},
  number={1},
  pages={1--21},
  year={2018},
  publisher={Springer}
}
@inproceedings{cieslak2006combating,
  title={Combating imbalance in network intrusion datasets.},
  author={Cieslak, David A and Chawla, Nitesh V and Striegel, Aaron},
  booktitle={GrC},
  pages={732--737},
  year={2006}
}

@article{wei2013effective,
  title={Effective detection of sophisticated online banking fraud on extremely imbalanced data},
  author={Wei, Wei and Li, Jinjiu and Cao, Longbing and Ou, Yuming and Chen, Jiahang},
  journal={World Wide Web},
  volume={16},
  pages={449--475},
  year={2013},
  publisher={Springer}
}

@inproceedings{he2008adasyn,
  title={ADASYN: Adaptive synthetic sampling approach for imbalanced learning},
  author={He, Haibo and Bai, Yang and Garcia, Edwardo A and Li, Shutao},
  booktitle={2008 IEEE international joint conference on neural networks (IEEE world congress on computational intelligence)},
  pages={1322--1328},
  year={2008},
  organization={Ieee}
}
@inproceedings{mullick2019generative,
  title={Generative adversarial minority oversampling},
  author={Mullick, Sankha Subhra and Datta, Shounak and Das, Swagatam},
  booktitle={Proceedings of the IEEE/CVF international conference on computer vision},
  pages={1695--1704},
  year={2019}
}
@inproceedings{laurikkala2001improving,
  title={Improving identification of difficult small classes by balancing class distribution},
  author={Laurikkala, Jorma},
  booktitle={Artificial Intelligence in Medicine: 8th Conference on Artificial Intelligence in Medicine in Europe, AIME 2001 Cascais, Portugal, July 1--4, 2001, Proceedings 8},
  pages={63--66},
  year={2001},
  organization={Springer}
}
@inproceedings{mani2003knn,
  title={kNN approach to unbalanced data distributions: a case study involving information extraction},
  author={Mani, Inderjeet and Zhang, I},
  booktitle={Proceedings of workshop on learning from imbalanced datasets},
  volume={126},
  pages={1--7},
  year={2003},
  organization={ICML}
}

@article{ramentol2012smote,
  title={Smote-rs b*: a hybrid preprocessing approach based on oversampling and undersampling for high imbalanced data-sets using smote and rough sets theory},
  author={Ramentol, Enislay and Caballero, Yail{\'e} and Bello, Rafael and Herrera, Francisco},
  journal={Knowledge and information systems},
  volume={33},
  pages={245--265},
  year={2012},
  publisher={Springer}
}
@article{saez2015smote,
  title={SMOTE--IPF: Addressing the noisy and borderline examples problem in imbalanced classification by a re-sampling method with filtering},
  author={S{\'a}ez, Jos{\'e} A and Luengo, Juli{\'a}n and Stefanowski, Jerzy and Herrera, Francisco},
  journal={Information Sciences},
  volume={291},
  pages={184--203},
  year={2015},
  publisher={Elsevier}
}

@article{tang2008svms,
  title={SVMs modeling for highly imbalanced classification},
  author={Tang, Yuchun and Zhang, Yan-Qing and Chawla, Nitesh V and Krasser, Sven},
  journal={IEEE Transactions on Systems, Man, and Cybernetics, Part B (Cybernetics)},
  volume={39},
  number={1},
  pages={281--288},
  year={2008},
  publisher={IEEE}
}
@article{zhou2005training,
  title={Training cost-sensitive neural networks with methods addressing the class imbalance problem},
  author={Zhou, Zhi-Hua and Liu, Xu-Ying},
  journal={IEEE Transactions on knowledge and data engineering},
  volume={18},
  number={1},
  pages={63--77},
  year={2005},
  publisher={IEEE}
}
@article{seiffert2009rusboost,
  title={RUSBoost: A hybrid approach to alleviating class imbalance},
  author={Seiffert, Chris and Khoshgoftaar, Taghi M and Van Hulse, Jason and Napolitano, Amri},
  journal={IEEE transactions on systems, man, and cybernetics-part A: systems and humans},
  volume={40},
  number={1},
  pages={185--197},
  year={2009},
  publisher={IEEE}
}

@article{guo2004learning,
  title={Learning from imbalanced data sets with boosting and data generation: the databoost-im approach},
  author={Guo, Hongyu and Viktor, Herna L},
  journal={ACM Sigkdd Explorations Newsletter},
  volume={6},
  number={1},
  pages={30--39},
  year={2004},
  publisher={ACM New York, NY, USA}
}
@inproceedings{chawla2003smoteboost,
  title={SMOTEBoost: Improving prediction of the minority class in boosting},
  author={Chawla, Nitesh V and Lazarevic, Aleksandar and Hall, Lawrence O and Bowyer, Kevin W},
  booktitle={Knowledge Discovery in Databases: PKDD 2003: 7th European Conference on Principles and Practice of Knowledge Discovery in Databases, Cavtat-Dubrovnik, Croatia, September 22-26, 2003. Proceedings 7},
  pages={107--119},
  year={2003},
  organization={Springer}
}
@article{cao2019learning,
  title={Learning imbalanced datasets with label-distribution-aware margin loss},
  author={Cao, Kaidi and Wei, Colin and Gaidon, Adrien and Arechiga, Nikos and Ma, Tengyu},
  journal={Advances in neural information processing systems},
  volume={32},
  year={2019}
}
@inproceedings{cui2019class,
  title={Class-balanced loss based on effective number of samples},
  author={Cui, Yin and Jia, Menglin and Lin, Tsung-Yi and Song, Yang and Belongie, Serge},
  booktitle={Proceedings of the IEEE/CVF conference on computer vision and pattern recognition},
  pages={9268--9277},
  year={2019}
}
@article{dong2018imbalanced,
  title={Imbalanced deep learning by minority class incremental rectification},
  author={Dong, Qi and Gong, Shaogang and Zhu, Xiatian},
  journal={IEEE transactions on pattern analysis and machine intelligence},
  volume={41},
  number={6},
  pages={1367--1381},
  year={2018},
  publisher={IEEE}
}
@article{ma2023class,
  title={Class-imbalanced learning on graphs: A survey},
  author={Ma, Yihong and Tian, Yijun and Moniz, Nuno and Chawla, Nitesh V},
  journal={arXiv preprint arXiv:2304.04300},
  year={2023}
}
@article{liu2022gatsmote,
  title={Gatsmote: Improving imbalanced node classification on graphs via attention and homophily},
  author={Liu, Yongxu and Zhang, Zhi and Liu, Yan and Zhu, Yao},
  journal={Mathematics},
  volume={10},
  number={11},
  pages={1799},
  year={2022},
  publisher={MDPI}
}
@article{li2024graph,
  title={Graph neural network with curriculum learning for imbalanced node classification},
  author={Li, Xiaohe and Fan, Zide and Huang, Feilong and Hu, Xuming and Deng, Yawen and Wang, Lei and Zhao, Xinyu},
  journal={Neurocomputing},
  volume={574},
  pages={127229},
  year={2024},
  publisher={Elsevier}
}

@inproceedings{wu2022graphmixup,
  title={Graphmixup: Improving class-imbalanced node classification by reinforcement mixup and self-supervised context prediction},
  author={Wu, Lirong and Xia, Jun and Gao, Zhangyang and Lin, Haitao and Tan, Cheng and Li, Stan Z},
  booktitle={Joint European Conference on Machine Learning and Knowledge Discovery in Databases},
  pages={519--535},
  year={2022},
  organization={Springer}
}
@inproceedings{ma2022attention,
  title={Attention and Cost-Sensitive Graph Neural Network for Imbalanced Node Classification},
  author={Ma, Chao and An, Jing and Bai, Xiang-En and Bao, Han-Qiu},
  booktitle={2022 IEEE International Conference on Networking, Sensing and Control (ICNSC)},
  pages={1--6},
  year={2022},
  organization={IEEE}
}
@inproceedings{wang2022effective,
  title={Effective-aggregation Graph Convolutional Network for Imbalanced Classification},
  author={Wang, Kefan and An, Jing and Kang, Qi},
  booktitle={2022 IEEE International Conference on Networking, Sensing and Control (ICNSC)},
  pages={1--5},
  year={2022},
  organization={IEEE}
}
@article{chen2021topology,
  title={Topology-imbalance learning for semi-supervised node classification},
  author={Chen, Deli and Lin, Yankai and Zhao, Guangxiang and Ren, Xuancheng and Li, Peng and Zhou, Jie and Sun, Xu},
  journal={Advances in Neural Information Processing Systems},
  volume={34},
  pages={29885--29897},
  year={2021}
}

@article{japkowicz2002class,
  title={The class imbalance problem: A systematic study},
  author={Japkowicz, Nathalie and Stephen, Shaju},
  journal={Intelligent data analysis},
  volume={6},
  number={5},
  pages={429--449},
  year={2002},
  publisher={IOS Press}
}

@inproceedings{hong2021disentangling,
  title={Disentangling label distribution for long-tailed visual recognition},
  author={Hong, Youngkyu and Han, Seungju and Choi, Kwanghee and Seo, Seokjun and Kim, Beomsu and Chang, Buru},
  booktitle={Proceedings of the IEEE/CVF conference on computer vision and pattern recognition},
  pages={6626--6636},
  year={2021}
}
@inproceedings{shi2020multi,
  title={Multi-class imbalanced graph convolutional network learning},
  author={Shi, Min and Tang, Yufei and Zhu, Xingquan and Wilson, David and Liu, Jianxun},
  booktitle={Proceedings of the Twenty-Ninth International Joint Conference on Artificial Intelligence (IJCAI-20)},
  year={2020}
}
@article{ren2020balanced,
  title={Balanced meta-softmax for long-tailed visual recognition},
  author={Ren, Jiawei and Yu, Cunjun and Ma, Xiao and Zhao, Haiyu and Yi, Shuai and others},
  journal={Advances in neural information processing systems},
  volume={33},
  pages={4175--4186},
  year={2020}
}
@inproceedings{park2022graphens,
  title={Graphens: Neighbor-aware ego network synthesis for class-imbalanced node classification},
  author={Park, Joonhyung and Song, Jaeyun and Yang, Eunho},
  booktitle={International Conference on Learning Representations, ICLR },
  year={2022},
  organization={International Conference on Learning Representations (ICLR)}
}

@article{el2009transductive,
  title={Transductive rademacher complexity and its applications},
  author={El-Yaniv, Ran and Pechyony, Dmitry},
  journal={Journal of Artificial Intelligence Research},
  volume={35},
  pages={193--234},
  year={2009}
}

@article{bartlett2017spectrally,
  title={Spectrally-normalized margin bounds for neural networks},
  author={Bartlett, Peter L and Foster, Dylan J and Telgarsky, Matus J},
  journal={Advances in neural information processing systems},
  volume={30},
  year={2017}
}
@incollection{boucheron2013concentration,
  title={Concentration inequalities},
  author={Boucheron, St{\'e}phane and Lugosi, G{\'a}bor and Bousquet, Olivier},
  booktitle={Summer school on machine learning},
  pages={208--240},
  year={2003},
  publisher={Springer}
}

@misc{shchur2019pitfallsgraphneuralnetwork,
      title={Pitfalls of Graph Neural Network Evaluation}, 
      author={Oleksandr Shchur and Maximilian Mumme and Aleksandar Bojchevski and Stephan Günnemann},
      year={2019},
      eprint={1811.05868},
      archivePrefix={arXiv},
      primaryClass={cs.LG},
      url={https://arxiv.org/abs/1811.05868}, 
}




@article{shchur2018pitfalls,
  title={Pitfalls of graph neural network evaluation},
  author={Shchur, Oleksandr and Mumme, Maximilian and Bojchevski, Aleksandar and G{\"u}nnemann, Stephan},
  journal={arXiv preprint arXiv:1811.05868},
  year={2018}
}