@article{cai2017active,
  title={Active learning for graph embedding},
  author={Cai, Hongyun and Zheng, Vincent W and Chang, Kevin Chen-Chuan},
  journal={arXiv preprint arXiv:1705.05085},
  year={2017}
}

@article{chawla2002smote,
  title={SMOTE: synthetic minority over-sampling technique},
  author={Chawla, Nitesh V and Bowyer, Kevin W and Hall, Lawrence O and Kegelmeyer, W Philip},
  journal={Journal of artificial intelligence research},
  volume={16},
  pages={321--357},
  year={2002}
}

@article{chen2021topology,
  title={Topology-imbalance learning for semi-supervised node classification},
  author={Chen, Deli and Lin, Yankai and Zhao, Guangxiang and Ren, Xuancheng and Li, Peng and Zhou, Jie and Sun, Xu},
  journal={Advances in Neural Information Processing Systems},
  volume={34},
  pages={29885--29897},
  year={2021}
}

@article{cong2021provable,
  title={On provable benefits of depth in training graph convolutional networks},
  author={Cong, Weilin and Ramezani, Morteza and Mahdavi, Mehrdad},
  journal={Advances in Neural Information Processing Systems},
  volume={34},
  pages={9936--9949},
  year={2021}
}

@inproceedings{el2006stable,
  title={Stable transductive learning},
  author={El-Yaniv, Ran and Pechyony, Dmitry},
  booktitle={Learning Theory: 19th Annual Conference on Learning Theory, COLT 2006, Pittsburgh, PA, USA, June 22-25, 2006. Proceedings 19},
  pages={35--49},
  year={2006},
  organization={Springer}
}

@article{esser2021learning,
  title={Learning theory can (sometimes) explain generalisation in graph neural networks},
  author={Esser, Pascal and Chennuru Vankadara, Leena and Ghoshdastidar, Debarghya},
  journal={Advances in Neural Information Processing Systems},
  volume={34},
  pages={27043--27056},
  year={2021}
}

@inproceedings{jervakani2024klce,
  title={KLCE: Regularized Imbalance Node-classification Via KL-divergence and Cross-Entropy},
  author={Jervakani, Mohammad Taha Teimuri and Dehghanian, Zahra and Aminian, Gholamali and Rabiee, Hamid R},
  booktitle={The Second Tiny Papers Track at ICLR 2024},
  year={2024}
}

@inproceedings{li2018deeper,
  title={Deeper insights into graph convolutional networks for semi-supervised learning},
  author={Li, Qimai and Han, Zhichao and Wu, Xiao-Ming},
  booktitle={Proceedings of the AAAI Conference on Artificial Intelligence},
  volume={32},
  year={2018}
}

@article{li2023informative,
  title={Informative pseudo-labeling for graph neural networks with few labels},
  author={Li, Yayong and Yin, Jie and Chen, Ling},
  journal={Data Mining and Knowledge Discovery},
  pages={228--254},
  year={2023}
}

@article{li2024graph,
  title={Graph neural network with curriculum learning for imbalanced node classification},
  author={Li, Xiaohe and Fan, Zide and Huang, Feilong and Hu, Xuming and Deng, Yawen and Wang, Lei and Zhao, Xinyu},
  journal={Neurocomputing},
  volume={574},
  pages={127229},
  year={2024},
  publisher={Elsevier}
}

@inproceedings{liu2022confidence,
  title={Confidence may cheat: Self-training on graph neural networks under distribution shift},
  author={Liu, Hongrui and Hu, Binbin and Wang, Xiao and Shi, Chuan and Zhang, Zhiqiang and Zhou, Jun},
  booktitle={Proceedings of the ACM Web Conference},
  pages={1454--1463},
  year={2022}
}

@article{liu2022gatsmote,
  title={Gatsmote: Improving imbalanced node classification on graphs via attention and homophily},
  author={Liu, Yongxu and Zhang, Zhi and Liu, Yan and Zhu, Yao},
  journal={Mathematics},
  volume={10},
  number={11},
  pages={1799},
  year={2022},
  publisher={MDPI}
}

@inproceedings{ma2022attention,
  title={Attention and Cost-Sensitive Graph Neural Network for Imbalanced Node Classification},
  author={Ma, Chao and An, Jing and Bai, Xiang-En and Bao, Han-Qiu},
  booktitle={2022 IEEE International Conference on Networking, Sensing and Control (ICNSC)},
  pages={1--6},
  year={2022},
  organization={IEEE}
}

@article{ma2023class,
  title={Class-imbalanced learning on graphs: A survey},
  author={Ma, Yihong and Tian, Yijun and Moniz, Nuno and Chawla, Nitesh V},
  journal={arXiv preprint arXiv:2304.04300},
  year={2023}
}

@article{oono2020optimization,
  title={Optimization and generalization analysis of transduction through gradient boosting and application to multi-scale graph neural networks},
  author={Oono, Kenta and Suzuki, Taiji},
  journal={Advances in Neural Information Processing Systems},
  volume={33},
  pages={18917--18930},
  year={2020}
}

@inproceedings{park2022graphens,
  title={Graphens: Neighbor-aware ego network synthesis for class-imbalanced node classification},
  author={Park, Joonhyung and Song, Jaeyun and Yang, Eunho},
  booktitle={International Conference on Learning Representations, ICLR },
  year={2022},
  organization={International Conference on Learning Representations (ICLR)}
}

@inproceedings{song2022tam,
  title={TAM: topology-aware margin loss for class-imbalanced node classification},
  author={Song, Jaeyun and Park, Joonhyung and Yang, Eunho},
  booktitle={International Conference on Machine Learning},
  pages={20369--20383},
  year={2022},
  organization={PMLR}
}

@inproceedings{sun2020multi,
  title={Multi-stage self-supervised learning for graph convolutional networks on graphs with few labeled nodes},
  author={Sun, Ke and Lin, Zhouchen and Zhu, Zhanxing},
  booktitle={Proceedings of the AAAI conference on artificial intelligence},
  volume={34},
  pages={5892--5899},
  year={2020}
}

@article{tang2023towards,
  title={Towards Understanding the Generalization of Graph Neural Networks},
  author={Tang, Huayi and Liu, Yong},
  journal={arXiv preprint arXiv:2305.08048},
  year={2023}
}

@inproceedings{verma2019stability,
  title={Stability and generalization of graph convolutional neural networks},
  author={Verma, Saurabh and Zhang, Zhi-Li},
  booktitle={Proceedings of the 25th ACM SIGKDD International Conference on Knowledge Discovery \& Data Mining},
  pages={1539--1548},
  year={2019}
}

@inproceedings{wang2021be,
  title={Be confident! Towards trustworthy graph neural networks via confidence calibration},
  author={Wang, Xiao and Liu, Hongrui and Shi, Chuan and Yang, Cheng},
  booktitle={Advances in Neural Information Processing Systems},
  volume={34},
  pages={23768--23779},
  year={2021}
}

@inproceedings{wang2022effective,
  title={Effective-aggregation Graph Convolutional Network for Imbalanced Classification},
  author={Wang, Kefan and An, Jing and Kang, Qi},
  booktitle={2022 IEEE International Conference on Networking, Sensing and Control (ICNSC)},
  pages={1--5},
  year={2022},
  organization={IEEE}
}

@inproceedings{wu2022graphmixup,
  title={Graphmixup: Improving class-imbalanced node classification by reinforcement mixup and self-supervised context prediction},
  author={Wu, Lirong and Xia, Jun and Gao, Zhangyang and Lin, Haitao and Tan, Cheng and Li, Stan Z},
  booktitle={Joint European Conference on Machine Learning and Knowledge Discovery in Databases},
  pages={519--535},
  year={2022},
  organization={Springer}
}

@inproceedings{yang2021self,
  title={Self-enhanced GNN: Improving graph neural networks using model outputs},
  author={Yang, Han and Yan, Xiao and Dai, Xinyan and Chen, Yongqiang and Cheng, James},
  booktitle={International Joint Conference on Neural Networks (IJCNN)},
  pages={1--8},
  year={2021},
  organization={IEEE}
}

@inproceedings{zhang2021alg,
  title={ALG: Fast and accurate active learning framework for graph convolutional networks},
  author={Zhang, Wentao and Shen, Yu and Li, Yang and Chen, Lei and Yang, Zhi and Cui, Bin},
  booktitle={Proceedings of the 2021 International Conference on Management of Data},
  pages={2366--2374},
  year={2021}
}

@article{zhao2021entropy,
  title={Entropy-aware self-training for graph convolutional networks},
  author={Zhao, Gongpei and Wang, Tao and Li, Yidong and Jin, Yi and Lang, Congyan},
  journal={Neurocomputing},
  volume={464},
  pages={394--407},
  year={2021},
  publisher={Elsevier}
}

@inproceedings{zhao2021graphsmote,
  title={Graphsmote: Imbalanced node classification on graphs with graph neural networks},
  author={Zhao, Tianxiang and Zhang, Xiang and Wang, Suhang},
  booktitle={Proceedings of the 14th ACM international conference on web search and data mining},
  pages={833--841},
  year={2021}
}

@article{zhou2021generalization,
  title={The generalization error of graph convolutional networks may enlarge with more layers},
  author={Zhou, Xianchen and Wang, Hongxia},
  journal={Neurocomputing},
  volume={424},
  pages={97--106},
  year={2021},
  publisher={Elsevier}
}

