@INPROCEEDINGS{APF_LiDAR,
  author={Batinovic, Ana and Goricanec, Jurica and Markovic, Lovro and Bogdan, Stjepan},
  booktitle={Proc. 2022 International Conference on Unmanned Aircraft Systems (ICUAS)}, 
  title={Path Planning with Potential Field-Based Obstacle Avoidance in a 3D Environment by an Unmanned Aerial Vehicle}, 
  year={2022},
  volume={},
  number={},
  pages={394-401},
  keywords={Three-dimensional displays;Laser radar;Trajectory planning;Autonomous aerial vehicles;Real-time systems;Trajectory;Sensors},
}

@article{Chen_2025,
   title={Target Search and Navigation in Heterogeneous Robot Systems with Deep Reinforcement Learning},
   volume={22},
   ISSN={2731-5398},
   url={http://dx.doi.org/10.1007/s11633-024-1512-6},
   DOI={10.1007/s11633-024-1512-6},
   number={1},
   journal={Machine Intelligence Research},
   publisher={Springer Science and Business Media LLC},
   author={Chen, Yun and Xiao, Jiaping},
   year={2025},
   month=jan, pages={79–90} }

@article{GroundRobot,
author = {Małopolski, Waldemar and Skoczypiec, Sebastian},
year = {2024},
month = {04},
pages = {1-10},
title = {The Concept of an Autonomous Mobile Robot for Automating Transport Tasks in High-Bay Warehouses},
volume = {18},
journal = {Advances in Science and Technology Research Journal},
doi = {10.12913/22998624/182932}
}

@INPROCEEDINGS{Sales_2023,
  author={Sales, Augusto and Mira, Pedro and Maria Nascimento, Ana and Brandão, Alexandre and Saska, Martin and Nascimento, Tiago},
  booktitle={2023 International Conference on Unmanned Aircraft Systems (ICUAS)}, 
  title={Heterogeneous Multi-Robot Systems Approach for Warehouse Inventory Management}, 
  year={2023},
  volume={},
  number={},
  pages={389-394},
  keywords={Location awareness;Uncertainty;Monte Carlo methods;Robot vision systems;Inventory management;Multi-robot systems;Mobile robots;Multi-robots;warehouse;logistics;low-cost;plug-and-play},
  doi={10.1109/ICUAS57906.2023.10155890}}

@misc{SwarmGear,
      title={SwarmGear: Heterogeneous Swarm of Drones with Reconfigurable Leader Drone and Virtual Impedance Links for Multi-Robot Inspection}, 
      author={Zhanibek Darush and Mikhail Martynov and Aleksey Fedoseev and Aleksei Shcherbak and Dzmitry Tsetserukou},
      year={2023},
      eprint={2304.02956},
      archivePrefix={arXiv},
      primaryClass={cs.RO},
      url={https://arxiv.org/abs/2304.02956}, 
}

@misc{SwarmPath,
      title={SwarmPath: Drone Swarm Navigation through Cluttered Environments Leveraging Artificial Potential Field and Impedance Control}, 
      author={Roohan Ahmed Khan and Malaika Zafar and Amber Batool and Aleksey Fedoseev and Dzmitry Tsetserukou},
      year={2024},
      eprint={2410.07848},
      archivePrefix={arXiv},
      primaryClass={cs.RO},
      url={https://arxiv.org/abs/2410.07848}, 
}

@article{UAV-UGVs,
author = {Castro, Gabriel and Santos, Tatiana and Andrade, Fabio and Lima, José and Haddad, Diego and Honório, Leonardo and Faria Pinto, Milena},
year = {2024},
month = {03},
pages = {200},
title = {Heterogeneous Multi-Robot Collaboration for Coverage Path Planning in Partially Known Dynamic Environments},
volume = {12},
journal = {Machines},
doi = {10.3390/machines12030200}
}

@ARTICLE{Yu_2023,
  author={Yu, Yajing and Chen, Chen and Guo, Jian and Chadli, Mohammed and Xiang, Zhengrong},
  journal={IEEE Transactions on Fuzzy Systems}, 
  title={Adaptive Formation Control for Unmanned Aerial Vehicles With Collision Avoidance and Switching Communication Network}, 
  year={2024},
  volume={32},
  number={3},
  pages={1435-1445},
}

@INPROCEEDINGS{Zhura_2023,
  author={Zhura, Iana and Davletshin, Denis and Mudalige, Nipun Dhananjaya Weerakkodi and Fedoseev, Aleksey and Peter, Robinroy and Tsetserukou, Dzmitry},
  booktitle={2023 IEEE International Conference on Systems, Man, and Cybernetics (SMC)}, 
  title={NeuroSwarm: Multi-Agent Neural 3D Scene Reconstruction and Segmentation with UAV for Optimal Navigation of Quadruped Robot}, 
  year={2023},
  volume={},
  number={},
  pages={2525-2530},
  keywords={Geometry;Three-dimensional displays;Navigation;Motion segmentation;Reconstruction algorithms;Quadrupedal robots;Collision avoidance;Multi-agent Robotic systems;Quadruped Robot;UAV;3D mapping;Path Planning;Navigation},
  doi={10.1109/SMC53992.2023.10394221}}

