
@article{GroundRobot,
author = {Małopolski, Waldemar and Skoczypiec, Sebastian},
year = {2024},
month = {04},
pages = {1-10},
title = {The Concept of an Autonomous Mobile Robot for Automating Transport Tasks in High-Bay Warehouses},
volume = {18},
journal = {Advances in Science and Technology Research Journal},
doi = {10.12913/22998624/182932}
}

@misc{SwarmPath,
      title={SwarmPath: Drone Swarm Navigation through Cluttered Environments Leveraging Artificial Potential Field and Impedance Control}, 
      author={Roohan Ahmed Khan and Malaika Zafar and Amber Batool and Aleksey Fedoseev and Dzmitry Tsetserukou},
      year={2024},
      eprint={2410.07848},
      archivePrefix={arXiv},
      primaryClass={cs.RO},
      url={https://arxiv.org/abs/2410.07848}, 
}


@INPROCEEDINGS{Hogan_1984,
  author={Hogan, Neville},
  booktitle={1984 American Control Conference}, 
  title={Impedance Control: An Approach to Manipulation}, 
  year={1984},
  volume={},
  number={},
  pages={304-313},
  keywords={Impedance;Manipulator dynamics;Force control;Velocity control;Control systems;Motion control;Prosthetics;Mechanical variables control;Laboratories;Manufacturing},
  doi={10.23919/ACC.1984.4788393}}


@misc{SwarmGear,
      title={SwarmGear: Heterogeneous Swarm of Drones with Reconfigurable Leader Drone and Virtual Impedance Links for Multi-Robot Inspection}, 
      author={Zhanibek Darush and Mikhail Martynov and Aleksey Fedoseev and Aleksei Shcherbak and Dzmitry Tsetserukou},
      year={2023},
      eprint={2304.02956},
      archivePrefix={arXiv},
      primaryClass={cs.RO},
      url={https://arxiv.org/abs/2304.02956}, 
}


@article{Chen_2025,
   title={Target Search and Navigation in Heterogeneous Robot Systems with Deep Reinforcement Learning},
   volume={22},
   ISSN={2731-5398},
   url={http://dx.doi.org/10.1007/s11633-024-1512-6},
   DOI={10.1007/s11633-024-1512-6},
   number={1},
   journal={Machine Intelligence Research},
   publisher={Springer Science and Business Media LLC},
   author={Chen, Yun and Xiao, Jiaping},
   year={2025},
   month=jan, pages={79–90} }


@article{UAV-UGVs,
author = {Castro, Gabriel and Santos, Tatiana and Andrade, Fabio and Lima, José and Haddad, Diego and Honório, Leonardo and Faria Pinto, Milena},
year = {2024},
month = {03},
pages = {200},
title = {Heterogeneous Multi-Robot Collaboration for Coverage Path Planning in Partially Known Dynamic Environments},
volume = {12},
journal = {Machines},
doi = {10.3390/machines12030200}
}

@INPROCEEDINGS{APF,
  author={Li, Haoyang},
  booktitle={2020 International Conference on Artificial Intelligence and Computer Engineering (ICAICE)}, 
  title={Robotic Path Planning Strategy Based on Improved Artificial Potential Field}, 
  year={2020},
  volume={},
  number={},
  pages={67-71},
  keywords={Software algorithms;Robot sensing systems;Software;Path planning;Sensors;Collision avoidance;Optimization;artificial potential field;moveable robots;path planning;improved function},
  doi={10.1109/ICAICE51518.2020.00019}}

@INPROCEEDINGS{APF_LiDAR,
  author={Batinovic, Ana and Goricanec, Jurica and Markovic, Lovro and Bogdan, Stjepan},
  booktitle={Proc. 2022 International Conference on Unmanned Aircraft Systems (ICUAS)}, 
  title={Path Planning with Potential Field-Based Obstacle Avoidance in a 3D Environment by an Unmanned Aerial Vehicle}, 
  year={2022},
  volume={},
  number={},
  pages={394-401},
  keywords={Three-dimensional displays;Laser radar;Trajectory planning;Autonomous aerial vehicles;Real-time systems;Trajectory;Sensors},
}

@ARTICLE{Yu_2023,
  author={Yu, Yajing and Chen, Chen and Guo, Jian and Chadli, Mohammed and Xiang, Zhengrong},
  journal={IEEE Transactions on Fuzzy Systems}, 
  title={Adaptive Formation Control for Unmanned Aerial Vehicles With Collision Avoidance and Switching Communication Network}, 
  year={2024},
  volume={32},
  number={3},
  pages={1435-1445},
}

@INPROCEEDINGS{Zhura_2023,
  author={Zhura, Iana and Davletshin, Denis and Mudalige, Nipun Dhananjaya Weerakkodi and Fedoseev, Aleksey and Peter, Robinroy and Tsetserukou, Dzmitry},
  booktitle={2023 IEEE International Conference on Systems, Man, and Cybernetics (SMC)}, 
  title={NeuroSwarm: Multi-Agent Neural 3D Scene Reconstruction and Segmentation with UAV for Optimal Navigation of Quadruped Robot}, 
  year={2023},
  volume={},
  number={},
  pages={2525-2530},
  keywords={Geometry;Three-dimensional displays;Navigation;Motion segmentation;Reconstruction algorithms;Quadrupedal robots;Collision avoidance;Multi-agent Robotic systems;Quadruped Robot;UAV;3D mapping;Path Planning;Navigation},
  doi={10.1109/SMC53992.2023.10394221}}


@ARTICLE{Lopez_2023,
  author={López-Soriano, S. and Pous, Rafael},
  journal={IEEE Sensors Journal}, 
  title={Inventory Robots: Performance Evaluation of an RFID-Based Navigation Strategy}, 
  year={2023},
  volume={23},
  number={14},
  pages={16210-16218},
  keywords={Robots;Navigation;Sensors;Robot kinematics;Layout;RFID tags;Libraries;E-logistics;exploration;inventory robots;navigation;radio frequency identification (RFID)},
  doi={10.1109/JSEN.2023.3278743}}

@INPROCEEDINGS{Paolanti_2017,
  author={Paolanti, Marina and Sturari, Mirco and Mancini, Adriano and Zingaretti, Primo and Frontoni, Emanuele},
  booktitle={2017 European Conference on Mobile Robots (ECMR)}, 
  title={Mobile robot for retail surveying and inventory using visual and textual analysis of monocular pictures based on deep learning}, 
  year={2017},
  volume={},
  number={},
  pages={1-6},
  keywords={Feature extraction;Visualization;Cameras;Monitoring;Robot vision systems},
  doi={10.1109/ECMR.2017.8098666}}

@ARTICLE{Motroni_2024,
  author={Motroni, Andrea and D’Avella, Salvatore and Buffi, Alice and Tripicchio, Paolo and Unetti, Matteo and Cecchi, Glauco and Nepa, Paolo},
  journal={IEEE Journal of Radio Frequency Identification}, 
  title={Advanced RFID-Robot With Rotating Antennas for Smart Inventory in High-Density Shelving Systems}, 
  year={2024},
  volume={8},
  number={},
  pages={559-570},
  keywords={Location awareness;Antennas;Trajectory;Radiofrequency identification;Robot kinematics;Three-dimensional displays;Autonomous robots;Simultaneous localization and mapping;RFID tags;Smart manufacturing;Inventory control;Autonomous robot;retail robot;UHF-RFID robot;RFID rotating antenna;smart inventory;SLAM;tagged item traceability;tag localization},
  doi={10.1109/JRFID.2024.3369470}}



@Article{Yoon_2023,
AUTHOR = {Yoon, Bohan and Kim, Hyeonha and Youn, Geonsik and Rhee, Jongtae},
TITLE = {3D Position Estimation of Objects for Inventory Management Automation Using Drones},
JOURNAL = {Applied Sciences},
VOLUME = {13},
YEAR = {2023},
NUMBER = {19},
ARTICLE-NUMBER = {10830},
URL = {https://www.mdpi.com/2076-3417/13/19/10830},
ISSN = {2076-3417},
ABSTRACT = {},
DOI = {10.3390/app131910830}
}



@INPROCEEDINGS{Sales_2023,
  author={Sales, Augusto and Mira, Pedro and Maria Nascimento, Ana and Brandão, Alexandre and Saska, Martin and Nascimento, Tiago},
  booktitle={2023 International Conference on Unmanned Aircraft Systems (ICUAS)}, 
  title={Heterogeneous Multi-Robot Systems Approach for Warehouse Inventory Management}, 
  year={2023},
  volume={},
  number={},
  pages={389-394},
  keywords={Location awareness;Uncertainty;Monte Carlo methods;Robot vision systems;Inventory management;Multi-robot systems;Mobile robots;Multi-robots;warehouse;logistics;low-cost;plug-and-play},
  doi={10.1109/ICUAS57906.2023.10155890}}

@INPROCEEDINGS{Cristiani_2020,
  author={Cristiani, Davide and Bottonelli, Filippo and Trotta, Angelo and Di Felice, Marco},
  booktitle={2020 IEEE 21st International Symposium on "A World of Wireless, Mobile and Multimedia Networks" (WoWMoM)}, 
  title={Inventory Management through Mini-Drones: Architecture and Proof-of-Concept Implementation}, 
  year={2020},
  volume={},
  number={},
  pages={317-322},
  keywords={Drones;Cameras;Inventory management;Computer architecture;Safety},
  doi={10.1109/WoWMoM49955.2020.00060}}

@ARTICLE{Kalinov_2020,
  author={Kalinov, Ivan and Petrovsky, Alexander and Ilin, Valeriy and Pristanskiy, Egor and Kurenkov, Mikhail and Ramzhaev, Vladimir and Idrisov, Ildar and Tsetserukou, Dzmitry},
  journal={IEEE Robotics and Automation Letters}, 
  title={WareVision: CNN Barcode Detection-Based UAV Trajectory Optimization for Autonomous Warehouse Stocktaking}, 
  year={2020},
  volume={5},
  number={4},
  pages={6647-6653},
  keywords={Cameras;Drones;Real-time systems;Meters;Robot kinematics;Pallets;Inventory management;computer vision for automation;multi-robot systems;AI-based methods;object detection;segmentation and categorization},
  doi={10.1109/LRA.2020.3010733}}