@InProceedings{Aitchison2021deceptionhypergames,
author="Aitchison, Matthew
and Benke, Lyndon
and Sweetser, Penny",
editor="Sarkadi, Stefan
and Wright, Benjamin
and Masters, Peta
and McBurney, Peter",
title="Learning to Deceive in Multi-agent Hidden Role Games",
booktitle="Deceptive AI",
year="2021",
publisher="Springer International Publishing",
address="Cham",
pages="55--75",
isbn="978-3-030-91779-1"
}

@article{BENNETT1981shippingcrisis,
title = {Shipping in crisis: A trial run for ‘live’ application of the hypergame approach},
journal = {Omega},
volume = {9},
number = {6},
pages = {579-594},
year = {1981},
issn = {0305-0483},
author = {PG Bennett and CS Huxham and MR Dando},
}

@article{Bennett1980,
  author = {Bennett, Peter},
  title = {Hypergames: Developing a model of conflict},
  journal = {Futures},
  volume = {12},
  number = {6},
  pages = {489--507},
  year = {1980}
}

@mastersthesis{Kahn2021thesis,
  author       = {Kahn, Maximilian},
  title        = {Dynamic-Occlusion-Aware Risk Identification for Autonomous Vehicles Using Hypergames},
  school       = {UWSpace},
  year         = {2021}
}

@article{STATHIS1998401,
title = {An abstract framework for globalising interactive systems},
journal = {Interacting with Computers},
volume = {9},
number = {4},
pages = {401-416},
year = {1998},
note = {Shared Values and Shared Interfaces: The Role of Culture in the Globalisation of Human-Computer Systems},
issn = {0953-5438},
author = {Kostas Stathis and Marek Sergot},
}

@article{TANG2024networkattackdefense,
title = {A method of network attack-defense game and collaborative defense decision-making based on hierarchical multi-agent reinforcement learning},
journal = {Computers \& Security},
volume = {142},
pages = {103871},
year = {2024},
issn = {0167-4048},
author = {Yunlong Tang and Jing Sun and Huan Wang and Junyi Deng and  others},
keywords = {Cyber autonomous defense, Attack-defense game, Hierarchical multi-agent reinforcement learning, Game learning},
}

@article{Wooldridge_Jennings_1995, title={Intelligent agents: theory and practice}, volume={10}, number={2}, journal={The Knowledge Engineering Review}, author={Wooldridge, Michael and Jennings, Nicholas R.}, year={1995}, pages={115–152}}

@INPROCEEDINGS{dharmadhikari2021hypergamepathplanning,
  author={Dharmadhikari, Mihir and Deshpande, Harshal and Dang, Tung and Alexis, Kostas},
  booktitle={2021 IEEE International Conference on Robotics and Automation (ICRA)}, 
  title={Hypergame-based Adaptive Behavior Path Planning for Combined Exploration and Visual Search}, 
  year={2021},
  volume={},
  number={},
  pages={269-275},
  keywords={Geometry;Visualization;Analytical models;Automation;Conferences;Robot sensing systems;Path planning},
}

@article{duan2024gtbench,
  title={Gtbench: Uncovering the strategic reasoning limitations of llms via game-theoretic evaluations},
    author={Duan, Jinhao and Zhang, Renming and Diffenderfer, James and Kailkhura, Bhavya and Sun, Lichao and others},
  journal={arXiv preprint arXiv:2402.12348},
  year={2024}
}

@INPROCEEDINGS{gamemaster-gameplayerMAS2007,
  author={Kobti, Ziad and Sharma, Shiven},
  booktitle={2007 IEEE Symposium on Computational Intelligence and Games}, 
  title={A Multi-Agent Architecture for Game Playing}, 
  year={2007},
  pages={276-281},
}

@misc{guo2024economicsarenalargelanguage,
      title={Economics Arena for Large Language Models}, 
      author={Shangmin Guo and Haoran Bu and Haochuan Wang and Yi Ren and Dianbo Sui and Yuming Shang and Siting Lu},
      year={2024},
      eprint={2401.01735},
      archivePrefix={arXiv},
      primaryClass={cs.GT},
      url={https://arxiv.org/abs/2401.01735}, 
}

@article{li2024survey,
  title={A survey on LLM-based multi-agent systems: workflow, infrastructure, and challenges},
  author={Li, Xinyi and Wang, Sai and Zeng, Siqi and Wu, Yu and Yang, Yi},
  journal={Vicinagearth},
  volume={1},
  number={1},
  pages={9},
  year={2024},
  publisher={Springer}
}

@misc{lu2024strategicinteractionslargelanguage,
      title={Strategic Interactions between Large Language Models-based Agents in Beauty Contests}, 
      author={Siting Estee Lu},
      year={2024},
      eprint={2404.08492},
      archivePrefix={arXiv},
      primaryClass={econ.GN},
      url={https://arxiv.org/abs/2404.08492}, 
}

@misc{mao2024alympicsllmagentsmeet,
      title={ALYMPICS: LLM Agents Meet Game Theory -- Exploring Strategic Decision-Making with AI Agents}, 
      author={Shaoguang Mao and Yuzhe Cai and Yan Xia and Wenshan Wu and others},
      year={2024},
      eprint={2311.03220},
      archivePrefix={arXiv},
      primaryClass={cs.CL},
      url={https://arxiv.org/abs/2311.03220}, 
}

@ARTICLE{master-slave-energymanagement,
  author={Liu, Nian and He, Li and Yu, Xinghuo and Ma, Li},
  journal={IEEE Transactions on Industrial Informatics}, 
  title={Multiparty Energy Management for Grid-Connected Microgrids With Heat- and Electricity-Coupled Demand Response}, 
  year={2018},
  volume={14},
  number={5},
  pages={1887-1897}}

@Article{masterslavegames2024,
AUTHOR = {Zhu, Boyu and Wang, Dazhi},
TITLE = {Master–Slave Game Optimal Scheduling for Multi-Agent Integrated Energy System Based on Uncertainty and Demand Response},
JOURNAL = {Sustainability},
VOLUME = {16},
YEAR = {2024},
NUMBER = {8},
ARTICLE-NUMBER = {3182},
ISSN = {2071-1050},
}

@article{mensfelt2024autoformalizing,
  title={Autoformalizing and Simulating Game-Theoretic Scenarios using LLM-augmented Agents},
  author={Mensfelt, Agnieszka and Stathis, Kostas and Trencsenyi, Vince},
  journal={arXiv preprint arXiv:2412.08805},
  year={2024}
}

@misc{mensfelt2024logicenhancedlanguagemodelagents,
      title={Logic-Enhanced Language Model Agents for Trustworthy Social Simulations}, 
      author={Agnieszka Mensfelt and Kostas Stathis and Vince Trencsenyi},
      year={2024},
      eprint={2408.16081},
      archivePrefix={arXiv},
      primaryClass={cs.AI},
      url={https://arxiv.org/abs/2408.16081}, 
}

@ARTICLE{tradingagentcompetition,
  author={Wellman, M.P. and Wurman, P.R. and O'Malley, K. and Bangera, R. and others},
  journal={IEEE Internet Computing}, 
  title={Designing the market game for a trading agent competition}, 
  year={2001},
  volume={5},
  number={2},
  pages={43-51},
}

@article{wang2024survey,
  title={A survey on large language model based autonomous agents},
  author={Wang, Lei and Ma, Chen and Feng, Xueyang and Zhang, Zeyu and others},
  journal={Frontiers of Computer Science},
  volume={18},
  number={6},
  pages={186345},
  year={2024},
  publisher={Springer}
}

@misc{wang2025limitsllmbasedhumansimulation,
      title={What Limits LLM-based Human Simulation: LLMs or Our Design?}, 
      author={Qian Wang and Jiaying Wu and Zhenheng Tang and Bingqiao Luo and others},
      year={2025},
      eprint={2501.08579},
      archivePrefix={arXiv},
      primaryClass={cs.CL},
      url={https://arxiv.org/abs/2501.08579}, 
}

@misc{zhang2024klevelreasoningestablishinghigher,
      title={K-Level Reasoning: Establishing Higher Order Beliefs in Large Language Models for Strategic Reasoning}, 
      author={Yadong Zhang and Shaoguang Mao and Tao Ge and Xun Wang and Yan Xia and Man Lan and Furu Wei},
      year={2024},
      eprint={2402.01521},
      archivePrefix={arXiv},
      primaryClass={cs.CL},
      url={https://arxiv.org/abs/2402.01521}, 
}

