@article{nagel95,
 ISSN = {00028282},
 author = {Rosemarie Nagel},
 journal = {The American Economic Review},
 number = {5},
 pages = {1313--1326},
 publisher = {American Economic Association},
 title = {Unraveling in Guessing Games: An Experimental Study},
 volume = {85},
 year = {1995}
}

@article{nagel08,
title = {The two-person beauty contest},
journal = {Games and Economic Behavior},
volume = {62},
number = {1},
pages = {93-99},
year = {2008},
issn = {0899-8256},
author = {Brit Grosskopf and Rosemarie Nagel}
}

@article{ho2007self,
  title={Self-tuning experience weighted attraction learning in games},
  author={Ho, Teck H and Camerer, Colin F and Chong, Juin-Kuan},
  journal={Journal of economic theory},
  volume={133},
  number={1},
  pages={177--198},
  year={2007},
  publisher={Elsevier}
}

@misc{claude35,
    author = {Anthropic},
    title = {Claude 3.5},
    year = {2024},
    url = {https://www.anthropic.com/claude},
    urldate = {2024-01-23}
}

@misc{openai2024gpt4technicalreport,
      title={GPT-4 Technical Report}, 
      author={Josh Achiam and Steven Adler and Sandhini Agarwal and Lama Ahmad and others},
      year={2024},
      eprint={2303.08774},
      archivePrefix={arXiv},
      primaryClass={cs.CL},
      url={https://arxiv.org/abs/2303.08774}, 
}

@article{ho1998iterated,
  title={Iterated dominance and iterated best response in experimental ``p-beauty contests'},
  author={Ho, Teck-Hua and Camerer, Colin and Weigelt, Keith},
  journal={The American Economic Review},
  volume={88},
  number={4},
  pages={947--969},
  year={1998},
  publisher={JSTOR}
}

@article{camerer2004cognitive,
  title={A cognitive hierarchy model of games},
  author={Camerer, Colin F and Ho, Teck-Hua and Chong, Juin-Kuan},
  journal={The Quarterly Journal of Economics},
  volume={119},
  number={3},
  pages={861--898},
  year={2004},
  publisher={MIT Press}
}

@article{CAMERER2002137,
title = {Sophisticated Experience-Weighted Attraction Learning and Strategic Teaching in Repeated Games},
journal = {Journal of Economic Theory},
volume = {104},
number = {1},
pages = {137-188},
year = {2002},
issn = {0022-0531},
author = {Colin F. Camerer and Teck-Hua Ho and Juin-Kuan Chong},
}

@misc{wei2023chainofthoughtpromptingelicitsreasoning,
      title={Chain-of-Thought Prompting Elicits Reasoning in Large Language Models}, 
      author={Jason Wei and Xuezhi Wang and Dale Schuurmans and Maarten Bosma and others},
      year={2023},
      eprint={2201.11903},
      archivePrefix={arXiv},
      primaryClass={cs.CL},
      url={https://arxiv.org/abs/2201.11903}, 
}

@article{yu2023towards,
  title={Towards better chain-of-thought prompting strategies: A survey},
  author={Yu, Zihan and He, Liang and Wu, Zhen and Dai, Xinyu and Chen, Jiajun},
  journal={arXiv preprint arXiv:2310.04959},
  year={2023}
}

@inproceedings{gillioz2020overview,
  title={Overview of the Transformer-based Models for NLP Tasks},
  author={Gillioz, Anthony and Casas, Jacky and Mugellini, Elena and Abou Khaled, Omar},
  booktitle={2020 15th Conference on computer science and information systems (FedCSIS)},
  pages={179--183},
  year={2020},
  organization={IEEE}
}

@article{qiu2020pre,
  title={Pre-trained models for natural language processing: A survey},
  author={Qiu, Xipeng and Sun, Tianxiang and Xu, Yige and Shao, Yunfan and others},
  journal={Science China technological sciences},
  volume={63},
  number={10},
  pages={1872--1897},
  year={2020},
  publisher={Springer}
}

@article{zhao2023survey,
  title={A survey of large language models},
  author={Zhao, Wayne Xin and Zhou, Kun and Li, Junyi and Tang, Tianyi and others},
  journal={arXiv preprint arXiv:2303.18223},
  year={2023}
}

@misc{mao2024alympicsllmagentsmeet,
      title={ALYMPICS: LLM Agents Meet Game Theory -- Exploring Strategic Decision-Making with AI Agents}, 
      author={Shaoguang Mao and Yuzhe Cai and Yan Xia and Wenshan Wu and others},
      year={2024},
      eprint={2311.03220},
      archivePrefix={arXiv},
      primaryClass={cs.CL},
      url={https://arxiv.org/abs/2311.03220}, 
}

@book{Osborne2004,
	author = {Osborne, M.J},
	publisher = {Oxford University Press USA},
	title = {Introduction to Game Theory},
	year = {2004}
}

@book{Rasmusen2006introtogametheory,
place={Oxford u.a.},
title={Games and information an introduction to game theory},
publisher={Blackwell}, 
author={Rasmusen, E.},
year={2006}}

@article{duffy1997robustness,
  title={On the robustness of behaviour in experimental ‘beauty contest’games},
  author={Duffy, John and Nagel, Rosemarie},
  journal={The Economic Journal},
  volume={107},
  number={445},
  pages={1684--1700},
  year={1997},
  publisher={Oxford University Press Oxford, UK}
}

@article{bosch2002one,
  title={One, two,(three), infinity,…: Newspaper and lab beauty-contest experiments},
  author={Bosch-Domenech, Antoni and Montalvo, Jose G and Nagel, Rosemarie and Satorra, Albert},
  journal={American Economic Review},
  volume={92},
  number={5},
  pages={1687--1701},
  year={2002},
  publisher={American Economic Association}
}

@article{Bennett1977,
  author = {Bennett, P.},
  title = {Toward a theory of hypergames},
  journal = {Omega},
  volume = {5},
  number = {6},
  pages = {749--751},
  year = {1977}
}

@article{Wang1988,
  author = {Wang, M. and Hipel, K. W. and Fraser, N. M.},
  title = {Modeling misperceptions in games},
  journal = {Behavioral Science},
  volume = {33},
  number = {3},
  pages = {207--223},
  year = {1988}
}

@article{wen2019probabilistic,
  title={Probabilistic recursive reasoning for multi-agent reinforcement learning},
  author={Wen, Ying and Yang, Yaodong and Luo, Rui and Wang, Jun and Pan, Wei},
  journal={arXiv preprint arXiv:1901.09207},
  year={2019}
}

@incollection{dekel2015epistemic,
  title={Epistemic game theory},
  author={Dekel, Eddie and Siniscalchi, Marciano},
  booktitle={Handbook of game theory with economic applications},
  volume={4},
  pages={619--702},
  year={2015},
  publisher={Elsevier}
}

@article{Bennett1980,
  author = {Bennett, Peter},
  title = {Hypergames: Developing a model of conflict},
  journal = {Futures},
  volume = {12},
  number = {6},
  pages = {489--507},
  year = {1980}
}

@article{WIMMER1983theoryofmind,
title = {Beliefs about beliefs: Representation and constraining function of wrong beliefs in young children's understanding of deception},
journal = {Cognition},
volume = {13},
number = {1},
pages = {103-128},
year = {1983},
issn = {0010-0277},
author = {Heinz Wimmer and Josef Perner},
}
@incollection{michel2018multi,
  title={Multi-agent systems and simulation: A survey from the agent community’s perspective},
  author={Michel, Fabien and Ferber, Jacques and Drogoul, Alexis},
  booktitle={Multi-Agent Systems},
  pages={17--66},
  year={2018},
  publisher={CRC Press}
}

@article{parsons2002game,
  title={Game theory and decision theory in multi-agent systems},
  author={Parsons, Simon and Wooldridge, Michael},
  journal={Autonomous Agents and Multi-Agent Systems},
  volume={5},
  pages={243--254},
  year={2002},
  publisher={Springer}
}

@book{sun2006cognition,
  title={Cognition and multi-agent interaction: From cognitive modeling to social simulation},
  author={Sun, Ron},
  year={2006},
  publisher={Cambridge University Press}
}
@article{STATHIS1998401,
title = {An abstract framework for globalising interactive systems},
journal = {Interacting with Computers},
volume = {9},
number = {4},
pages = {401-416},
year = {1998},
note = {Shared Values and Shared Interfaces: The Role of Culture in the Globalisation of Human-Computer Systems},
issn = {0953-5438},
author = {Kostas Stathis and Marek Sergot},
}

@INPROCEEDINGS{gamemaster-gameplayerMAS2007,
  author={Kobti, Ziad and Sharma, Shiven},
  booktitle={2007 IEEE Symposium on Computational Intelligence and Games}, 
  title={A Multi-Agent Architecture for Game Playing}, 
  year={2007},
  pages={276-281},
}

@ARTICLE{tradingagentcompetition,
  author={Wellman, M.P. and Wurman, P.R. and O'Malley, K. and Bangera, R. and others},
  journal={IEEE Internet Computing}, 
  title={Designing the market game for a trading agent competition}, 
  year={2001},
  volume={5},
  number={2},
  pages={43-51},
}

@ARTICLE{master-slave-energymanagement,
  author={Liu, Nian and He, Li and Yu, Xinghuo and Ma, Li},
  journal={IEEE Transactions on Industrial Informatics}, 
  title={Multiparty Energy Management for Grid-Connected Microgrids With Heat- and Electricity-Coupled Demand Response}, 
  year={2018},
  volume={14},
  number={5},
  pages={1887-1897}}

@Article{masterslavegames2024,
AUTHOR = {Zhu, Boyu and Wang, Dazhi},
TITLE = {Master–Slave Game Optimal Scheduling for Multi-Agent Integrated Energy System Based on Uncertainty and Demand Response},
JOURNAL = {Sustainability},
VOLUME = {16},
YEAR = {2024},
NUMBER = {8},
ARTICLE-NUMBER = {3182},
ISSN = {2071-1050},
}

@article{wang2024survey,
  title={A survey on large language model based autonomous agents},
  author={Wang, Lei and Ma, Chen and Feng, Xueyang and Zhang, Zeyu and others},
  journal={Frontiers of Computer Science},
  volume={18},
  number={6},
  pages={186345},
  year={2024},
  publisher={Springer}
}

@article{li2024survey,
  title={A survey on LLM-based multi-agent systems: workflow, infrastructure, and challenges},
  author={Li, Xinyi and Wang, Sai and Zeng, Siqi and Wu, Yu and Yang, Yi},
  journal={Vicinagearth},
  volume={1},
  number={1},
  pages={9},
  year={2024},
  publisher={Springer}
}

@misc{mensfelt2024logicenhancedlanguagemodelagents,
      title={Logic-Enhanced Language Model Agents for Trustworthy Social Simulations}, 
      author={Agnieszka Mensfelt and Kostas Stathis and Vince Trencsenyi},
      year={2024},
      eprint={2408.16081},
      archivePrefix={arXiv},
      primaryClass={cs.AI},
      url={https://arxiv.org/abs/2408.16081}, 
}

@article{duan2024gtbench,
  title={Gtbench: Uncovering the strategic reasoning limitations of llms via game-theoretic evaluations},
    author={Duan, Jinhao and Zhang, Renming and Diffenderfer, James and Kailkhura, Bhavya and Sun, Lichao and others},
  journal={arXiv preprint arXiv:2402.12348},
  year={2024}
}

@article{mensfelt2024autoformalizing,
  title={Autoformalizing and Simulating Game-Theoretic Scenarios using LLM-augmented Agents},
  author={Mensfelt, Agnieszka and Stathis, Kostas and Trencsenyi, Vince},
  journal={arXiv preprint arXiv:2412.08805},
  year={2024}
}

@article{BENNETT1981shippingcrisis,
title = {Shipping in crisis: A trial run for ‘live’ application of the hypergame approach},
journal = {Omega},
volume = {9},
number = {6},
pages = {579-594},
year = {1981},
issn = {0305-0483},
author = {PG Bennett and CS Huxham and MR Dando},
}

@mastersthesis{Kahn2021thesis,
  author       = {Kahn, Maximilian},
  title        = {Dynamic-Occlusion-Aware Risk Identification for Autonomous Vehicles Using Hypergames},
  school       = {UWSpace},
  year         = {2021}
}

@INPROCEEDINGS{dharmadhikari2021hypergamepathplanning,
  author={Dharmadhikari, Mihir and Deshpande, Harshal and Dang, Tung and Alexis, Kostas},
  booktitle={2021 IEEE International Conference on Robotics and Automation (ICRA)}, 
  title={Hypergame-based Adaptive Behavior Path Planning for Combined Exploration and Visual Search}, 
  year={2021},
  volume={},
  number={},
  pages={269-275},
  keywords={Geometry;Visualization;Analytical models;Automation;Conferences;Robot sensing systems;Path planning},
}

@article{TANG2024networkattackdefense,
title = {A method of network attack-defense game and collaborative defense decision-making based on hierarchical multi-agent reinforcement learning},
journal = {Computers \& Security},
volume = {142},
pages = {103871},
year = {2024},
issn = {0167-4048},
author = {Yunlong Tang and Jing Sun and Huan Wang and Junyi Deng and  others},
keywords = {Cyber autonomous defense, Attack-defense game, Hierarchical multi-agent reinforcement learning, Game learning},
}

@InProceedings{Aitchison2021deceptionhypergames,
author="Aitchison, Matthew
and Benke, Lyndon
and Sweetser, Penny",
editor="Sarkadi, Stefan
and Wright, Benjamin
and Masters, Peta
and McBurney, Peter",
title="Learning to Deceive in Multi-agent Hidden Role Games",
booktitle="Deceptive AI",
year="2021",
publisher="Springer International Publishing",
address="Cham",
pages="55--75",
isbn="978-3-030-91779-1"
}

@misc{zhang2024klevelreasoningestablishinghigher,
      title={K-Level Reasoning: Establishing Higher Order Beliefs in Large Language Models for Strategic Reasoning}, 
      author={Yadong Zhang and Shaoguang Mao and Tao Ge and Xun Wang and Yan Xia and Man Lan and Furu Wei},
      year={2024},
      eprint={2402.01521},
      archivePrefix={arXiv},
      primaryClass={cs.CL},
      url={https://arxiv.org/abs/2402.01521}, 
}

@misc{lu2024strategicinteractionslargelanguage,
      title={Strategic Interactions between Large Language Models-based Agents in Beauty Contests}, 
      author={Siting Estee Lu},
      year={2024},
      eprint={2404.08492},
      archivePrefix={arXiv},
      primaryClass={econ.GN},
      url={https://arxiv.org/abs/2404.08492}, 
}

@misc{guo2024economicsarenalargelanguage,
      title={Economics Arena for Large Language Models}, 
      author={Shangmin Guo and Haoran Bu and Haochuan Wang and Yi Ren and Dianbo Sui and Yuming Shang and Siting Lu},
      year={2024},
      eprint={2401.01735},
      archivePrefix={arXiv},
      primaryClass={cs.GT},
      url={https://arxiv.org/abs/2401.01735}, 
}

@misc{wang2025limitsllmbasedhumansimulation,
      title={What Limits LLM-based Human Simulation: LLMs or Our Design?}, 
      author={Qian Wang and Jiaying Wu and Zhenheng Tang and Bingqiao Luo and others},
      year={2025},
      eprint={2501.08579},
      archivePrefix={arXiv},
      primaryClass={cs.CL},
      url={https://arxiv.org/abs/2501.08579}, 
}

@article{Wooldridge_Jennings_1995, title={Intelligent agents: theory and practice}, volume={10}, number={2}, journal={The Knowledge Engineering Review}, author={Wooldridge, Michael and Jennings, Nicholas R.}, year={1995}, pages={115–152}}

@misc{mensfelt2024autoformalizationgamedescriptionsusing,
      title={Autoformalization of Game Descriptions using Large Language Models}, 
      author={Agnieszka Mensfelt and Kostas Stathis and Vince Trencsenyi},
      year={2024},
      eprint={2409.12300},
      archivePrefix={arXiv},
      primaryClass={cs.AI},
      url={https://arxiv.org/abs/2409.12300}, 
}

@article{russell1995intelligent,
  title={Intelligent agents},
  author={Russell, Stuart and Norvig, Peter},
  journal={Artificial intelligence: A modern approach},
  volume={74},
  pages={46--47},
  year={1995},
  publisher={Prentice-Hall, Inc.}
}

@article{OODA_agents,
title = {Innovations in multi-agent systems},
journal = {Journal of Network and Computer Applications},
volume = {30},
number = {3},
pages = {1089-1115},
year = {2007},
issn = {1084-8045},
author = {J. Tweedale and N. Ichalkaranje and C. Sioutis and B. Jarvis and A. Consoli and G. Phillips-Wren},
}

@article{bryant2006rethinking,
  title={Rethinking OODA: Toward a modern cognitive framework of command decision making},
  author={Bryant, David J},
  journal={Military Psychology},
  volume={18},
  number={3},
  pages={183--206},
  year={2006},
  publisher={Taylor \& Francis}
}