
@article{caglayan2022Deep,
title={Deep learning model-assisted detection of kidney stones on computed tomography},
author={A. Çağlayan and M. Horsanalı and Kenan Kocadurdu and Eren İsmailoğlu and Serkan Guneyli},
journal={International Brazilian Journal of Urology : Official Journal of the Brazilian Society of Urology},
year={2022},
volume={48},
pages={830 - 839},
doi={10.1590/S1677-5538.IBJU.2022.0132}
}

@inproceedings{rajora2024advancing,
  title={Advancing Renal Health: Unleashing the Power of CNNs in Multi-Class Classification for Precise Kidney Condition Diagnosis},
  author={Rajora, Ricky and Gupta, Himakshi and Malhotra, Sonal and Devliyal, Swati and Sunil, G},
  booktitle={IEEE 9th International Conference for Convergence in Technology (I2CT)},
  pages={1--8},
  year={2024},
  organization={IEEE}
}
@article{Bosniak1986The,
title={The current radiological approach to renal cysts.},
author={M. Bosniak},
journal={Radiology},
year={1986},
volume={158 1},
pages={ 1-10 },
doi={10.1148/RADIOLOGY.158.1.3510019}
}
@article{Hossain2023Kidney,
title={Kidney Disease Detection from CT Images using a customized CNN model and Deep Learning},
author={Mohammad Sakib Hossain and S. M. Nazmul Hassan and M. Al-Amin and Md. Nakib Rahaman and Rakib Hossain and Muhammad Iqbal Hossain},
journal={2023 International Conference on Advances in Intelligent Computing and Applications (AICAPS)},
year={2023},
pages={1-6},
doi={10.1109/AICAPS57044.2023.10074314}
}
@inproceedings{ali2023automated,
  title={An Automated Deep Learning Approach for Kidney Disease Detection},
  author={Ali, Mohd Mohsin and Agrawal, Janhavi and Mishra, Tripti and Raj, Manish},
  booktitle={2023 International Conference on Integrated Intelligence and Communication Systems (ICIICS)},
  pages={1--8},
  year={2023},
  organization={IEEE}
}

@inproceedings{chauhan2024attention,
  title={Attention Based Deep Neural Network for Classification of Kidney Ailments Using CT Images},
  author={Chauhan, Rashi and Karnati, Mohan and Singh, Pradeep},
  booktitle={15th ICCCNT IEEE Conference},
  pages={1--8},
  year={2024},
  organization={IEEE}
}

@inproceedings{sri2023deep,
  title={Deep Learning Technique to Detect and Diagnose the Anomalous in Kidney},
  author={Sri, Vemu Santhi and Lakshmi, G R Jothi},
  booktitle={International Conference on Innovative Computing, Intelligent Communication and Smart Electrical Systems (ICSES)},
  pages={1--8},
  year={2023},
  organization={IEEE}
}

@inproceedings{bindumadavi2023deepkidney,
  title={DeepKidney: Multiclass Classification of Kidney Stones, Cysts, Tumors, and Normal Cases Using Convolutional Neural Networks},
  author={Bindu Madavi, K P and Sowjanya, Krishna},
  booktitle={4th International Conference on Communication, Computing and Industry 6.0 (C216)},
  pages={1--8},
  year={2023},
  organization={IEEE}
}

@inproceedings{sakib2023kidney,
  title={Kidney Disease Detection from CT Images using a customized CNN model and Deep Learning},
  author={Hossain, Mohammad Sakib and Hassan, S.M. Nazmul and Al-Amin, Mohammad and Rahaman, Md. Nakib and Hossain, Rakib and Hossain, Muhammad Iqbal},
  booktitle={IEEE Conference on Advances in Intelligent Computing and Applications},
  pages={1--8},
  year={2023},
  organization={IEEE}
}

@article{pande2024multi,
  title={Multi-Class Kidney Abnormalities Detecting Novel System Through Computed Tomography},
  author={Pande, Sagar Dhanraj and Agarwal, Raghav},
  journal={IEEE Access},
  volume={12},
  pages={1--10},
  year={2024},
  publisher={IEEE}
}

@inproceedings{chowdhury2023mutual,
  title={Mutual Learning Algorithm for Kidney Cyst, Kidney Tumor, and Kidney Stone Diagnosis},
  author={Chowdhury, Sabrina Tarin and Mukhopadhyay, Snehasis and Narendra, Kumpati S.},
  booktitle={18th Conference on Computer Science and Intelligence Systems},
  pages={401--410},
  year={2023},
  organization={IEEE}
}

@inproceedings{singh2023precision,
  title={Precision Kidney Disease Classification Using EfficientNet-B3 and CT Imaging},
  author={Singh, Retinderdeep and Sharma, Neha and Chauhan, Rahul and Choudhary, Ankur and Gupta, Rupesh},
  booktitle={3rd International Conference on Smart Generation Computing, Communication and Networking},
  pages={1--8},
  year={2023},
  organization={IEEE}
}

@inproceedings{sharma2024revolutionizing,
  title={Revolutionizing Kidney Disease Diagnosis: A Comprehensive CNN-Based Framework for Multi-Class CT Classification},
  author={Sharma, Gunjan and Pokhariya, Hemant Singh and Anand, Vatsala and Gupta, Sheifali and Chauhan, Rahul and Sunil, G},
  booktitle={IEEE International Conference on Information Technology, Electronics and Intelligent Communication Systems},
  pages={1--8},
  year={2024},
  organization={IEEE}
}

@inproceedings{anand2024transfer,
  title={Transfer Learning Empowered Multi-Class Classification of Kidney Diseases: A Deep Learning Approach},
  author={Anand, Vatsala and Chauhan, Rahul and Sharma, Gunjan and Pokhariya, Hemant Singh and Gupta, Sheifali and Sunil, G},
  booktitle={2024 2nd International Conference on Advancement in Computation \& Computer Technologies (InCACCT)},
  pages={1--8},
  year={2024},
  organization={IEEE}
}

@inproceedings{prasher2024vgg16,
  title={VGG16 Transfer Learning Model for Diagnosing Multi-Class Kidney Disorder},
  author={Prasher, Shikha and Nelson, Leema and Sandhya, Vasantha},
  booktitle={2024 5th International Conference for Emerging Technology (INCET)},
  pages={1--8},
  year={2024},
  organization={IEEE}
}

@article{gulhane2024integrative,
  title={Integrative approach for efficient detection of kidney stones based on improved deep neural network architecture},
  author={Gulhane, Monali and Kumar, Sandeep and others},
  journal={SLAS Technology},
  volume={29},
  pages={100159},
  year={2024},
  publisher={Elsevier}
}

@article{raju2019optimal,
  title={Optimal GLCM combined FCM segmentation algorithm for detection of kidney cysts and tumor},
  author={Raju, Paladugu and Rao, Veera Malleswara and others},
  journal={Multimedia Tools and Applications},
  doi={10.1007/s11042-018-7145-4},
  year={2019},
  publisher={Springer}
}

@article{elhoseny2019intelligent,
  title={Intelligent Diagnostic prediction and Classification System for Chronic Kidney Disease},
  author={Elhoseny, Mohamed and Shankar, K. and Uthayakumar, J.},
  journal={Scientific Reports},
  volume={9},
  pages={9583},
  year={2019},
  publisher={Nature Publishing Group},
  doi={10.1038/s41598-019-46074-2}
}

@article{patro2023kronecker,
  title={Application of Kronecker convolutions in deep learning technique for automated detection of kidney stones with coronal CT images},
  author={Patro, Kiran Kumar and Allam, Jaya Prakash and others},
  journal={Information Sciences},
  volume={640},
  pages={119005},
  year={2023},
  publisher={Elsevier}
}

@article{yildirim2021deep,
  title={Deep learning model for automated kidney stone detection using coronal CT images},
  author={Yildirim, Kadir and others},
  journal={Computers in Biology and Medicine},
  volume={135},
  pages={104569},
  year={2021},
  publisher={Elsevier}
}

@article{baygin2022exemplar,
  title={Exemplar Darknet19 feature generation technique for automated kidney stone detection with coronal CT images},
  author={Baygin, Mehmet and others},
  journal={Artificial Intelligence in Medicine},
  volume={127},
  pages={102274},
  year={2022},
  publisher={Elsevier}
}

@article{wu2020automated,
  title={Automated detection of kidney abnormalities using multi-feature fusion convolutional neural networks},
  author={Wu, Yu and Yi, Zhang},
  journal={Knowledge-Based Systems},
  volume={200},
  pages={105873},
  year={2020},
  publisher={Elsevier}
}

@article{krizhevsky2012imagenet,
  title={Imagenet classification with deep convolutional neural networks},
  author={Krizhevsky, Alex and Sutskever, Ilya and Hinton, Geoffrey E},
  journal={Advances in neural information processing systems},
  volume={25},
  year={2012}
}