@inproceedings{robertson-goldwater-2018-evaluating,
    title = "Evaluating Historical Text Normalization Systems: How Well Do They Generalize?",
    author = "Robertson, Alexander  and
      Goldwater, Sharon",
    editor = "Walker, Marilyn  and
      Ji, Heng  and
      Stent, Amanda",
    booktitle = "Proceedings of the 2018 Conference of the North {A}merican Chapter of the Association for Computational Linguistics: Human Language Technologies, Volume 2 (Short Papers)",
    month = jun,
    year = "2018",
    address = "New Orleans, Louisiana",
    publisher = "Association for Computational Linguistics",
    url = "https://aclanthology.org/N18-2113",
    doi = "10.18653/v1/N18-2113",
    pages = "720--725",
}

@inproceedings{bollmann-2019-large,
    title = "A Large-Scale Comparison of Historical Text Normalization Systems",
    author = "Bollmann, Marcel",
    editor = "Burstein, Jill  and
      Doran, Christy  and
      Solorio, Thamar",
    booktitle = "Proceedings of the 2019 Conference of the North {A}merican Chapter of the Association for Computational Linguistics: Human Language Technologies, Volume 1 (Long and Short Papers)",
    month = jun,
    year = "2019",
    address = "Minneapolis, Minnesota",
    publisher = "Association for Computational Linguistics",
    url = "https://aclanthology.org/N19-1389",
    doi = "10.18653/v1/N19-1389",
    pages = "3885--3898",
}
@inproceedings{bollmann-etal-2018-multi,
    title = "Multi-task learning for historical text normalization: Size matters",
    author = "Bollmann, Marcel  and
      S{\o}gaard, Anders  and
      Bingel, Joachim",
    editor = "Haffari, Reza  and
      Cherry, Colin  and
      Foster, George  and
      Khadivi, Shahram  and
      Salehi, Bahar",
    booktitle = "Proceedings of the Workshop on Deep Learning Approaches for Low-Resource {NLP}",
    month = jul,
    year = "2018",
    address = "Melbourne",
    publisher = "Association for Computational Linguistics",
    url = "https://aclanthology.org/W18-3403",
    doi = "10.18653/v1/W18-3403",
    pages = "19--24",
}

@inproceedings{hardmeier-2016-neural,
    title = "A Neural Model for Part-of-Speech Tagging in Historical Texts",
    author = "Hardmeier, Christian",
    editor = "Matsumoto, Yuji  and
      Prasad, Rashmi",
    booktitle = "Proceedings of {COLING} 2016, the 26th International Conference on Computational Linguistics: Technical Papers",
    month = dec,
    year = "2016",
    address = "Osaka, Japan",
    publisher = "The COLING 2016 Organizing Committee",
    url = "https://aclanthology.org/C16-1088",
    pages = "922--931",
}

@inproceedings{ehrmann2020overview,
  title={Overview of CLEF HIPE 2020: Named entity recognition and linking on historical newspapers},
  author={Ehrmann, Maud and Romanello, Matteo and Fl{\"u}ckiger, Alex and Clematide, Simon},
  booktitle={Experimental IR Meets Multilinguality, Multimodality, and Interaction: 11th International Conference of the CLEF Association, CLEF 2020, Thessaloniki, Greece, September 22--25, 2020, Proceedings 11},
  pages={288--310},
  year={2020},
  organization={Springer}
}

@article{ehrmann2023named,
  title={Named entity recognition and classification in historical documents: A survey},
  author={Ehrmann, Maud and Hamdi, Ahmed and Pontes, Elvys Linhares and Romanello, Matteo and Doucet, Antoine},
  journal={ACM Computing Surveys},
  volume={56},
  number={2},
  pages={1--47},
  year={2023},
  publisher={ACM New York, NY}
}

@article{sprugnoli-tonelli-2019-novel,
    title = "Novel Event Detection and Classification for Historical Texts",
    author = "Sprugnoli, Rachele  and
      Tonelli, Sara",
    journal = "Computational Linguistics",
    volume = "45",
    number = "2",
    month = jun,
    year = "2019",
    address = "Cambridge, MA",
    publisher = "MIT Press",
    url = "https://aclanthology.org/J19-2002",
    doi = "10.1162/coli_a_00347",
    pages = "229--265",
}

@inproceedings{lai-etal-2021-event,
    title = "Event Extraction from Historical Texts: A New Dataset for Black Rebellions",
    author = "Lai, Viet Dac  and
      Nguyen, Minh Van  and
      Kaufman, Heidi  and
      Nguyen, Thien Huu",
    editor = "Zong, Chengqing  and
      Xia, Fei  and
      Li, Wenjie  and
      Navigli, Roberto",
    booktitle = "Findings of the Association for Computational Linguistics: ACL-IJCNLP 2021",
    month = aug,
    year = "2021",
    address = "Online",
    publisher = "Association for Computational Linguistics",
    url = "https://aclanthology.org/2021.findings-acl.211",
    doi = "10.18653/v1/2021.findings-acl.211",
    pages = "2390--2400",
}

@inproceedings{borenstein-etal-2023-measuring,
    title = "Measuring Intersectional Biases in Historical Documents",
    author = {Borenstein, Nadav  and
      Stanczak, Karolina  and
      Rolskov, Thea  and
      Klein K{\"a}fer, Natacha  and
      da Silva Perez, Nat{\'a}lia  and
      Augenstein, Isabelle},
    editor = "Rogers, Anna  and
      Boyd-Graber, Jordan  and
      Okazaki, Naoaki",
    booktitle = "Findings of the Association for Computational Linguistics: ACL 2023",
    month = jul,
    year = "2023",
    address = "Toronto, Canada",
    publisher = "Association for Computational Linguistics",
    url = "https://aclanthology.org/2023.findings-acl.170",
    doi = "10.18653/v1/2023.findings-acl.170",
    pages = "2711--2730",
}

@inproceedings{mutuvi2018evaluating,
  title={Evaluating the impact of OCR errors on topic modeling},
  author={Mutuvi, Stephen and Doucet, Antoine and Odeo, Moses and Jatowt, Adam},
  booktitle={International Conference on Asian Digital Libraries},
  pages={3--14},
  year={2018},
  organization={Springer}
}

@article{hamadi20220cr,
author = {Hamdi, Ahmed and Linhares Pontes, Elvys and Sidère, Nicolas and Coustaty, Mickaël and Doucet, Antoine},
year = {2022},
month = {03},
pages = {24},
title = {In-Depth Analysis of the Impact of OCR Errors on Named Entity Recognition and Linking},
journal = {Journal of Natural Language Processing},
doi = {10.1017/S1351324922000110}
}

@inproceedings{vanStrien2020AssessingTI,
  title={Assessing the Impact of OCR Quality on Downstream NLP Tasks},
  author={Daniel Alexander van Strien and Kaspar Beelen and Mariona Coll Ardanuy and Kasra Hosseini and Barbara McGillivray and Giovanni Colavizza},
  booktitle={International Conference on Agents and Artificial Intelligence},
  year={2020},
  url={https://api.semanticscholar.org/CorpusID:215756646}
}

@inproceedings{chiron2017impact,
author = {Chiron, Guillaume and Doucet, Antoine and Coustaty, Micka\"{e}l and Visani, Muriel and Moreux, Jean-Philippe},
title = {Impact of OCR errors on the use of digital libraries: towards a better access to information},
year = {2017},
isbn = {9781538638613},
publisher = {IEEE Press},
booktitle = {Proceedings of the 17th ACM/IEEE Joint Conference on Digital Libraries},
pages = {249–252},
numpages = {4},
keywords = {search logs, indexation bias, digital libraries, OCR errors},
location = {Toronto, Ontario, Canada},
series = {JCDL '17}
}

@inproceedings{krug-etal-2015-rule,
    title = "Rule-based Coreference Resolution in {G}erman Historic Novels",
    author = "Krug, Markus  and
      Puppe, Frank  and
      Jannidis, Fotis  and
      Macharowsky, Luisa  and
      Reger, Isabella  and
      Weimar, Lukas",
    editor = "Feldman, Anna  and
      Kazantseva, Anna  and
      Szpakowicz, Stan  and
      Koolen, Corina",
    booktitle = "Proceedings of the Fourth Workshop on Computational Linguistics for Literature",
    month = jun,
    year = "2015",
    address = "Denver, Colorado, USA",
    publisher = "Association for Computational Linguistics",
    url = "https://aclanthology.org/W15-0711",
    doi = "10.3115/v1/W15-0711",
    pages = "98--104",
}


@INPROCEEDINGS{icdar-2019,
  author={Rigaud, Christophe and Doucet, Antoine and Coustaty, Mickaël and Moreux, Jean-Philippe},
  booktitle={2019 International Conference on Document Analysis and Recognition (ICDAR)}, 
  title={ICDAR 2019 Competition on Post-OCR Text Correction}, 
  year={2019},
  volume={},
  number={},
  pages={1588-1593},
  keywords={Optical character recognition software;Task analysis;Training;Dictionaries;Libraries;Error correction;Tools;text recognition;OCR},
  doi={10.1109/ICDAR.2019.00255}}

@inproceedings{chroniclingamericaqa,
author = {Piryani, Bhawna and Mozafari, Jamshid and Jatowt, Adam},
title = {ChroniclingAmericaQA: A Large-scale Question Answering Dataset based on Historical American Newspaper Pages},
year = {2024},
isbn = {9798400704314},
publisher = {Association for Computing Machinery},
address = {New York, NY, USA},
url = {https://doi.org/10.1145/3626772.3657891},
doi = {10.1145/3626772.3657891},
booktitle = {Proceedings of the 47th International ACM SIGIR Conference on Research and Development in Information Retrieval},
pages = {2038–2048},
numpages = {11},
keywords = {heritage collections, ocr text, question answering},
location = {Washington DC, USA},
series = {SIGIR '24}
}

@inproceedings{rajpurkar-etal-2016-squad,
    title = "{SQ}u{AD}: 100,000+ Questions for Machine Comprehension of Text",
    author = "Rajpurkar, Pranav  and
      Zhang, Jian  and
      Lopyrev, Konstantin  and
      Liang, Percy",
    editor = "Su, Jian  and
      Duh, Kevin  and
      Carreras, Xavier",
    booktitle = "Proceedings of the 2016 Conference on Empirical Methods in Natural Language Processing",
    month = nov,
    year = "2016",
    address = "Austin, Texas",
    publisher = "Association for Computational Linguistics",
    url = "https://aclanthology.org/D16-1264/",
    doi = "10.18653/v1/D16-1264",
    pages = "2383--2392"
}

@inproceedings{dhoffschmidt-etal-2020-fquad,
    title = "{FQ}u{AD}: {F}rench Question Answering Dataset",
    author = "d{'}Hoffschmidt, Martin  and
      Belblidia, Wacim  and
      Heinrich, Quentin  and
      Brendl{\'e}, Tom  and
      Vidal, Maxime",
    editor = "Cohn, Trevor  and
      He, Yulan  and
      Liu, Yang",
    booktitle = "Findings of the Association for Computational Linguistics: EMNLP 2020",
    month = nov,
    year = "2020",
    address = "Online",
    publisher = "Association for Computational Linguistics",
    url = "https://aclanthology.org/2020.findings-emnlp.107/",
    doi = "10.18653/v1/2020.findings-emnlp.107",
    pages = "1193--1208"
}

@inproceedings{moller-etal-2021-germanquad,
    title = "{G}erman{Q}u{AD} and {G}erman{DPR}: Improving Non-{E}nglish Question Answering and Passage Retrieval",
    author = {M{\"o}ller, Timo  and
      Risch, Julian  and
      Pietsch, Malte},
    editor = "Fisch, Adam  and
      Talmor, Alon  and
      Chen, Danqi  and
      Choi, Eunsol  and
      Seo, Minjoon  and
      Lewis, Patrick  and
      Jia, Robin  and
      Min, Sewon",
    booktitle = "Proceedings of the 3rd Workshop on Machine Reading for Question Answering",
    month = nov,
    year = "2021",
    address = "Punta Cana, Dominican Republic",
    publisher = "Association for Computational Linguistics",
    url = "https://aclanthology.org/2021.mrqa-1.4/",
    doi = "10.18653/v1/2021.mrqa-1.4",
    pages = "42--50"
}

@article{yang2024qwen2,
  title={Qwen2. 5 technical report},
  author={Yang, An and Yang, Baosong and Zhang, Beichen and Hui, Binyuan and Zheng, Bo and Yu, Bowen and Li, Chengyuan and Liu, Dayiheng and Huang, Fei and Wei, Haoran and others},
  journal={arXiv preprint arXiv:2412.15115},
  year={2024}
}

@article{dubey2024llama,
  title={The llama 3 herd of models},
  author={Dubey, Abhimanyu and Jauhri, Abhinav and Pandey, Abhinav and Kadian, Abhishek and Al-Dahle, Ahmad and Letman, Aiesha and Mathur, Akhil and Schelten, Alan and Yang, Amy and Fan, Angela and others},
  journal={arXiv preprint arXiv:2407.21783},
  year={2024}
}

@article{jiang2024mixtral,
  title={Mixtral of experts},
  author={Jiang, Albert Q and Sablayrolles, Alexandre and Roux, Antoine and Mensch, Arthur and Savary, Blanche and Bamford, Chris and Chaplot, Devendra Singh and Casas, Diego de las and Hanna, Emma Bou and Bressand, Florian and others},
  journal={arXiv preprint arXiv:2401.04088},
  year={2024}
}

@article{terras20111,
  title={1. THE RISE OF DIGITIZATION},
  author={TERRAS, MELISSA M},
  journal={Digitisation Perspectives},
  pages={3},
  year={2011},
  publisher={Springer}
}

@article{OCR-IR,
author = {de Oliveira, Lucas Lima and Vargas, Danny Suarez and Alexandre, Ant\^{o}nio Marcelo Azevedo and Cordeiro, F\'{a}bio Corr\^{e}a and Gomes, Diogo da Silva Magalh\~{a}es and Rodrigues, Max de Castro and Romeu, Regis Kruel and Moreira, Viviane Pereira},
title = {Evaluating and mitigating the impact of OCR errors on information retrieval},
year = {2023},
issue_date = {Mar 2023},
publisher = {Springer-Verlag},
address = {Berlin, Heidelberg},
volume = {24},
number = {1},
issn = {1432-5012},
url = {https://doi.org/10.1007/s00799-023-00345-6},
doi = {10.1007/s00799-023-00345-6},
journal = {Int. J. Digit. Libr.},
month = jan,
pages = {45–62},
numpages = {18},
keywords = {Information retrieval, OCR errors, Error correction, Geoscientific documents}
}

@book{piotrowski2012natural,
  title={Natural language processing for historical texts},
  author={Piotrowski, Michael},
  volume={17},
  year={2012},
  publisher={Morgan \& Claypool Publishers}
}

@article{hill2019quantifying,
  title={Quantifying the impact of dirty OCR on historical text analysis: Eighteenth Century Collections Online as a case study},
  author={Hill, Mark J and Hengchen, Simon},
  journal={Digital Scholarship in the Humanities},
  volume={34},
  number={4},
  pages={825--843},
  year={2019},
  publisher={Oxford University Press}
}

@inproceedings{lopresti2008measuring,
  title={Measuring the impact of character recognition errors on downstream text analysis},
  author={Lopresti, Daniel},
  booktitle={Document Recognition and Retrieval XV},
  volume={6815},
  pages={135--145},
  year={2008},
  organization={SPIE}
}

@inproceedings{lopresti2005performance,
  title={Performance evaluation for text processing of noisy inputs},
  author={Lopresti, Daniel},
  booktitle={Proceedings of the 2005 ACM symposium on Applied computing},
  pages={759--763},
  year={2005}
}


@inproceedings{jing2003summarizing,
  title={Summarizing noisy documents},
  author={Jing, Hongyan and Lopresti, Daniel and Shih, Chilin},
  booktitle={Proceedings of the Symposium on Document Image Understanding Technology},
  pages={111--119},
  year={2003}
}

@inproceedings{zu2004impact,
  title={The impact of OCR accuracy on automatic text classification},
  author={Zu, Guowei and Murata, Mayo and Ohyama, Wataru and Wakabayashi, Tetsushi and Kimura, Fumitaka},
  booktitle={Content Computing: Advanced Workshop on Content Computing, AWCC 2004, ZhenJiang, JiangSu, China, November 15-17, 2004. Proceedings},
  pages={403--409},
  year={2004},
  organization={Springer}
}

@inproceedings{ittner1995text,
  title={Text categorization of low quality images},
  author={Ittner, David J and Lewis, David D and Ahn, David D},
  booktitle={Symposium on Document Analysis and Information Retrieval},
  pages={301--315},
  year={1995},
  organization={Citeseer}
}

@inproceedings{vitman2022evaluating,
  title={Evaluating the Impact of OCR Quality on Short Texts Classification Task},
  author={Vitman, Oxana and Kostiuk, Yevhen and Plachinda, Paul and Zhila, Alisa and Sidorov, Grigori and Gelbukh, Alexander},
  booktitle={Mexican International Conference on Artificial Intelligence},
  pages={163--177},
  year={2022},
  organization={Springer}
}

@inproceedings{zosa2021evaluating,
  title={Evaluating the robustness of embedding-based topic models to OCR noise},
  author={Zosa, Elaine and Mutuvi, Stephen and Granroth-Wilding, Mark and Doucet, Antoine},
  booktitle={Towards Open and Trustworthy Digital Societies: 23rd International Conference on Asia-Pacific Digital Libraries, ICADL 2021, Virtual Event, December 1--3, 2021, Proceedings 23},
  pages={392--400},
  year={2021},
  organization={Springer}
}

@inproceedings{linhares2019impact,
  title={Impact of OCR quality on named entity linking},
  author={Linhares Pontes, Elvys and Hamdi, Ahmed and Sidere, Nicolas and Doucet, Antoine},
  booktitle={Digital Libraries at the Crossroads of Digital Information for the Future: 21st International Conference on Asia-Pacific Digital Libraries, ICADL 2019, Kuala Lumpur, Malaysia, November 4--7, 2019, Proceedings 21},
  pages={102--115},
  year={2019},
  organization={Springer}
}

@inproceedings{farooq12005effect,
  title={Effect of degraded input on statistical machine translation},
  author={Farooq$^1$, Faisal and CEDAR, SUNY and Al-Onaizan, Yaser},
  booktitle={Proceedings 2005 Symposium on Document Image Understanding Technology},
  pages={103},
  year={2005},
  organization={UMD}
}

@inproceedings{khayrallah-koehn-2018-impact,
    title = "On the Impact of Various Types of Noise on Neural Machine Translation",
    author = "Khayrallah, Huda  and
      Koehn, Philipp",
    editor = "Birch, Alexandra  and
      Finch, Andrew  and
      Luong, Thang  and
      Neubig, Graham  and
      Oda, Yusuke",
    booktitle = "Proceedings of the 2nd Workshop on Neural Machine Translation and Generation",
    month = jul,
    year = "2018",
    address = "Melbourne, Australia",
    publisher = "Association for Computational Linguistics",
    url = "https://aclanthology.org/W18-2709/",
    doi = "10.18653/v1/W18-2709",
    pages = "74--83",
}

@inproceedings{traub2015impact,
  title={Impact analysis of OCR quality on research tasks in digital archives},
  author={Traub, Myriam C and Van Ossenbruggen, Jacco and Hardman, Lynda},
  booktitle={Research and Advanced Technology for Digital Libraries: 19th International Conference on Theory and Practice of Digital Libraries, TPDL 2015, Pozna{\'n}, Poland, September 14-18, 2015, Proceedings 19},
  pages={252--263},
  year={2015},
  organization={Springer}
}

@inproceedings{giamphy2023quantitative,
  title={A Quantitative Analysis of Noise Impact on Document Ranking},
  author={Giamphy, Edward and Sanchis, Kevin and Dashyan, Gohar and Guillaume, Jean-Loup and Hamdi, Ahmed and Sanselme, Lilian and Doucet, Antoine},
  booktitle={2023 IEEE International Conference on Systems, Man, and Cybernetics (SMC)},
  pages={4612--4618},
  year={2023},
  organization={IEEE}
}

@inproceedings{croft1994evaluation,
  title={An evaluation of information retrieval accuracy with simulated OCR output},
  author={Croft, W Bruce and Harding, SM and Taghva, Kazem and Borsack, Julie},
  booktitle={Symposium on Document Analysis and Information Retrieval},
  pages={115--126},
  year={1994}
}

@article{hamdi2023depth,
  title={In-depth analysis of the impact of OCR errors on named entity recognition and linking},
  author={Hamdi, Ahmed and Pontes, Elvys Linhares and Sidere, Nicolas and Coustaty, Micka{\"e}l and Doucet, Antoine},
  journal={Natural Language Engineering},
  volume={29},
  number={2},
  pages={425--448},
  year={2023},
  publisher={Cambridge University Press}
}

@inproceedings{hamdi2020assessing,
  title={Assessing and minimizing the impact of OCR quality on named entity recognition},
  author={Hamdi, Ahmed and Jean-Caurant, Axel and Sid{\`e}re, Nicolas and Coustaty, Micka{\"e}l and Doucet, Antoine},
  booktitle={Digital Libraries for Open Knowledge: 24th International Conference on Theory and Practice of Digital Libraries, TPDL 2020, Lyon, France, August 25--27, 2020, Proceedings 24},
  pages={87--101},
  year={2020},
  organization={Springer}
}


@article{zhang2023instruction,
  title={Instruction tuning for large language models: A survey},
  author={Zhang, Shengyu and Dong, Linfeng and Li, Xiaoya and Zhang, Sen and Sun, Xiaofei and Wang, Shuhe and Li, Jiwei and Hu, Runyi and Zhang, Tianwei and Wu, Fei and others},
  journal={arXiv preprint arXiv:2308.10792},
  year={2023}
}

@book{miller-2009,
author = {Miller, Frederic P. and Vandome, Agnes F. and McBrewster, John},
title = {Levenshtein Distance: Information theory, Computer science, String (computer science), String metric, Damerau?Levenshtein distance, Spell checker, Hamming distance},
year = {2009},
isbn = {6130216904},
publisher = {Alpha Press},
}

@inproceedings{bertscore,
author = {Yuan, Weizhe and Neubig, Graham and Liu, Pengfei},
title = {BARTSCORE: evaluating generated text as text generation},
year = {2021},
isbn = {9781713845393},
publisher = {Curran Associates Inc.},
address = {Red Hook, NY, USA},
booktitle = {Proceedings of the 35th International Conference on Neural Information Processing Systems},
articleno = {2088},
numpages = {15},
series = {NIPS '21}
}

@inproceedings{yang-etal-2011-topic,
    title = "Topic Modeling on Historical Newspapers",
    author = "Yang, Tze-I  and
      Torget, Andrew  and
      Mihalcea, Rada",
    editor = "Zervanou, Kalliopi  and
      Lendvai, Piroska",
    booktitle = "Proceedings of the 5th {ACL}-{HLT} Workshop on Language Technology for Cultural Heritage, Social Sciences, and Humanities",
    month = jun,
    year = "2011",
    address = "Portland, OR, USA",
    publisher = "Association for Computational Linguistics",
    url = "https://aclanthology.org/W11-1513/",
    pages = "96--104"
}

@article{Liebeskind2020DeepLF,
  title={Deep Learning for Period Classification of Historical Hebrew Texts},
  author={Chaya Liebeskind and Shmuel Liebeskind},
  journal={J. Data Min. Digit. Humanit.},
  year={2020},
  volume={2020},
  url={https://api.semanticscholar.org/CorpusID:225718181}
}

@inproceedings{thomas-etal-2024-leveraging,
    title = "Leveraging {LLM}s for Post-{OCR} Correction of Historical Newspapers",
    author = "Thomas, Alan  and
      Gaizauskas, Robert  and
      Lu, Haiping",
    editor = "Sprugnoli, Rachele  and
      Passarotti, Marco",
    booktitle = "Proceedings of the Third Workshop on Language Technologies for Historical and Ancient Languages (LT4HALA) @ LREC-COLING-2024",
    month = may,
    year = "2024",
    address = "Torino, Italia",
    publisher = "ELRA and ICCL",
    url = "https://aclanthology.org/2024.lt4hala-1.14/",
    pages = "116--121",
}

@inproceedings{madarasz2024ocr,
  title={Ocr cleaning of scientific texts with llms},
  author={Madar{\'a}sz, G{\'a}bor and Ligeti-Nagy, No{\'e}mi and Holl, Andr{\'a}s and V{\'a}radi, Tam{\'a}s},
  booktitle={International Workshop on Natural Scientific Language Processing and Research Knowledge Graphs},
  pages={49--58},
  year={2024},
  organization={Springer Nature Switzerland Cham}
}

@article{team2024gemma,
  title={Gemma 2: Improving open language models at a practical size},
  author={Team, Gemma and Riviere, Morgane and Pathak, Shreya and Sessa, Pier Giuseppe and Hardin, Cassidy and Bhupatiraju, Surya and Hussenot, L{\'e}onard and Mesnard, Thomas and Shahriari, Bobak and Ram{\'e}, Alexandre and others},
  journal={arXiv preprint arXiv:2408.00118},
  year={2024}
}

@article{brown2020language,
  title={Language models are few-shot learners},
  author={Brown, Tom and Mann, Benjamin and Ryder, Nick and Subbiah, Melanie and Kaplan, Jared D and Dhariwal, Prafulla and Neelakantan, Arvind and Shyam, Pranav and Sastry, Girish and Askell, Amanda and others},
  journal={Advances in neural information processing systems},
  volume={33},
  pages={1877--1901},
  year={2020}
}

@inproceedings{grover-etal-2008-named,
    title = "Named Entity Recognition for Digitised Historical Texts",
    author = "Grover, Claire  and
      Givon, Sharon  and
      Tobin, Richard  and
      Ball, Julian",
    editor = "Calzolari, Nicoletta  and
      Choukri, Khalid  and
      Maegaard, Bente  and
      Mariani, Joseph  and
      Odijk, Jan  and
      Piperidis, Stelios  and
      Tapias, Daniel",
    booktitle = "Proceedings of the Sixth International Conference on Language Resources and Evaluation ({LREC}`08)",
    month = may,
    year = "2008",
    address = "Marrakech, Morocco",
    publisher = "European Language Resources Association (ELRA)",
    url = "https://aclanthology.org/L08-1253/",
}

@article{springmann2018gt4hist,
  author = {Uwe Springmann and Christian Reul and Stefanie Dipper and
		  Johannes Baiter},
  title = {{Ground Truth for training {OCR} engines on historical
		  documents in German Fraktur and Early Modern Latin}},
  journal = {J. Lang. Technol. Comput. Linguistics},
  volume = {33},
  number = {1},
  pages = {97--114},
  year = {2018},
  url = {https://jlcl.org/content/2-allissues/1-heft1-2018/jlcl_2018-1_5.pdf}
}

@inproceedings{jatowt2019deep,
  title={Deep statistical analysis of OCR errors for effective post-OCR processing},
  author={Jatowt, Adam and Coustaty, Mickael and Nguyen, Nhu-Van and Doucet, Antoine and others},
  booktitle={2019 ACM/IEEE Joint Conference on Digital Libraries (JCDL)},
  pages={29--38},
  year={2019},
  organization={IEEE}
}

@article{subramani2020survey,
  title={A survey of deep learning approaches for ocr and document understanding},
  author={Subramani, Nishant and Matton, Alexandre and Greaves, Malcolm and Lam, Adrian},
  journal={arXiv preprint arXiv:2011.13534},
  year={2020}
}