@inproceedings{U-Net,
  title={U-net: Convolutional networks for biomedical image segmentation},
  author={Ronneberger, Olaf and Fischer, Philipp and Brox, Thomas},
  booktitle={International Conference on Medical image computing and computer-assisted intervention},
  year={2015},
}

@article{chen2022model,
  title={Model reprogramming: Resource-efficient cross-domain machine learning},
  author={Chen, Pin-Yu},
  journal={arXiv preprint arXiv:2202.10629},
  year={2022}
}

@article{ghosh2022automatic,
  title={Automatic flood detection from Sentinel-1 data using deep learning architectures},
  author={{Ghosh}, B. and {Garg}, S. and {Motagh}, M.},
  journal={ISPRS Annals of the Photogrammetry, Remote Sensing and Spatial Information Sciences},
  year={2022},
    volume = {53},
        pages = {201-208},
}

@InProceedings{maskrcnn,
author = {He, Kaiming and Gkioxari, Georgia and Dollar, Piotr and Girshick, Ross},
title = {{Mask R-CNN}},
booktitle = {IEEE International Conference on Computer Vision},
year = {2017}
}

@article{muhadi2021deep,
AUTHOR = {Muhadi, Nur Atirah and Abdullah, Ahmad Fikri and Bejo, Siti Khairunniza and Mahadi, Muhammad Razif and Mijic, Ana},
TITLE = {Deep Learning Semantic Segmentation for Water Level Estimation Using Surveillance Camera},
JOURNAL = {Applied Sciences},
VOLUME = {11},
YEAR = {2021},
NUMBER = {20},
ARTICLE-NUMBER = {9691},
}

@Article{relw2,
AUTHOR = {Hernández, Daniel and Cecilia, José M. and Cano, Juan-Carlos and Calafate, Carlos T.},
TITLE = {Flood Detection Using Real-Time Image Segmentation from Unmanned Aerial Vehicles on Edge-Computing Platform},
JOURNAL = {Remote Sensing},
VOLUME = {14},
YEAR = {2022},
NUMBER = {1},
ARTICLE-NUMBER = {223}
}

@article{relw3,
  title={Water segmentation with deep learning models for flood detection and monitoring},
  author={Zaffaroni, Mirko and Rossi, Claudio and others},
  journal={International Journal of Information Systems for Crisis Response and Management},
  pages={24--27},
  year={2020}
}

@article{roy2022transformer,
  title={Transformer-based Flood Scene Segmentation for Developing Countries},
  author={M R Ahan and Roy, Roshan and Kulkarni, Shreyas Sunil and Soni, Vaibhav and Chittora, Ashish},
  journal={arXiv preprint arXiv:2210.04218},
  year={2022}
}

@article{sanderson2023optimal,
  AUTHOR = {Sanderson, Jacob and Mao, Hua and Abdullah, Mohammed A. M. and Al-Nima, Raid Rafi Omar and Woo, Wai Lok},
TITLE = {Optimal Fusion of Multispectral Optical and {SAR} Images for Flood Inundation Mapping through Explainable Deep Learning},
JOURNAL = {Information},
VOLUME = {14},
YEAR = {2023},
NUMBER = {12},
ARTICLE-NUMBER = {660},
}

@article{van2022finite,
    title = {Finite-Time Quantum Landauer Principle and Quantum Coherence},
  author = {Van Vu, Tan and Saito, Keiji},
  journal = {Physical Review Letters},
  volume = {128},
  issue = {1},
  article-number = {010602},
  year = {2022},
}

@inproceedings{varga2021fast,
  title={Fast interactive video object segmentation with graph neural networks},
  author={Varga, Viktor and L{\H{o}}rincz, Andr{\'a}s},
  booktitle={International Joint Conference on Neural Networks},
  year={2021},
}

@inproceedings{velickovic2017graph,
  title={Graph attention networks},
  author={Petar Veličković and Guillem Cucurull and Arantxa Casanova and Adriana Romero and Pietro Liò and Yoshua Bengio},
booktitle={International Conference on Learning Representations},
year={2018},
}

@article{wong2021meta,
  title={A Meta Learning Approach to Discerning Causal Graph Structure},
  author={Wong, Justin and Damjakob, Dominik},
  journal={arXiv preprint arXiv:2106.05859},
  year={2021}
}

@article{wu2023near,
  AUTHOR = {Wu, Xuan and Zhang, Zhijie and Xiong, Shengqing and Zhang, Wanchang and Tang, Jiakui and Li, Zhenghao and others},
TITLE = {A Near-Real-Time Flood Detection Method Based on Deep Learning and {SAR} Images},
JOURNAL = {Remote Sensing},
VOLUME = {15},
YEAR = {2023},
NUMBER = {8},
ARTICLE-NUMBER = {2046},
}

@inproceedings{xie2021segformer,
  title={{SegFormer}: Simple and efficient design for semantic segmentation with transformers},
  author={Xie, Enze and Wang, Wenhai and Yu, Zhiding and Anandkumar, Anima and Alvarez, Jose M and Luo, Ping},
  booktitle={Advances in Neural Information Processing Systems},
  year={2021}
}

