@inproceedings{U-Net,
  title={U-net: Convolutional networks for biomedical image segmentation},
  author={Ronneberger, Olaf and Fischer, Philipp and Brox, Thomas},
  booktitle={International Conference on Medical image computing and computer-assisted intervention},
  year={2015},
}

@article{muhadi2021deep,
AUTHOR = {Muhadi, Nur Atirah and Abdullah, Ahmad Fikri and Bejo, Siti Khairunniza and Mahadi, Muhammad Razif and Mijic, Ana},
TITLE = {Deep Learning Semantic Segmentation for Water Level Estimation Using Surveillance Camera},
JOURNAL = {Applied Sciences},
VOLUME = {11},
YEAR = {2021},
NUMBER = {20},
ARTICLE-NUMBER = {9691},
}
@article{sanderson2023optimal,
  AUTHOR = {Sanderson, Jacob and Mao, Hua and Abdullah, Mohammed A. M. and Al-Nima, Raid Rafi Omar and Woo, Wai Lok},
TITLE = {Optimal Fusion of Multispectral Optical and {SAR} Images for Flood Inundation Mapping through Explainable Deep Learning},
JOURNAL = {Information},
VOLUME = {14},
YEAR = {2023},
NUMBER = {12},
ARTICLE-NUMBER = {660},
}
@inproceedings{varga2021fast,
  title={Fast interactive video object segmentation with graph neural networks},
  author={Varga, Viktor and L{\H{o}}rincz, Andr{\'a}s},
  booktitle={International Joint Conference on Neural Networks},
  year={2021},
}
@article{wong2021meta,
  title={A Meta Learning Approach to Discerning Causal Graph Structure},
  author={Wong, Justin and Damjakob, Dominik},
  journal={arXiv preprint arXiv:2106.05859},
  year={2021}
}
@article{van2022finite,
    title = {Finite-Time Quantum Landauer Principle and Quantum Coherence},
  author = {Van Vu, Tan and Saito, Keiji},
  journal = {Physical Review Letters},
  volume = {128},
  issue = {1},
  article-number = {010602},
  year = {2022},
}

@article{wu2023near,
  AUTHOR = {Wu, Xuan and Zhang, Zhijie and Xiong, Shengqing and Zhang, Wanchang and Tang, Jiakui and Li, Zhenghao and others},
TITLE = {A Near-Real-Time Flood Detection Method Based on Deep Learning and {SAR} Images},
JOURNAL = {Remote Sensing},
VOLUME = {15},
YEAR = {2023},
NUMBER = {8},
ARTICLE-NUMBER = {2046},
}

@article{ghosh2022automatic,
  title={Automatic flood detection from Sentinel-1 data using deep learning architectures},
  author={{Ghosh}, B. and {Garg}, S. and {Motagh}, M.},
  journal={ISPRS Annals of the Photogrammetry, Remote Sensing and Spatial Information Sciences},
  year={2022},
    volume = {53},
        pages = {201-208},
}

@article{roy2022transformer,
  title={Transformer-based Flood Scene Segmentation for Developing Countries},
  author={M R Ahan and Roy, Roshan and Kulkarni, Shreyas Sunil and Soni, Vaibhav and Chittora, Ashish},
  journal={arXiv preprint arXiv:2210.04218},
  year={2022}
}


@inproceedings{sahbi2021learning,
  title={Learning laplacians in Chebyshev graph convolutional networks},
  author={Sahbi, Hichem},
  booktitle={IEEE/CVF International Conference on Computer Vision},
  year={2021}
}
@article{hering2022learn2reg,
  title={{Learn2Reg}: comprehensive multi-task medical image registration challenge, dataset and evaluation in the era of deep learning},
  author={Hering, Alessa and Hansen, Lasse and Mok, Tony CW and Chung, Albert CS and Siebert, Hanna and H{\"a}ger, Stephanie and others},
  journal={IEEE Transactions on Medical Imaging},
  volume={42},
  number={3},
  pages={697--712},
  year={2022},

}
@inproceedings{wang2019graph,
  title={Graph attention convolution for point cloud semantic segmentation},
  author={Wang, Lei and Huang, Yuchun and Hou, Yaolin and Zhang, Shenman and Shan, Jie},
  booktitle={IEEE/CVF conference on computer vision and pattern recognition},
  year={2019}
}
@inproceedings{velickovic2017graph,
  title={Graph attention networks},
  author={Petar Veličković and Guillem Cucurull and Arantxa Casanova and Adriana Romero and Pietro Liò and Yoshua Bengio},
booktitle={International Conference on Learning Representations},
year={2018},
}

@inproceedings{UNet++,
  title={Unet++: A nested u-net architecture for medical image segmentation},
  author={Zhou, Zongwei and Rahman Siddiquee, Md Mahfuzur and Tajbakhsh, Nima and Liang, Jianming},
  booktitle={Deep Learning in Medical Image Analysis and Multimodal Learning for Clinical Decision Support: 4th International Workshop, DLMIA 2018, and 8th International Workshop, ML-CDS 2018, Held in Conjunction with MICCAI 2018, Granada, Spain, September 20, 2018, Proceedings 4},
  year={2018},
}

@inproceedings{attention-u-net,
  title={Attention U-Net: Learning Where to Look for the Pancreas},
  author={Oktay, Ozan and Schlemper, Jo and Le Folgoc, Loic and Lee, Matthew and Heinrich, Mattias and Misawa, Kazunari and others},
  booktitle={Medical Imaging with Deep Learning},
  year={2018}
}

@article{paszke2016enet,
  title={Enet: A deep neural network architecture for real-time semantic segmentation},
  author={Paszke, Adam and Chaurasia, Abhishek and Kim, Sangpil and Culurciello, Eugenio},
  journal={arXiv preprint arXiv:1606.02147},
  year={2016}
}

@inproceedings{mehta2018espnet,
  title={Espnet: Efficient spatial pyramid of dilated convolutions for semantic segmentation},
  author={Mehta, Sachin and Rastegari, Mohammad and Caspi, Anat and Shapiro, Linda and Hajishirzi, Hannaneh},
  booktitle={European Conference on Computer Vision},
  year={2018}
}

@inproceedings{xie2021segformer,
  title={{SegFormer}: Simple and efficient design for semantic segmentation with transformers},
  author={Xie, Enze and Wang, Wenhai and Yu, Zhiding and Anandkumar, Anima and Alvarez, Jose M and Luo, Ping},
  booktitle={Advances in Neural Information Processing Systems},
  year={2021}
}

@article{reinke2021common,
  title={Common limitations of image processing metrics: A picture story},
  author={Reinke, Annika and Tizabi, Minu D and Sudre, Carole H and Eisenmann, Matthias and R{\"a}dsch, Tim and Baumgartner, Michael and others},
  journal={arXiv preprint arXiv:2104.05642},
  year={2021}
}
@inproceedings{vit,
  title={An image is worth 16x16 words: Transformers for image recognition at scale},
  author={Dosovitskiy, Alexey and Beyer, Lucas and Kolesnikov, Alexander and Weissenborn, Dirk and Zhai, Xiaohua and Unterthiner, Thomas and others},
  booktitle={International Conference on Learning Representations},
  year={2021} 
}

@article{chen2022model,
  title={Model reprogramming: Resource-efficient cross-domain machine learning},
  author={Chen, Pin-Yu},
  journal={arXiv preprint arXiv:2202.10629},
  year={2022}
}

@INPROCEEDINGS{imagenet,

  author={Deng, Jia and Dong, Wei and Socher, Richard and Li, Li-Jia and Kai Li and Li Fei-Fei},

  booktitle={2009 IEEE Conference on Computer Vision and Pattern Recognition}, 

  title={ImageNet: A large-scale hierarchical image database}, 

  year={2009},

  volume={},

  number={},

  pages={248-255},

  doi={10.1109/CVPR.2009.5206848}}

@INPROCEEDINGS{5206848, author={Deng, Jia and Dong, Wei and Socher, Richard and Li, Li-Jia and Kai Li and Li Fei-Fei}, booktitle={2009 IEEE Conference on Computer Vision and Pattern Recognition}, title={ImageNet: A large-scale hierarchical image database}, year={2009}, volume={}, number={}, pages={248-255}, doi={10.1109/CVPR.2009.5206848}} 

 @InProceedings{maskrcnn,
author = {He, Kaiming and Gkioxari, Georgia and Dollar, Piotr and Girshick, Ross},
title = {{Mask R-CNN}},
booktitle = {IEEE International Conference on Computer Vision},
year = {2017}
}

@Article{relw1,
AUTHOR = {Nemni, Edoardo and Bullock, Joseph and Belabbes, Samir and Bromley, Lars},
TITLE = {Fully Convolutional Neural Network for Rapid Flood Segmentation in Synthetic Aperture Radar Imagery},
JOURNAL = {Remote Sensing},
VOLUME = {12},
YEAR = {2020},
NUMBER = {16},
ARTICLE-NUMBER = {2532},
URL = {https://www.mdpi.com/2072-4292/12/16/2532},
ISSN = {2072-4292},
DOI = {10.3390/rs12162532}
}


@Article{relw2,
AUTHOR = {Hernández, Daniel and Cecilia, José M. and Cano, Juan-Carlos and Calafate, Carlos T.},
TITLE = {Flood Detection Using Real-Time Image Segmentation from Unmanned Aerial Vehicles on Edge-Computing Platform},
JOURNAL = {Remote Sensing},
VOLUME = {14},
YEAR = {2022},
NUMBER = {1},
ARTICLE-NUMBER = {223}
}

@article{aziz2024global,
  title={Global-Local Image Perceptual Score (GLIPS): Evaluating Photorealistic Quality of AI-Generated Images},
  author={Aziz, Memoona and Rehman, Umair and Danish, Muhammad Umair and Grolinger, Katarina},
  year={2024}
}

@article{relw3,
  title={Water segmentation with deep learning models for flood detection and monitoring},
  author={Zaffaroni, Mirko and Rossi, Claudio and others},
  journal={International Journal of Information Systems for Crisis Response and Management},
  pages={24--27},
  year={2020}
}
@article{relw4,
  title={Segnet: A deep convolutional encoder-decoder architecture for image segmentation},
  author={Badrinarayanan, Vijay and Kendall, Alex and Cipolla, Roberto},
  journal={IEEE Transactions on Pattern Analysis and Machine Intelligence},
  volume={39},
  number={12},
  pages={2481--2495},
  year={2017},

}



@inproceedings{
velickovic2018deep,
title={Deep Graph Infomax},
author={Petar Veličković and William Fedus and William L. Hamilton and Pietro Liò and Yoshua Bengio and R Devon Hjelm},
booktitle={International Conference on Learning Representations},
year={2019},
}



@inproceedings{defferrard2016convolutional,
author = {Defferrard, Micha\"{e}l and Bresson, Xavier and Vandergheynst, Pierre},
title = {Convolutional neural networks on graphs with fast localized spectral filtering},
year = {2016},
booktitle = {Advances in Neural Information Processing Systems},

}

@article{alifu2022enhancement,
  title={Enhancement of river flooding due to global warming},
  author={Alifu, Haireti and Hirabayashi, Yukiko and Imada, Yukiko and Shiogama, Hideo},
  journal={Scientific Reports},
  volume={12},
  number={1},
  article-number={20687},
  year={2022},

}

@inproceedings{andreasen2023built,
  title={Built-in flood risk: the intertwinement of flood risk and unregulated urban expansion in {African} cities},
  author={Andreasen, Manja H and Agergaard, Jytte and Allotey, Albert NM and M{\o}ller-Jensen, Lasse and Oteng-Ababio, Martin},
  booktitle={Urban Forum},
  volume={34},
  number={3},
  pages={385--411},
  year={2023},
}

@article{alzahrani2021biomedical,
  title={Biomedical image segmentation: a survey},
  author={Alzahrani, Yahya and Boufama, Boubakeur},
  journal={SN Computer Science},
  volume={2},
  number={4},
  pages={310},
  year={2021},

}