@article{alayrac2022flamingo,
	title={Flamingo: a visual language model for few-shot learning},
	author={Alayrac, Jean-Baptiste and Donahue, Jeff and Luc, Pauline and Miech, Antoine and Barr, Iain and Hasson, Yana and Lenc, Karel and Mensch, Arthur and Millican, Katherine and Reynolds, Malcolm and others},
	journal={Advances in neural information processing systems},
	volume={35},
	pages={23716--23736},
	year={2022}
}

@inproceedings{cornia2020meshed,
	title={Meshed-memory transformer for image captioning},
	author={Cornia, Marcella and Stefanini, Matteo and Baraldi, Lorenzo and Cucchiara, Rita},
	booktitle={Proceedings of the IEEE/CVF conference on computer vision and pattern recognition},
	pages={10578--10587},
	year={2020}
}

@inproceedings{fei2021memory,
	title={Memory-augmented image captioning},
	author={Fei, Zhengcong},
	booktitle={Proceedings of the AAAI Conference on Artificial Intelligence},
	volume={35},
	number={2},
	pages={1317--1324},
	year={2021}
}

@inproceedings{kuo2023haav,
	title={Haav: Hierarchical aggregation of augmented views for image captioning},
	author={Kuo, Chia-Wen and Kira, Zsolt},
	booktitle={Proceedings of the IEEE/CVF conference on computer vision and pattern recognition},
	pages={11039--11049},
	year={2023}
}

@article{lewis2020retrieval,
	title={Retrieval-augmented generation for knowledge-intensive nlp tasks},
	author={Lewis, Patrick and Perez, Ethan and Piktus, Aleksandra and Petroni, Fabio and Karpukhin, Vladimir and Goyal, Naman and K{\"u}ttler, Heinrich and Lewis, Mike and Yih, Wen-tau and Rockt{\"a}schel, Tim and others},
	journal={Advances in Neural Information Processing Systems},
	volume={33},
	pages={9459--9474},
	year={2020}
}

@inproceedings{li2023blip,
	title={Blip-2: Bootstrapping language-image pre-training with frozen image encoders and large language models},
	author={Li, Junnan and Li, Dongxu and Savarese, Silvio and Hoi, Steven},
	booktitle={International conference on machine learning},
	pages={19730--19742},
	year={2023},
	organization={PMLR}
}

@article{liu2024visual,
	title={Visual instruction tuning},
	author={Liu, Haotian and Li, Chunyuan and Wu, Qingyang and Lee, Yong Jae},
	journal={Advances in neural information processing systems},
	volume={36},
	year={2024}
}

@inproceedings{luo2021dual,
	title={Dual-level collaborative transformer for image captioning},
	author={Luo, Yunpeng and Ji, Jiayi and Sun, Xiaoshuai and Cao, Liujuan and Wu, Yongjian and Huang, Feiyue and Lin, Chia-Wen and Ji, Rongrong},
	booktitle={Proceedings of the AAAI conference on artificial intelligence},
	volume={35},
	number={3},
	pages={2286--2293},
	year={2021}
}

@inproceedings{radford2021learning,
	title={Learning transferable visual models from natural language supervision},
	author={Radford, Alec and Kim, Jong Wook and Hallacy, Chris and Ramesh, Aditya and Goh, Gabriel and Agarwal, Sandhini and Sastry, Girish and Askell, Amanda and Mishkin, Pamela and Clark, Jack and others},
	booktitle={International conference on machine learning},
	pages={8748--8763},
	year={2021},
	organization={PMLR}
}

@article{ramos2023retrieval,
	title={Retrieval-augmented image captioning},
	author={Ramos, Rita and Elliott, Desmond and Martins, Bruno},
	journal={arXiv preprint arXiv:2302.08268},
	year={2023}
}

@inproceedings{ramos2023smallcap,
	title={Smallcap: lightweight image captioning prompted with retrieval augmentation},
	author={Ramos, Rita and Martins, Bruno and Elliott, Desmond and Kementchedjhieva, Yova},
	booktitle={Proceedings of the IEEE/CVF Conference on Computer Vision and Pattern Recognition},
	pages={2840--2849},
	year={2023}
}

@article{singh2021nlp,
	title={The NLP cookbook: modern recipes for transformer based deep learning architectures},
	author={Singh, Sushant and Mahmood, Ausif},
	journal={IEEE Access},
	volume={9},
	pages={68675--68702},
	year={2021},
	publisher={IEEE}
}

@inproceedings{vinyals2015show,
	title={Show and tell: A neural image caption generator},
	author={Vinyals, Oriol and Toshev, Alexander and Bengio, Samy and Erhan, Dumitru},
	booktitle={Proceedings of the IEEE conference on computer vision and pattern recognition},
	pages={3156--3164},
	year={2015}
}

@article{wang2022git,
	title={Git: A generative image-to-text transformer for vision and language},
	author={Wang, Jianfeng and Yang, Zhengyuan and Hu, Xiaowei and Li, Linjie and Lin, Kevin and Gan, Zhe and Liu, Zicheng and Liu, Ce and Wang, Lijuan},
	journal={arXiv preprint arXiv:2205.14100},
	year={2022}
}

@article{wu2019recall,
	title={Recall what you see continually using gridlstm in image captioning},
	author={Wu, Lingxiang and Xu, Min and Wang, Jinqiao and Perry, Stuart},
	journal={IEEE Transactions on Multimedia},
	volume={22},
	number={3},
	pages={808--818},
	year={2019},
	publisher={IEEE}
}

@article{xu2019multi,
	title={Multi-level policy and reward-based deep reinforcement learning framework for image captioning},
	author={Xu, Ning and Zhang, Hanwang and Liu, An-An and Nie, Weizhi and Su, Yuting and Nie, Jie and Zhang, Yongdong},
	journal={IEEE Transactions on Multimedia},
	volume={22},
	number={5},
	pages={1372--1383},
	year={2019},
	publisher={IEEE}
}

@article{xu2022rag,
	title={RAG-TCGCN: aspect sentiment analysis based on residual attention gating and three-channel graph convolutional networks},
	author={Xu, Huan and Liu, Shuxian and Wang, Wei and Deng, Le},
	journal={Applied Sciences},
	volume={12},
	number={23},
	pages={12108},
	year={2022},
	publisher={MDPI}
}

@article{yang2023re,
	title={Re-vilm: Retrieval-augmented visual language model for zero and few-shot image captioning},
	author={Yang, Zhuolin and Ping, Wei and Liu, Zihan and Korthikanti, Vijay and Nie, Weili and Huang, De-An and Fan, Linxi and Yu, Zhiding and Lan, Shiyi and Li, Bo and others},
	journal={arXiv preprint arXiv:2302.04858},
	year={2023}
}

@article{yasunaga2022retrieval,
	title={Retrieval-augmented multimodal language modeling},
	author={Yasunaga, Michihiro and Aghajanyan, Armen and Shi, Weijia and James, Rich and Leskovec, Jure and Liang, Percy and Lewis, Mike and Zettlemoyer, Luke and Yih, Wen-tau},
	journal={arXiv preprint arXiv:2211.12561},
	year={2022}
}

@inproceedings{zhang2023improving,
	title={Improving Image Captioning through Visual and Semantic Mutual Promotion},
	author={Zhang, Jing and Xie, Yingshuai and Liu, Xiaoqiang},
	booktitle={Proceedings of the 31st ACM International Conference on Multimedia},
	pages={4716--4724},
	year={2023}
}

