@ARTICLE{10328666,
  author={Nguyen-Ha, Phong and Huynh, Lam and Rahtu, Esa and Matas, Jiri and Heikkil√§, Janne},
  journal={IEEE Transactions on Pattern Analysis and Machine Intelligence}, 
  title={Cascaded and Generalizable Neural Radiance Fields for Fast View Synthesis}, 
  year={2024}
}

@ARTICLE{10478788,
  author={Hedman, Peter and Srinivasan, Pratul P. and Mildenhall, Ben and Reiser, Christian and Barron, Jonathan T. and Debevec, Paul},
  journal={IEEE Transactions on Pattern Analysis and Machine Intelligence}, 
  title={Baking Neural Radiance Fields for Real-Time View Synthesis}, 
  year={2024}
}

@ARTICLE{10496207,
  author={Wang, Guangcong and Wang, Peng and Chen, Zhaoxi and Wang, Wenping and Loy, Chen Change and Liu, Ziwei},
  journal={IEEE Transactions on Pattern Analysis and Machine Intelligence}, 
  title={{PERF}: Panoramic Neural Radiance Field from a Single Panorama}, 
  year={2024}
}

@INPROCEEDINGS{413536,
  author={van Schyndel, R.G. and Tirkel, A.Z. and Osborne, C.F.},
  booktitle={Proceedings of 1st International Conference on Image Processing}, 
  title={A digital watermark}, 
  year={1994}}

@InProceedings{Yoo_2022_CVPR,
    author    = {Yoo, Innfarn and Chang, Huiwen and Luo, Xiyang and Stava, Ondrej and Liu, Ce and Milanfar, Peyman and Yang, Feng},
    title     = {Deep {3D-to-2D} Watermarking: Embedding Messages in {3D} Meshes and Extracting Them From {2D} Renderings},
    booktitle = {Proceedings of the IEEE/CVF Conference on Computer Vision and Pattern Recognition},
    year      = {2022}
}

@inproceedings{al2019graph,
  title={Graph spectral domain blind watermarking},
  author={Al-Khafaji, Hiba and Abhayaratne, Charith},
  booktitle={IEEE International Conference on Acoustics, Speech and Signal Processing (ICASSP)},
  year={2019},
}

@article{baluja2019hiding,
  title={Hiding images within images},
  author={Baluja, Shumeet},
  journal={IEEE Transactions on Pattern Analysis and Machine Intelligence},
  year={2019},
}

@article{cen2023segment,
  title={Segment anything in 3d with {NeRFs}},
  author={Cen, Jiazhong and Zhou, Zanwei and Fang, Jiemin and Shen, Wei and Xie, Lingxi and Jiang, Dongsheng and Zhang, Xiaopeng and Tian, Qi and others},
  journal={Advances in Neural Information Processing Systems},
  year={2023}
}

@article{cen2023segment_pami,
  title={Segment Anything in 3D with Radiance Fields},
  author={Cen, Jiazhong and Fang, Jiemin and Zhou, Zanwei and Yang, Chen and Xie, Lingxi and Zhang, Xiaopeng and Shen, Wei and Tian, Qi},
  journal={arXiv preprint arXiv:2304.12308},
  year={2023}
}

@inproceedings{charatan2024pixelsplat,
  title={{pixelSplat}: {3D} gaussian splats from image pairs for scalable generalizable 3d reconstruction},
  author={Charatan, David and Li, Sizhe Lester and Tagliasacchi, Andrea and Sitzmann, Vincent},
  booktitle={Proceedings of the IEEE/CVF Conference on Computer Vision and Pattern Recognition},
  year={2024}
}

@inproceedings{chen2022tensorf,
  title={{TensoRF}: Tensorial radiance fields},
  author={Chen, Anpei and Xu, Zexiang and Geiger, Andreas and Yu, Jingyi and Su, Hao},
  booktitle={European Conference on Computer Vision},
  year={2022},
}

@article{chen2023structnerf,
  title={{StructNeRF}: Neural radiance fields for indoor scenes with structural hints},
  author={Chen, Zheng and Wang, Chen and Guo, Yuan-Chen and Zhang, Song-Hai},
  journal={IEEE Transactions on Pattern Analysis and Machine Intelligence},
  year={2023}
}

@article{chen2024liftimage3d,
  title={{LiftImage3D}: Lifting Any Single Image to {3D} Gaussians with Video Generation Priors},
  author={Chen, Yabo and Yang, Chen and Fang, Jiemin and Zhang, Xiaopeng and Xie, Lingxi and Shen, Wei and Dai, Wenrui and Xiong, Hongkai and Tian, Qi},
  journal={arXiv preprint arXiv:2412.09597},
  year={2024}
}

@article{fang2018screen,
  title={Screen-shooting resilient watermarking},
  author={Fang, Han and Zhang, Weiming and Zhou, Hang and Cui, Hao and Yu, Nenghai},
  journal={IEEE Transactions on Information Forensics and Security},
  year={2018}
}

@inproceedings{fang2022pimog,
  title={Pimog: An effective screen-shooting noise-layer simulation for deep-learning-based watermarking network},
  author={Fang, Han and Jia, Zhaoyang and Ma, Zehua and Chang, Ee-Chien and Zhang, Weiming},
  booktitle={Proceedings of the 30th ACM International Conference on Multimedia},
  year={2022}
}

@inproceedings{fang2023denol,
  title={{DeNoL}: A Few-Shot-Sample-Based Decoupling Noise Layer for Cross-channel Watermarking Robustness},
  author={Fang, Han and Chen, Kejiang and Qiu, Yupeng and Liu, Jiayang and Xu, Ke and Fang, Chengfang and Zhang, Weiming and Chang, Ee-Chien},
  booktitle={Proceedings of the 31st ACM International Conference on Multimedia},
  year={2023}
}

@inproceedings{fang2023flow,
  title={Flow-based robust watermarking with invertible noise layer for black-box distortions},
  author={Fang, Han and Qiu, Yupeng and Chen, Kejiang and Zhang, Jiyi and Zhang, Weiming and Chang, Ee-Chien},
  booktitle={Proceedings of the AAAI Conference on Artificial Intelligence},
  year={2023}
}

@inproceedings{fernandez2023stable,
  title={The stable signature: Rooting watermarks in latent diffusion models},
  author={Fernandez, Pierre and Couairon, Guillaume and J{\'e}gou, Herv{\'e} and Douze, Matthijs and Furon, Teddy},
  booktitle={Proceedings of the IEEE/CVF International Conference on Computer Vision},
  year={2023}
}

@inproceedings{fridovich2022plenoxels,
  title={Plenoxels: Radiance Fields Without Neural Networks},
  author={Fridovich-Keil, Sara and Yu, Alex and Tancik, Matthew and Chen, Qinhong and Recht, Benjamin and Kanazawa, Angjoo},
  booktitle={Proceedings of the IEEE/CVF Conference on Computer Vision and Pattern Recognition},
  year={2022}
}

@article{gao2022mps,
  title={{MPS-NeRF}: Generalizable {3D} human rendering from multiview images},
  author={Gao, Xiangjun and Yang, Jiaolong and Kim, Jongyoo and Peng, Sida and Liu, Zicheng and Tong, Xin},
  journal={IEEE Transactions on Pattern Analysis and Machine Intelligence},
  year={2022},
}

@article{guan2022deepmih,
  title={{DeepMIH}: Deep invertible network for multiple image hiding},
  author={Guan, Zhenyu and Jing, Junpeng and Deng, Xin and Xu, Mai and Jiang, Lai and Zhang, Zhou and Li, Yipeng},
  journal={IEEE Transactions on Pattern Analysis and Machine Intelligence},
  year={2022},
}

@inproceedings{guo2022nerfren,
  title={{NeRFReN}: Neural radiance fields with reflections},
  author={Guo, Yuan-Chen and Kang, Di and Bao, Linchao and He, Yu and Zhang, Song-Hai},
  booktitle={Proceedings of the IEEE/CVF Conference on Computer Vision and Pattern Recognition},
  year={2022}
}

@article{hou2023separable,
  title={Separable Reversible Data Hiding for Encrypted {3D} Mesh Models Based on Octree Subdivision and Multi-MSB Prediction},
  author={Hou, Gangyang and Ou, Bo and Long, Min and Peng, Fei},
  journal={IEEE Transactions on Multimedia},
  year={2023},
}

@inproceedings{jang2024waterf,
  title={{WateRF}: Robust Watermarks in Radiance Fields for Protection of Copyrights},
  author={Jang, Youngdong and Lee, Dong In and Jang, {MinHyuk} and Kim, Jong Wook and Yang, Feng and Kim, Sangpil},
  booktitle={Proceedings of the IEEE/CVF Conference on Computer Vision and Pattern Recognition},
  year={2024}
}

@inproceedings{jia2021mbrs,
  title={{MBRS}: Enhancing robustness of {DNN}-based watermarking by mini-batch of real and simulated jpeg compression},
  author={Jia, Zhaoyang and Fang, Han and Zhang, Weiming},
  booktitle={Proceedings of the 29th ACM International Conference on Multimedia},
  year={2021}
}

@article{jiang2017reversible,
  title={Reversible data hiding in encrypted three-dimensional mesh models},
  author={Jiang, Ruiqi and Zhou, Hang and Zhang, Weiming and Yu, Nenghai},
  journal={IEEE Transactions on Multimedia},
  year={2017},
}

@inproceedings{jing2021hinet,
  title={Hi{N}et: deep image hiding by invertible network},
  author={Jing, Junpeng and Deng, Xin and Xu, Mai and Wang, Jianyi and Guan, Zhenyu},
  booktitle={Proceedings of the IEEE/CVF International Conference on Computer Vision},
  year={2021}
}

@article{kang2010efficient,
  title={Efficient general print-scanning resilient data hiding based on uniform log-polar mapping},
  author={Kang, Xiangui and Huang, Jiwu and Zeng, Wenjun},
  journal={IEEE Transactions on Information Forensics and Security},
  year={2010}
}

@Article{kerbl3Dgaussians,
      author       = {Kerbl, Bernhard and Kopanas, Georgios and Leimk{\"u}hler, Thomas and Drettakis, George},
      title        = {{3D} Gaussian Splatting for Real-Time Radiance Field Rendering},
      journal      = {ACM Transactions on Graphics},
      year         = {2023},
}

@article{lai2010digital,
  title={Digital image watermarking using discrete wavelet transform and singular value decomposition},
  author={Lai, Chih-Chin and Tsai, Cheng-Chih},
  journal={IEEE Transactions on Instrumentation and Measurement},
  year={2010},
}

@inproceedings{li2023steganerf,
  title={Stega{NeRF}: Embedding invisible information within neural radiance fields},
  author={Li, Chenxin and Feng, Brandon Y and Fan, Zhiwen and Pan, Panwang and Wang, Zhangyang},
  booktitle={Proceedings of the IEEE/CVF International Conference on Computer Vision},
  year={2023}
}

@inproceedings{li2024endosparse,
  title={EndoSparse: Real-time sparse view synthesis of endoscopic scenes using gaussian splatting},
  author={Li, Chenxin and Feng, Brandon Y and Liu, Yifan and Liu, Hengyu and Wang, Cheng and Yu, Weihao and Yuan, Yixuan},
  booktitle={International Conference on Medical Image Computing and Computer-Assisted Intervention},
  year={2024},
}

@inproceedings{liu2023wrap,
  title={{WRAP}: Watermarking Approach Robust Against Film-coating upon Printed Photographs},
  author={Liu, Gaozhi and Si, Yichao and Qian, Zhenxing and Zhang, Xinpeng and Li, Sheng and Peng, Wanli},
  booktitle={Proceedings of the 31st ACM International Conference on Multimedia},
  year={2023}
}

@inproceedings{liu2024sanerf,
  title={SANeRF-HQ: Segment Anything for {NeRF} in High Quality},
  author={Liu, Yichen and Hu, Benran and Tang, Chi-Keung and Tai, Yu-Wing},
  booktitle={Proceedings of the IEEE/CVF Conference on Computer Vision and Pattern Recognition},
  year={2024}
}

@inproceedings{luo2020distortion,
  title={Distortion agnostic deep watermarking},
  author={Luo, Xiyang and Zhan, Ruohan and Chang, Huiwen and Yang, Feng and Milanfar, Peyman},
  booktitle={Proceedings of the IEEE/CVF Conference on Computer Vision and Pattern Recognition},
  year={2020}
}

@inproceedings{luo2023copyrnerf,
  author    = {Ziyuan Luo and Qing Guo and Ka Chun Cheung and Simon See and Renjie Wan},
  title     = {Copy{RN}e{RF}: Protecting the CopyRight of Neural Radiance Fields},
  booktitle   = {Proceedings of the IEEE/CVF International Conference on Computer Vision},
  year      = {2023},
}

@inproceedings{ma2022deblur,
  title={{Deblur-NeRF}: Neural radiance fields from blurry images},
  author={Ma, Li and Li, Xiaoyu and Liao, Jing and Zhang, Qi and Wang, Xuan and Wang, Jue and Sander, Pedro V},
  booktitle={Proceedings of the IEEE/CVF Conference on Computer Vision and Pattern Recognition},
  year={2022}
}

@article{muller2022instant,
  title={Instant neural graphics primitives with a multiresolution hash encoding},
  author={M{\"u}ller, Thomas and Evans, Alex and Schied, Christoph and Keller, Alexander},
  journal={ACM Transactions on Graphics (ToG)},
  year={2022},
}

@InProceedings{nerf2020,
author="Mildenhall, Ben
and Srinivasan, Pratul P.
and Tancik, Matthew
and Barron, Jonathan T.
and Ramamoorthi, Ravi
and Ng, Ren",
title="{N}e{RF}: Representing Scenes as Neural Radiance Fields for View Synthesis",
booktitle="Proceedings of the European Conference on Computer Vision",
year="2020",
}

@inproceedings{ohbuchi2002frequency,
  title={A frequency-domain approach to watermarking {3D} shapes},
  author={Ohbuchi, Ryutarou and Mukaiyama, Akio and Takahashi, Shigeo},
  booktitle={Computer Graphics Forum},
  year={2002},
}

@article{peng2024animatable,
  title={Animatable implicit neural representations for creating realistic avatars from videos},
  author={Peng, Sida and Xu, Zhen and Dong, Junting and Wang, Qianqian and Zhang, Shangzhan and Shuai, Qing and Bao, Hujun and Zhou, Xiaowei},
  journal={IEEE Transactions on Pattern Analysis and Machine Intelligence},
  year={2024}
}

@inproceedings{piala2021terminerf,
  title={{TermiNeRF}: Ray termination prediction for efficient neural rendering},
  author={Piala, Martin and Clark, Ronald},
  booktitle={2021 International Conference on 3D Vision (3DV)},
  year={2021},
}

@inproceedings{qi2023e2nerf,
  title={{E2NeRF}: Event Enhanced Neural Radiance Fields from Blurry Images},
  author={Qi, Yunshan and Zhu, Lin and Zhang, Yu and Li, Jia},
  booktitle={Proceedings of the IEEE/CVF International Conference on Computer Vision},
  year={2023}
}

@inproceedings{qian20243dgs,
  title={{3DGS-Avatar}: Animatable avatars via deformable {3D} gaussian splatting},
  author={Qian, Zhiyin and Wang, Shaofei and Mihajlovic, Marko and Geiger, Andreas and Tang, Siyu},
  booktitle={Proceedings of the IEEE/CVF Conference on Computer Vision and Pattern Recognition},
  year={2024}
}

@inproceedings{reiser2021kilonerf,
  title={{KiloNeRF}: Speeding up neural radiance fields with thousands of tiny mlps},
  author={Reiser, Christian and Peng, Songyou and Liao, Yiyi and Geiger, Andreas},
  booktitle={Proceedings of the IEEE/CVF International Conference on Computer Vision},
  year={2021}
}

@inproceedings{son2017perceptual,
  title={Perceptual {3D} watermarking using mesh saliency},
  author={Son, Jeongho and Kim, Dongkyu and Choi, Hak-Yeol and Jang, Han-Ul and Choi, Sunghee},
  booktitle={International Conference on Information Science and Applications},
  year={2017},
}

@inproceedings{sun2022direct,
  title={Direct voxel grid optimization: Super-fast convergence for radiance fields reconstruction},
  author={Sun, Cheng and Sun, Min and Chen, Hwann-Tzong},
  booktitle={Proceedings of the IEEE/CVF Conference on Computer Vision and Pattern Recognition},
  year={2022}
}

@inproceedings{tan2023deep,
  title={Deep Neural Network Watermarking against Model Extraction Attack},
  author={Tan, Jingxuan and Zhong, Nan and Qian, Zhenxing and Zhang, Xinpeng and Li, Sheng},
  booktitle={Proceedings of the 31st ACM International Conference on Multimedia},
  year={2023}
}

@article{tsai2022integrating,
  title={Integrating coordinate transformation and random sampling into high-capacity reversible data hiding in encrypted polygonal models},
  author={Tsai, Yuan-Yu and Liu, Hong-Lin},
  journal={IEEE Transactions on Dependable and Secure Computing},
  year={2022},
}

@article{verbin2024ref,
  title={{Ref-NeRF}: Structured View-Dependent Appearance for Neural Radiance Fields.},
  author={Verbin, D and Hedman, P and Mildenhall, B and Zickler, T and Barron, JT and Srinivasan, PP},
  journal={IEEE Transactions on Pattern Analysis and Machine Intelligence},
  year={2024}
}

@article{wang2022deep,
  title={Deep {3D} mesh watermarking with self-adaptive robustness},
  author={Wang, Feng and Zhou, Hang and Fang, Han and Zhang, Weiming and Yu, Nenghai},
  journal={Cybersecurity},
  year={2022},
}

@inproceedings{wang2022dtcwt,
  title={A dtcwt-svd based video watermarking resistant to frame rate conversion},
  author={Wang, Yifei and Ying, Qichao and Sun, Yunlong and Qian, Zhenxing and Zhang, Xinpeng},
  booktitle={International Conference on Culture-Oriented Science and Technology (CoST)},
  year={2022},
}

@inproceedings{wang2022neural,
  title={Neural Watermarking for {3D} Morphable Models},
  author={Wang, Feng and Zhou, Hang and Zhang, Weiming and Yu, Nenghai},
  booktitle={International Conference on Artificial Intelligence and Security},
  year={2022}
}

@inproceedings{wang2023bad,
  title={{BAD-NeRF}: Bundle adjusted deblur neural radiance fields},
  author={Wang, Peng and Zhao, Lingzhe and Ma, Ruijie and Liu, Peidong},
  booktitle={Proceedings of the IEEE/CVF Conference on Computer Vision and Pattern Recognition},
  year={2023}
}

@inproceedings{wang2023lighting,
  title={Lighting up {NeRF} via unsupervised decomposition and enhancement},
  author={Wang, Haoyuan and Xu, Xiaogang and Xu, Ke and Lau, Rynson WH},
  booktitle={Proceedings of the IEEE/CVF International Conference on Computer Vision},
  year={2023}
}

@inproceedings{wang2024endogslam,
  title={Endogslam: Real-time dense reconstruction and tracking in endoscopic surgeries using gaussian splatting},
  author={Wang, Kailing and Yang, Chen and Wang, Yuehao and Li, Sikuang and Wang, Yan and Dou, Qi and Yang, Xiaokang and Shen, Wei},
  booktitle={International Conference on Medical Image Computing and Computer-Assisted Intervention},
  year={2024},
}

@article{wei2023depth,
  title={Depth-guided optimization of neural radiance fields for indoor multi-view stereo},
  author={Wei, Yi and Liu, Shaohui and Zhou, Jie and Lu, Jiwen},
  journal={IEEE Transactions on Pattern Analysis and Machine Intelligence},
  year={2023}
}

@article{wu2020watermarking,
  title={Watermarking neural networks with watermarked images},
  author={Wu, Hanzhou and Liu, Gen and Yao, Yuwei and Zhang, Xinpeng},
  journal={IEEE Transactions on Circuits and Systems for Video Technology},
  year={2020}
}

@inproceedings{yang2023nerfvs,
  title={{NeRFVS}: Neural radiance fields for free view synthesis via geometry scaffolds},
  author={Yang, Chen and Li, Peihao and Zhou, Zanwei and Yuan, Shanxin and Liu, Bingbing and Yang, Xiaokang and Qiu, Weichao and Shen, Wei},
  booktitle={Proceedings of the IEEE/CVF Conference on Computer Vision and Pattern Recognition},
  year={2023}
}

@inproceedings{ying2022rwn,
  title={{RWN}: Robust watermarking network for image cropping localization},
  author={Ying, Qichao and Hu, Xiaoxiao and Zhang, Xiangyu and Qian, Zhenxing and Li, Sheng and Zhang, Xinpeng},
  booktitle={IEEE International Conference on Image Processing (ICIP)},
  year={2022},
}

@inproceedings{zeng2023watermarks,
  title={Watermarks for Generative Adversarial Network Based on Steganographic Invisible Backdoor},
  author={Zeng, Yuwei and Tan, Jingxuan and You, Zhengxin and Qian, Zhenxing and Zhang, Xinpeng},
  booktitle={IEEE International Conference on Multimedia and Expo (ICME)},
  year={2023},
}

@article{zhang2020udh,
  title={{UDH}: Universal deep hiding for steganography, watermarking, and light field messaging},
  author={Zhang, Chaoning and Benz, Philipp and Karjauv, Adil and Sun, Geng and Kweon, In So},
  journal={Advances in Neural Information Processing Systems},
  year={2020}
}

@article{zhang2024robust,
  title={Robust Model Watermarking for Image Processing Networks via Structure Consistency},
  author={Zhang, Jie and Chen, Dongdong and Liao, Jing and Ma, Zehua and Fang, Han and Zhang, Weiming and Feng, Huamin and Hua, Gang and Yu, Nenghai},
  journal={IEEE Transactions on Pattern Analysis and Machine Intelligence},
  year={2024}
}

@article{zhao2024chase,
  title={{CHASE}: {3D}-Consistent Human Avatars with Sparse Inputs via Gaussian Splatting and Contrastive Learning},
  author={Zhao, Haoyu and Wang, Hao and Yang, Chen and Shen, Wei},
  journal={arXiv preprint arXiv:2408.09663},
  year={2024}
}

@article{zhao2024sg,
  title={{SG-GS}: Photo-realistic Animatable Human Avatars with Semantically-Guided Gaussian Splatting},
  author={Zhao, Haoyu and Yang, Chen and Wang, Hao and Zhao, Xingyue and Shen, Wei},
  journal={arXiv preprint arXiv:2408.09665},
  year={2024}
}

@article{zhou2018distortion,
  title={Distortion design for secure adaptive 3-{D} mesh steganography},
  author={Zhou, Hang and Chen, Kejiang and Zhang, Weiming and Yao, Yuanzhi and Yu, Nenghai},
  journal={IEEE Transactions on Multimedia},
  year={2018},
}

@article{zhou2023nerflix,
  title={{From NeRFLiX to NeRFLiX++}: A General {NeRF}-Agnostic Restorer Paradigm},
  author={Zhou, Kun and Li, Wenbo and Jiang, Nianjuan and Han, Xiaoguang and Lu, Jiangbo},
  journal={IEEE Transactions on Pattern Analysis and Machine Intelligence},
  year={2023}
}

@inproceedings{zhu2018hidden,
  title={Hi{DD}e{N}: Hiding data with deep networks},
  author={Zhu, Jiren and Kaplan, Russell and Johnson, Justin and Fei-Fei, Li},
  booktitle={Proceedings of the European Conference on Computer Vision},
  year={2018}
}

@inproceedings{zhu2024rethinking,
  title={{Rethinking Mesh Watermark}: Towards Highly Robust and Adaptable Deep {3D} Mesh Watermarking},
  author={Zhu, Xingyu and Ye, Guanhui and Luo, Xiapu and Wei, Xuetao},
  booktitle={Proceedings of the AAAI Conference on Artificial Intelligence},
  year={2024}
}

