@String(PAMI = {IEEE Trans. Pattern Anal. Mach. Intell.})
@String(IJCV = {Int. J. Comput. Vis.})
@String(CVPR= {IEEE Conf. Comput. Vis. Pattern Recog.})
@String(ICCV= {Int. Conf. Comput. Vis.})
@String(ECCV= {Eur. Conf. Comput. Vis.})
@String(NIPS= {Adv. Neural Inform. Process. Syst.})
@String(ICPR = {Int. Conf. Pattern Recog.})
@String(BMVC= {Brit. Mach. Vis. Conf.})
@String(TOG= {ACM Trans. Graph.})
@String(TIP  = {IEEE Trans. Image Process.})
@String(TVCG  = {IEEE Trans. Vis. Comput. Graph.})
@String(TMM  = {IEEE Trans. Multimedia})
@String(ACMMM= {ACM Int. Conf. Multimedia})
@String(ICME = {Int. Conf. Multimedia and Expo})
@String(ICASSP=	{ICASSP})
@String(ICIP = {IEEE Int. Conf. Image Process.})
@String(ACCV  = {ACCV})
@String(ICLR = {Int. Conf. Learn. Represent.})
@String(IJCAI = {IJCAI})
@String(PR   = {Pattern Recognition})
@String(AAAI = {AAAI})
@String(CVPRW= {IEEE Conf. Comput. Vis. Pattern Recog. Worksh.})
@String(CSVT = {IEEE Trans. Circuit Syst. Video Technol.})

@String(SPL	= {IEEE Sign. Process. Letters})
@String(VR   = {Vis. Res.})
@String(JOV	 = {J. Vis.})
@String(TVC  = {The Vis. Comput.})
@String(JCST  = {J. Comput. Sci. Tech.})
@String(CGF  = {Comput. Graph. Forum})
@String(CVM = {Computational Visual Media})


@String(PAMI  = {IEEE TPAMI})
@String(IJCV  = {IJCV})
@String(CVPR  = {CVPR})
@String(ICCV  = {ICCV})
@String(ECCV  = {ECCV})
@String(NIPS  = {NeurIPS})
@String(ICPR  = {ICPR})
@String(BMVC  =	{BMVC})
@String(TOG   = {ACM TOG})
@String(TIP   = {IEEE TIP})
@String(TVCG  = {IEEE TVCG})
@String(TCSVT = {IEEE TCSVT})
@String(TMM   =	{IEEE TMM})
@String(ACMMM = {ACM MM})
@String(ICME  =	{ICME})
@String(ICASSP=	{ICASSP})
@String(ICIP  = {ICIP})
@String(ACCV  = {ACCV})
@String(ICLR  = {ICLR})
@String(IJCAI = {IJCAI})
@String(PR = {PR})
@String(AAAI = {AAAI})
@String(CVPRW= {CVPRW})
@String(CSVT = {IEEE TCSVT})



@article{jia2022go,
  title={Go Wide or Go Deep: Levering Watermarking Performance with Computational Cost for Specific Images},
  author={Jia, Zhaoyang and Fang, Han and Ma, Zehua and Zhang, Weiming},
  journal={arXiv preprint arXiv:2204.11513},
  year={2022}
}
@inproceedings{luo2020distortion,
  title={Distortion agnostic deep watermarking},
  author={Luo, Xiyang and Zhan, Ruohan and Chang, Huiwen and Yang, Feng and Milanfar, Peyman},
  booktitle={Proceedings of the IEEE/CVF Conference on Computer Vision and Pattern Recognition},
  year={2020}
}
@article{wang2022nerf,
  title={{N}e{RF}-{A}rt: Text-Driven Neural Radiance Fields Stylization},
  author={Wang, Can and Jiang, Ruixiang and Chai, Menglei and He, Mingming and Chen, Dongdong and Liao, Jing},
  journal={IEEE Transactions on Visualization and Computer Graphics},
  year={2023}
}
@inproceedings{zhi2021place,
  title={In-place scene labelling and understanding with implicit scene representation},
  author={Zhi, Shuaifeng and Laidlow, Tristan and Leutenegger, Stefan and Davison, Andrew J},
  booktitle={Proceedings of the IEEE/CVF International Conference on Computer Vision},
  year={2021}
}
@INPROCEEDINGS{413536,
  author={van Schyndel, R.G. and Tirkel, A.Z. and Osborne, C.F.},
  booktitle={Proceedings of 1st International Conference on Image Processing}, 
  title={A digital watermark}, 
  year={1994}}
  
@InProceedings{Yang_2021_ICCV,
    author    = {Yang, Peng and Lao, Yingjie and Li, Ping},
    title     = {Robust Watermarking for Deep Neural Networks via Bi-Level Optimization},
    booktitle = {Proceedings of the IEEE/CVF International Conference on Computer Vision},
    year      = {2021},
}
@inproceedings{zhang2018unreasonable,
  title={The unreasonable effectiveness of deep features as a perceptual metric},
  author={Zhang, Richard and Isola, Phillip and Efros, Alexei A and Shechtman, Eli and Wang, Oliver},
  booktitle={Proceedings of the IEEE Conference on Computer Vision and Pattern Recognition},
  year={2018}
}
@InProceedings{Yoo_2022_CVPR,
    author    = {Yoo, Innfarn and Chang, Huiwen and Luo, Xiyang and Stava, Ondrej and Liu, Ce and Milanfar, Peyman and Yang, Feng},
    title     = {Deep {3D-to-2D} Watermarking: Embedding Messages in {3D} Meshes and Extracting Them From {2D} Renderings},
    booktitle = {Proceedings of the IEEE/CVF Conference on Computer Vision and Pattern Recognition},
    year      = {2022}
}

@article{sitzmann2019scene,
  title={Scene representation networks: Continuous {3D}-structure-aware neural scene representations},
  author={Sitzmann, Vincent and Zollh{\"o}fer, Michael and Wetzstein, Gordon},
  journal={Advances in Neural Information Processing Systems},
  year={2019}
}

@inproceedings{liu2020dist,
  title={{DIST}: Rendering deep implicit signed distance function with differentiable sphere tracing},
  author={Liu, Shaohui and Zhang, Yinda and Peng, Songyou and Shi, Boxin and Pollefeys, Marc and Cui, Zhaopeng},
  booktitle={Proceedings of the IEEE/CVF Conference on Computer Vision and Pattern Recognition},
  year={2020}
}

@inproceedings{park2019deepsdf,
  title={Deep{SDF}: Learning continuous signed distance functions for shape representation},
  author={Park, Jeong Joon and Florence, Peter and Straub, Julian and Newcombe, Richard and Lovegrove, Steven},
  booktitle={Proceedings of the IEEE/CVF Conference on Computer Vision and Pattern Recognition},
  year={2019}
}

@inproceedings{saito2019pifu,
  title={Pifu: Pixel-aligned implicit function for high-resolution clothed human digitization},
  author={Saito, Shunsuke and Huang, Zeng and Natsume, Ryota and Morishima, Shigeo and Kanazawa, Angjoo and Li, Hao},
  booktitle={Proceedings of the IEEE/CVF International Conference on Computer Vision},
  year={2019}
}

@inproceedings{mescheder2019occupancy,
  title={Occupancy networks: Learning {3D} reconstruction in function space},
  author={Mescheder, Lars and Oechsle, Michael and Niemeyer, Michael and Nowozin, Sebastian and Geiger, Andreas},
  booktitle={Proceedings of the IEEE/CVF Conference on Computer Vision and Pattern Recognition},
  year={2019}
}

@inproceedings{peng2020convolutional,
  title={Convolutional occupancy networks},
  author={Peng, Songyou and Niemeyer, Michael and Mescheder, Lars and Pollefeys, Marc and Geiger, Andreas},
  booktitle={Proceedings of the European Conference on Computer Vision},
  year={2020},
}

@inproceedings{niemeyer2020differentiable,
  title={Differentiable volumetric rendering: Learning implicit {3D} representations without {3D} supervision},
  author={Niemeyer, Michael and Mescheder, Lars and Oechsle, Michael and Geiger, Andreas},
  booktitle={Proceedings of the IEEE/CVF Conference on Computer Vision and Pattern Recognition},
  year={2020}
}

@article{yariv2020multiview,
  title={Multiview neural surface reconstruction by disentangling geometry and appearance},
  author={Yariv, Lior and Kasten, Yoni and Moran, Dror and Galun, Meirav and Atzmon, Matan and Ronen, Basri and Lipman, Yaron},
  journal={Advances in Neural Information Processing Systems},
  year={2020}
}
@inproceedings{cotting2004robust,
  title={Robust watermarking of point-sampled geometry},
  author={Cotting, Daniel and Weyrich, Tim and Pauly, Mark and Gross, Markus},
  booktitle={Proceedings Shape Modeling Applications, 2004.},
  year={2004},
}
@InProceedings{nerf2020,
author="Mildenhall, Ben
and Srinivasan, Pratul P.
and Tancik, Matthew
and Barron, Jonathan T.
and Ramamoorthi, Ravi
and Ng, Ren",
title="{N}e{RF}: Representing Scenes as Neural Radiance Fields for View Synthesis",
booktitle="Proceedings of the European Conference on Computer Vision",
year="2020",
}

@misc{https://doi.org/10.48550/arxiv.2209.02417,
  doi = {10.48550/ARXIV.2209.02417},
  
  author = {Tagliasacchi, Andrea and Mildenhall, Ben},
  
  
  title = {Volume Rendering Digest (for {N}e{RF})},
  
  publisher = {arXiv},
  
  year = {2022},
}

@InProceedings{Chen_2019_ICCV,
author = {Chen, Anpei and Chen, Zhang and Zhang, Guli and Mitchell, Kenny and Yu, Jingyi},
title = {Photo-Realistic Facial Details Synthesis From Single Image},
booktitle = {Proceedings of the IEEE/CVF International Conference on Computer Vision},
year = {2019}
}

@inproceedings{kwon2003watermarking,
  title={Watermarking for {3D} polygonal meshes using normal vector distributions of each patch},
  author={Kwon, Ki-Ryong and Kwon, Seong-Geun and Lee, Suk-Hawn and Kim, Tae-Su and Lee, Kuhn-Il},
  booktitle={Proceedings 2003 International Conference on Image Processing},
  year={2003},
}


@INPROCEEDINGS{8910034,
  author={Shoukat, Muhammad Awais and Sargano, Allah Bux and Habib, Zulfiqar and You, Lihua},
  booktitle={2018 2nd European Conference on Electrical Engineering and Computer Science (EECS)}, 
  title={Automatic Depth Estimation from Single {2D} Image via Transfer Learning Approach}, 
  year={2018}
  }
  
@article{Qin_Wang_Lu_2019, title={MonoGRNet: A Geometric Reasoning Network for Monocular {3D} Object Localization},
journal={Proceedings of the AAAI Conference on Artificial Intelligence}, 
author={Qin, Zengyi and Wang, Jinglu and Lu, Yan}, year={2019}}

@article{gong2016three,
  title={Three-dimensional ghost imaging lidar via sparsity constraint},
  author={Gong, Wenlin and Zhao, Chengqiang and Yu, Hong and Chen, Mingliang and Xu, Wendong and Han, Shensheng},
  journal={Scientific Reports},
  year={2016}
}

@InProceedings{Ge_2017_CVPR,
author = {Ge, Liuhao and Liang, Hui and Yuan, Junsong and Thalmann, Daniel},
title = {{3D} Convolutional Neural Networks for Efficient and Robust Hand Pose Estimation From Single Depth Images},
booktitle = {Proceedings of the IEEE Conference on Computer Vision and Pattern Recognition},
year = {2017}
}

@ARTICLE{8338122,
  author={Ge, Liuhao and Liang, Hui and Yuan, Junsong and Thalmann, Daniel},
  journal={IEEE Transactions on Pattern Analysis and Machine Intelligence}, 
  title={Real-Time {3D} Hand Pose Estimation with {3D} Convolutional Neural Networks}, 
  year={2019}
  }
  
 

@InProceedings{10.1007/978-3-031-19790-1_20,
author="Chen, Di
and Liu, Yu
and Huang, Lianghua
and Wang, Bin
and Pan, Pan",
title="GeoAug: Data Augmentation for Few-Shot {N}e{RF} with Geometry Constraints",
booktitle="Proceedings of the European Conference on Computer Vision",
year="2022",
}

@InProceedings{Deng_2022_CVPR,
    author    = {Deng, Kangle and Liu, Andrew and Zhu, Jun-Yan and Ramanan, Deva},
    title     = {Depth-Supervised {N}e{RF}: Fewer Views and Faster Training for Free},
    booktitle = {Proceedings of the IEEE/CVF Conference on Computer Vision and Pattern Recognition},
    year      = {2022},
}

@ARTICLE{9133124,
author={Zhong, Xin and Huang, Pei-Chi and Mastorakis, Spyridon and Shih, Frank Y.},
journal={IEEE Transactions on Multimedia},
title={An Automated and Robust Image Watermarking Scheme Based on Deep Neural Networks},   
year={2021},  
}

@inproceedings{NIPS2017_838e8afb,
 author = {Baluja, Shumeet},
 booktitle = {Advances in Neural Information Processing Systems},
 title = {Hiding Images in Plain Sight: Deep Steganography},
 year = {2017}
}

@inproceedings{ioffe2015batch,
  title={Batch normalization: Accelerating deep network training by reducing internal covariate shift},
  author={Ioffe, Sergey and Szegedy, Christian},
  booktitle={International Conference on Machine Learning},
  year={2015},
}

@inproceedings{zhu2018hidden,
  title={Hi{DD}e{N}: Hiding data with deep networks},
  author={Zhu, Jiren and Kaplan, Russell and Johnson, Justin and Fei-Fei, Li},
  booktitle={Proceedings of the European Conference on Computer Vision},
  year={2018}
}

@inproceedings{praun1999robust,
  title={Robust mesh watermarking},
  author={Praun, Emil and Hoppe, Hugues and Finkelstein, Adam},
  booktitle={Proceedings of the 26th Annual Conference on Computer Graphics and Interactive Techniques},
  year={1999}
}

@article{liu2019novel,
  title={A novel watermarking algorithm for three-dimensional point-cloud models based on vertex curvature},
  author={Liu, Jing and Yang, Yajie and Ma, Douli and He, Wenjuan and Wang, Yinghui},
  journal={International Journal of Distributed Sensor Networks},
  year={2019}
}

@article{bas2019does,
  title={What does {2D} geometric information really tell us about {3D} face shape?},
  author={Bas, Anil and Smith, William AP},
  journal={International Journal of Computer Vision},
  year={2019},
}

@article{qiu2022high,
  title={High-Capacity Framework for Reversible Data Hiding in Encrypted Image Using Pixel Prediction and Entropy Encoding},
  author={Qiu, Yingqiang and Ying, Qichao and Yang, Yuyan and Zeng, Huanqiang and Li, Sheng and Qian, Zhenxing},
  journal={IEEE Transactions on Circuits and Systems for Video Technology},
  year={2022}
}
@article{artz2001digital,
  title={Digital steganography: hiding data within data},
  author={Artz, Donovan},
  journal={IEEE Internet computing},
  year={2001}
}
@inproceedings{jing2021hinet,
  title={Hi{N}et: deep image hiding by invertible network},
  author={Jing, Junpeng and Deng, Xin and Xu, Mai and Wang, Jianyi and Guan, Zhenyu},
  booktitle={Proceedings of the IEEE/CVF International Conference on Computer Vision},
  year={2021}
}
@article{hamidi2019blind,
  title={Blind robust {3D} mesh watermarking based on mesh saliency and wavelet transform for copyright protection},
  author={Hamidi, Mohamed and Chetouani, Aladine and El Haziti, Mohamed and El Hassouni, Mohammed and Cherifi, Hocine},
  journal={Information},
  year={2019},
}
@inproceedings{son2017perceptual,
  title={Perceptual {3D} watermarking using mesh saliency},
  author={Son, Jeongho and Kim, Dongkyu and Choi, Hak-Yeol and Jang, Han-Ul and Choi, Sunghee},
  booktitle={International Conference on Information Science and Applications},
  year={2017},
}

@inproceedings{yu2021pixelnerf,
  title={{P}ixel{N}e{RF}: Neural radiance fields from one or few images},
  author={Yu, Alex and Ye, Vickie and Tancik, Matthew and Kanazawa, Angjoo},
  booktitle={Proceedings of the IEEE/CVF Conference on Computer Vision and Pattern Recognition},
  year={2021}
}
@inproceedings{yoo2022deep,
  title={Deep {3D-to-2D} Watermarking: Embedding Messages in {3D} Meshes and Extracting Them from {2D} Renderings},
  author={Yoo, Innfarn and Chang, Huiwen and Luo, Xiyang and Stava, Ondrej and Liu, Ce and Milanfar, Peyman and Yang, Feng},
  booktitle={Proceedings of the IEEE/CVF Conference on Computer Vision and Pattern Recognition},
  year={2022}
}

@inproceedings{chen2021fast,
  title={{MVSNeRF}: Fast generalizable radiance field reconstruction from multi-view stereo},
  author={Chen, Anpei and Xu, Zexiang and Zhao, Fuqiang and Zhang, Xiaoshuai and Xiang, Fanbo and Yu, Jingyi and Su, Hao},
  booktitle={Proceedings of the IEEE/CVF International Conference on Computer Vision},
  year={2021}
}

@article{hou2017blind,
  title={Blind {3D} mesh watermarking for {3D} printed model by analyzing layering artifact},
  author={Hou, Jong-Uk and Kim, Do-Gon and Lee, Heung-Kyu},
  journal={IEEE Transactions on Information Forensics and Security},
  year={2017},
}
@inproceedings{wu20153d,
  title={{3D} {S}hape{N}ets: A deep representation for volumetric shapes},
  author={Wu, Zhirong and Song, Shuran and Khosla, Aditya and Yu, Fisher and Zhang, Linguang and Tang, Xiaoou and Xiao, Jianxiong},
  booktitle={Proceedings of the IEEE Conference on Computer Vision and Pattern Recognition},
  year={2015}
}

@inproceedings{ohbuchi2002frequency,
  title={A frequency-domain approach to watermarking {3D} shapes},
  author={Ohbuchi, Ryutarou and Mukaiyama, Akio and Takahashi, Shigeo},
  booktitle={Computer Graphics Forum},
  year={2002},
}

@article{zhang2019robust,
  title={Robust invisible video watermarking with attention},
  author={Zhang, Kevin Alex and Xu, Lei and Cuesta-Infante, Alfredo and Veeramachaneni, Kalyan},
  journal={arXiv preprint arXiv:1909.01285},
  year={2019}
}

@inproceedings{weng2019high,
  title={High-capacity convolutional video steganography with temporal residual modeling},
  author={Weng, Xinyu and Li, Yongzhi and Chi, Lu and Mu, Yadong},
  booktitle={Proceedings of the International Conference on Multimedia Retrieval},
  year={2019}
}

@inproceedings{tancik2020stegastamp,
  title={Stegastamp: Invisible hyperlinks in physical photographs},
  author={Tancik, Matthew and Mildenhall, Ben and Ng, Ren},
  booktitle={Proceedings of the IEEE/CVF Conference on Computer Vision and Pattern Recognition},
  year={2020}
}

@inproceedings{wengrowski2019light,
  title={Light field messaging with deep photographic steganography},
  author={Wengrowski, Eric and Dana, Kristin},
  booktitle={Proceedings of the IEEE/CVF Conference on Computer Vision and Pattern Recognition},
  year={2019}
}

@article{ahmadi2020redmark,
  title={ReDMark: Framework for residual diffusion watermarking based on deep networks},
  author={Ahmadi, Mahdi and Norouzi, Alireza and Karimi, Nader and Samavi, Shadrokh and Emami, Ali},
  journal={Expert Systems with Applications},
  year={2020},
}

@article{zhang2020udh,
  title={{UDH}: Universal deep hiding for steganography, watermarking, and light field messaging},
  author={Zhang, Chaoning and Benz, Philipp and Karjauv, Adil and Sun, Geng and Kweon, In So},
  journal={Advances in Neural Information Processing Systems},
  year={2020}
}

@article{mildenhall2019local,
  title={Local light field fusion: Practical view synthesis with prescriptive sampling guidelines},
  author={Mildenhall, Ben and Srinivasan, Pratul P and Ortiz-Cayon, Rodrigo and Kalantari, Nima Khademi and Ramamoorthi, Ravi and Ng, Ren and Kar, Abhishek},
  journal={ACM Transactions on Graphics (TOG)},
  year={2019},
}

@inproceedings{xu20223d,
  title={{3D}-aware image synthesis via learning structural and textural representations},
  author={Xu, Yinghao and Peng, Sida and Yang, Ceyuan and Shen, Yujun and Zhou, Bolei},
  booktitle={Proceedings of the IEEE/CVF Conference on Computer Vision and Pattern Recognition},
  year={2022}
}

@inproceedings{chan2022efficient,
  title={Efficient geometry-aware {3D} generative adversarial networks},
  author={Chan, Eric R and Lin, Connor Z and Chan, Matthew A and Nagano, Koki and Pan, Boxiao and De Mello, Shalini and Gallo, Orazio and Guibas, Leonidas J and Tremblay, Jonathan and Khamis, Sameh and others},
  booktitle={Proceedings of the IEEE/CVF Conference on Computer Vision and Pattern Recognition},
  year={2022}
}

@inproceedings{chan2021pi,
  title={pi-{GAN}: Periodic implicit generative adversarial networks for 3{D}-aware image synthesis},
  author={Chan, Eric R and Monteiro, Marco and Kellnhofer, Petr and Wu, Jiajun and Wetzstein, Gordon},
  booktitle={Proceedings of the IEEE/CVF Conference on Computer Vision and Pattern Recognition},
  year={2021}
}

@article{schwarz2020graf,
  title={{GRAF}: Generative radiance fields for {3D}-aware image synthesis},
  author={Schwarz, Katja and Liao, Yiyi and Niemeyer, Michael and Geiger, Andreas},
  journal={Advances in Neural Information Processing Systems},
  year={2020}
}

@inproceedings{fridovich2022plenoxels,
  title={Plenoxels: Radiance Fields Without Neural Networks},
  author={Fridovich-Keil, Sara and Yu, Alex and Tancik, Matthew and Chen, Qinhong and Recht, Benjamin and Kanazawa, Angjoo},
  booktitle={Proceedings of the IEEE/CVF Conference on Computer Vision and Pattern Recognition},
  year={2022}
}

@article {neff2021donerf,
  journal = {Computer Graphics Forum},
  title = {{DO{N}e{RF}: Towards Real-Time Rendering of Compact Neural Radiance Fields using Depth Oracle Networks}},
  author = {Neff, Thomas and Stadlbauer, Pascal and Parger, Mathias and Kurz, Andreas and Mueller, Joerg H. and Chaitanya, Chakravarty R. Alla and Kaplanyan, Anton S. and Steinberger, Markus},
  year = {2021},
}


@inproceedings{chen2021mvsnerf,
  title={{MVS}{N}e{RF}: Fast generalizable radiance field reconstruction from multi-view stereo},
  author={Chen, Anpei and Xu, Zexiang and Zhao, Fuqiang and Zhang, Xiaoshuai and Xiang, Fanbo and Yu, Jingyi and Su, Hao},
  booktitle={Proceedings of the IEEE/CVF International Conference on Computer Vision},
  year={2021}
}

@inproceedings{lindell2021autoint,
  title={Autoint: Automatic integration for fast neural volume rendering},
  author={Lindell, David B and Martel, Julien NP and Wetzstein, Gordon},
  booktitle={Proceedings of the IEEE/CVF Conference on Computer Vision and Pattern Recognition},
  year={2021}
}

@InProceedings{Geometry2022,
author="Chen, Mingfei
and Zhang, Jianfeng
and Xu, Xiangyu
and Liu, Lijuan
and Cai, Yujun
and Feng, Jiashi
and Yan, Shuicheng",
title="Geometry-Guided Progressive {N}e{RF} for Generalizable and Efficient Neural Human Rendering",
booktitle={Proceedings of the European Conference on Computer Vision},
year="2022",
}

@InProceedings{nerf2020_1,
author="",
title="\vspace{-5pt}{N}e{RF}: Representing Scenes as Neural Radiance Fields for View Synthesis",
booktitle="ECCV",
year="2020",
}

@article{lai2010digital,
  title={Digital image watermarking using discrete wavelet transform and singular value decomposition},
  author={Lai, Chih-Chin and Tsai, Cheng-Chih},
  journal={IEEE Transactions on Instrumentation and Measurement},
  year={2010},
}

@inproceedings{jia2021mbrs,
  title={{MBRS}: Enhancing robustness of {DNN}-based watermarking by mini-batch of real and simulated jpeg compression},
  author={Jia, Zhaoyang and Fang, Han and Zhang, Weiming},
  booktitle={Proceedings of the 29th ACM International Conference on Multimedia},
  year={2021}
}

@inproceedings{Huang22StylizedNeRF,
    author = {Huang, Yi-Hua and He, Yue and Yuan, Yu-Jie and Lai, Yu-Kun and Gao, Lin},
    title = {Stylized{N}e{RF}: Consistent {3D} Scene Stylization as Stylized {N}e{RF} via {2D-3D} Mutual Learning},
    booktitle={Proceedings of the IEEE/CVF Conference on Computer Vision and Pattern Recognition},
    year = {2022},
}

@inproceedings{chiang2022stylizing,
  title={Stylizing {3D} scene via implicit representation and hypernetwork},
  author={Chiang, Pei-Ze and Tsai, Meng-Shiun and Tseng, Hung-Yu and Lai, Wei-Sheng and Chiu, Wei-Chen},
  booktitle={Proceedings of the IEEE/CVF Winter Conference on Applications of Computer Vision},
  year={2022}
}

@article{baluja2019hiding,
  title={Hiding images within images},
  author={Baluja, Shumeet},
  journal={IEEE Transactions on Pattern Analysis and Machine Intelligence},
  year={2019},
}

@inproceedings{
zhu2022neural,
title={Neural Transmitted Radiance Fields},
author={Chengxuan Zhu and Renjie Wan and Boxin Shi},
booktitle={Advances in Neural Information Processing Systems},
year={2022},
}

@inproceedings{zhu2023occlusion,
  author    = {Chengxuan Zhu and Renjie Wan and Yunkai Tang and Boxin Shi},
  title     = {Occlusion-Free Scene Recovery via Neural Radiance Fields},
  booktitle   = {Proceedings of the IEEE/CVF Conference on Computer Vision and Pattern Recognition},
  year      = {2023},
}

@inproceedings{luo2023copyrnerf,
  author    = {Ziyuan Luo and Qing Guo and Ka Chun Cheung and Simon See and Renjie Wan},
  title     = {Copy{RN}e{RF}: Protecting the CopyRight of Neural Radiance Fields},
  booktitle   = {Proceedings of the IEEE/CVF International Conference on Computer Vision},
  year      = {2023},
}

@inproceedings{pevny2010using,
  title={Using high-dimensional image models to perform highly undetectable steganography},
  author={Pevn{\`y}, Tom{\'a}{\v{s}} and Filler, Tom{\'a}{\v{s}} and Bas, Patrick},
  booktitle={Information Hiding: 12th International Conference, IH 2010, Calgary, AB, Canada, June 28-30, 2010, Revised Selected Papers 12},
  year={2010},
}

@article{filler2010gibbs,
  title={Gibbs construction in steganography},
  author={Filler, Tom{\'a}{\v{s}} and Fridrich, Jessica},
  journal={IEEE Transactions on Information Forensics and Security},
  year={2010},
}

@inproceedings{holub2012designing,
  title={Designing steganographic distortion using directional filters},
  author={Holub, Vojt{\v{e}}ch and Fridrich, Jessica},
  booktitle={2012 IEEE International workshop on information forensics and security (WIFS)},
  year={2012},
}

@inproceedings{holub2013digital,
  title={Digital image steganography using universal distortion},
  author={Holub, Vojt{\v{e}}ch and Fridrich, Jessica},
  booktitle={Proceedings of the first ACM workshop on Information hiding and multimedia security},
  year={2013}
}

@article{li2014investigation,
  title={Investigation on cost assignment in spatial image steganography},
  author={Li, Bin and Tan, Shunquan and Wang, Ming and Huang, Jiwu},
  journal={IEEE Transactions on Information Forensics and Security},
  year={2014},
}

@article{xie2022adaptive,
  title={Adaptive image steganography using fuzzy enhancement and grey wolf optimizer},
  author={Xie, Jialiang and Wang, Honghui and Wu, Dongrui},
  journal={IEEE Transactions on Fuzzy Systems},
  year={2022},
}

@article{huang2023robust,
  title={Robust Texture-Aware Local Adaptive Image Watermarking with Perceptual Guarantee},
  author={Huang, Ying and Guan, Hu and Liu, Jie and Zhang, Shuwu and Niu, Baoning and Zhang, Guixuan},
  journal={IEEE Transactions on Circuits and Systems for Video Technology},
  year={2023},
}

@article{lai2011improved,
  title={An improved SVD-based watermarking scheme using human visual characteristics},
  author={Lai, Chih-Chin},
  journal={Optics Communications},
  year={2011},
}

@article{makbol2016block,
  title={Block-based discrete wavelet transform-singular value decomposition image watermarking scheme using human visual system characteristics},
  author={Makbol, Nasrin M and Khoo, Bee Ee and Rassem, Taha H},
  journal={IET Image processing},
  year={2016},
}

@article{akhaee2009robust,
  title={Robust scaling-based image watermarking using maximum-likelihood decoder with optimum strength factor},
  author={Akhaee, Mohammad Ali and Sahraeian, S Mohammad Ebrahim and Sankur, Bulent and Marvasti, Farokh},
  journal={IEEE Transactions on Multimedia},
  year={2009},
}

@article{akhaee2009contourlet,
  title={Contourlet-based image watermarking using optimum detector in a noisy environment},
  author={Akhaee, Mohammad Ali and Sahraeian, S Mohammad Ebrahim and Marvasti, Farokh},
  journal={IEEE Transactions on Image Processing},
  year={2009},
}

@article{pan2021seek,
  title={Seek-and-hide: adversarial steganography via deep reinforcement learning},
  author={Pan, Wenwen and Yin, Yanling and Wang, Xinchao and Jing, Yongcheng and Song, Mingli},
  journal={IEEE Transactions on Pattern Analysis and Machine Intelligence},
  year={2021},
}

@article{muller2022instant,
  title={Instant neural graphics primitives with a multiresolution hash encoding},
  author={M{\"u}ller, Thomas and Evans, Alex and Schied, Christoph and Keller, Alexander},
  journal={ACM Transactions on Graphics (ToG)},
  year={2022},
}

@inproceedings{piala2021terminerf,
  title={{TermiNeRF}: Ray termination prediction for efficient neural rendering},
  author={Piala, Martin and Clark, Ronald},
  booktitle={2021 International Conference on 3D Vision (3DV)},
  year={2021},
}

@inproceedings{maddison2016concrete,
  title={The Concrete Distribution: A Continuous Relaxation of Discrete Random Variables},
  author={Maddison, Chris J and Mnih, Andriy and Teh, Yee Whye},
  booktitle={International Conference on Learning Representations},
  year={2016}
}

@inproceedings{meng2022adavit,
  title={Adavit: Adaptive vision transformers for efficient image recognition},
  author={Meng, Lingchen and Li, Hengduo and Chen, Bor-Chun and Lan, Shiyi and Wu, Zuxuan and Jiang, Yu-Gang and Lim, Ser-Nam},
  booktitle={Proceedings of the IEEE/CVF Conference on Computer Vision and Pattern Recognition},
  year={2022}
}

@article{knapitsch2017tanks,
  title={Tanks and temples: Benchmarking large-scale scene reconstruction},
  author={Knapitsch, Arno and Park, Jaesik and Zhou, Qian-Yi and Koltun, Vladlen},
  journal={ACM Transactions on Graphics (ToG)},
  year={2017},
}

@inproceedings{barron2022mip,
  title={{Mip-NeRF} 360: Unbounded anti-aliased neural radiance fields},
  author={Barron, Jonathan T and Mildenhall, Ben and Verbin, Dor and Srinivasan, Pratul P and Hedman, Peter},
  booktitle={Proceedings of the IEEE/CVF Conference on Computer Vision and Pattern Recognition},
  year={2022}
}

@article{wang2004image,
  title={Image quality assessment: from error visibility to structural similarity},
  author={Wang, Zhou and Bovik, Alan C and Sheikh, Hamid R and Simoncelli, Eero P},
  journal={IEEE Transactions on Image Processing},
  year={2004},
}

@inproceedings{madry2018towards,
  title={Towards Deep Learning Models Resistant to Adversarial Attacks},
  author={Madry, Aleksander and Makelov, Aleksandar and Schmidt, Ludwig and Tsipras, Dimitris and Vladu, Adrian},
  booktitle={International Conference on Learning Representations},
  year={2018}
}

@article{zhang2020nerf++,
  title={{NeRF++}: Analyzing and improving neural radiance fields},
  author={Zhang, Kai and Riegler, Gernot and Snavely, Noah and Koltun, Vladlen},
  journal={arXiv preprint arXiv:2010.07492},
  year={2020}
}

@article{wang2021nerfmm,
      title={Ne{RF}$--$: Neural Radiance Fields Without Known Camera Parameters},
      author={Zirui Wang and Shangzhe Wu and Weidi Xie and Min Chen and Victor Adrian Prisacariu},
      journal={arXiv preprint arXiv:2102.07064},
      year={2021}
}

@inproceedings{lin2021barf,
  title={{BaRF}: Bundle-adjusting neural radiance fields},
  author={Lin, Chen-Hsuan and Ma, Wei-Chiu and Torralba, Antonio and Lucey, Simon},
  booktitle={Proceedings of the IEEE/CVF International Conference on Computer Vision},
  year={2021}
}

@inproceedings{barron2021mip,
  title={{Mip-NeRF}: A multiscale representation for anti-aliasing neural radiance fields},
  author={Barron, Jonathan T and Mildenhall, Ben and Tancik, Matthew and Hedman, Peter and Martin-Brualla, Ricardo and Srinivasan, Pratul P},
  booktitle={Proceedings of the IEEE/CVF International Conference on Computer Vision},
  year={2021}
}

@inproceedings{barron2023zip,
  title={{Zip-NeRF}: Anti-aliased grid-based neural radiance fields},
  author={Barron, Jonathan T and Mildenhall, Ben and Verbin, Dor and Srinivasan, Pratul P and Hedman, Peter},
  booktitle={Proceedings of the IEEE/CVF International Conference on Computer Vision},
  year={2023}
}

@inproceedings{hedman2021baking,
  title={Baking neural radiance fields for real-time view synthesis},
  author={Hedman, Peter and Srinivasan, Pratul P and Mildenhall, Ben and Barron, Jonathan T and Debevec, Paul},
  booktitle={Proceedings of the IEEE/CVF International Conference on Computer Vision},
  year={2021}
}

@article{liu2020neural,
  title={Neural sparse voxel fields},
  author={Liu, Lingjie and Gu, Jiatao and Zaw Lin, Kyaw and Chua, Tat-Seng and Theobalt, Christian},
  journal={Advances in Neural Information Processing Systems},
  year={2020}
}

@inproceedings{xu2022point,
  title={{Point-NeRF}: Point-based neural radiance fields},
  author={Xu, Qiangeng and Xu, Zexiang and Philip, Julien and Bi, Sai and Shu, Zhixin and Sunkavalli, Kalyan and Neumann, Ulrich},
  booktitle={Proceedings of the IEEE/CVF Conference on Computer Vision and Pattern Recognition},
  year={2022}
}

@inproceedings{reiser2021kilonerf,
  title={{KiloNeRF}: Speeding up neural radiance fields with thousands of tiny mlps},
  author={Reiser, Christian and Peng, Songyou and Liao, Yiyi and Geiger, Andreas},
  booktitle={Proceedings of the IEEE/CVF International Conference on Computer Vision},
  year={2021}
}

@inproceedings{garbin2021fastnerf,
  title={{FastNeRF}: High-fidelity neural rendering at 200fps},
  author={Garbin, Stephan J and Kowalski, Marek and Johnson, Matthew and Shotton, Jamie and Valentin, Julien},
  booktitle={Proceedings of the IEEE/CVF International Conference on Computer Vision},
  year={2021}
}

@inproceedings{yu2021plenoctrees,
  title={Plenoctrees for real-time rendering of neural radiance fields},
  author={Yu, Alex and Li, Ruilong and Tancik, Matthew and Li, Hao and Ng, Ren and Kanazawa, Angjoo},
  booktitle={Proceedings of the IEEE/CVF International Conference on Computer Vision},
  year={2021}
}

@inproceedings{sun2022direct,
  title={Direct voxel grid optimization: Super-fast convergence for radiance fields reconstruction},
  author={Sun, Cheng and Sun, Min and Chen, Hwann-Tzong},
  booktitle={Proceedings of the IEEE/CVF Conference on Computer Vision and Pattern Recognition},
  year={2022}
}

@inproceedings{chen2022tensorf,
  title={{TensoRF}: Tensorial radiance fields},
  author={Chen, Anpei and Xu, Zexiang and Geiger, Andreas and Yu, Jingyi and Su, Hao},
  booktitle={European Conference on Computer Vision},
  year={2022},
}

@inproceedings{wang2023f2,
  title={{F2-NeRF}: Fast neural radiance field training with free camera trajectories},
  author={Wang, Peng and Liu, Yuan and Chen, Zhaoxi and Liu, Lingjie and Liu, Ziwei and Komura, Taku and Theobalt, Christian and Wang, Wenping},
  booktitle={Proceedings of the IEEE/CVF Conference on Computer Vision and Pattern Recognition},
  year={2023}
}

@inproceedings{
poole2023dreamfusion,
title={{DreamFusion}: Text-to-3D using 2D Diffusion},
author={Ben Poole and Ajay Jain and Jonathan T. Barron and Ben Mildenhall},
booktitle={International Conference on Learning Representations},
year={2023},
}

@inproceedings{lin2023magic3d,
  title={{Magic3D}: High-resolution text-to-{3D} content creation},
  author={Lin, Chen-Hsuan and Gao, Jun and Tang, Luming and Takikawa, Towaki and Zeng, Xiaohui and Huang, Xun and Kreis, Karsten and Fidler, Sanja and Liu, Ming-Yu and Lin, Tsung-Yi},
  booktitle={Proceedings of the IEEE/CVF Conference on Computer Vision and Pattern Recognition},
  year={2023}
}

@inproceedings{metzer2023latent,
  title={{Latent-NeRF} for shape-guided generation of {3D} shapes and textures},
  author={Metzer, Gal and Richardson, Elad and Patashnik, Or and Giryes, Raja and Cohen-Or, Daniel},
  booktitle={Proceedings of the IEEE/CVF Conference on Computer Vision and Pattern Recognition},
  year={2023}
}

@inproceedings{wang2023score,
  title={Score jacobian chaining: Lifting pretrained 2d diffusion models for {3D} generation},
  author={Wang, Haochen and Du, Xiaodan and Li, Jiahao and Yeh, Raymond A and Shakhnarovich, Greg},
  booktitle={Proceedings of the IEEE/CVF Conference on Computer Vision and Pattern Recognition},
  year={2023}
}

@inproceedings{xu2023dream3d,
  title={{Dream3D}: Zero-shot text-to-{3D} synthesis using {3D} shape prior and text-to-image diffusion models},
  author={Xu, Jiale and Wang, Xintao and Cheng, Weihao and Cao, Yan-Pei and Shan, Ying and Qie, Xiaohu and Gao, Shenghua},
  booktitle={Proceedings of the IEEE/CVF Conference on Computer Vision and Pattern Recognition},
  year={2023}
}

@inproceedings{tang2023make,
  title={Make-it-{3D}: High-fidelity {3D} creation from a single image with diffusion prior},
  author={Tang, Junshu and Wang, Tengfei and Zhang, Bo and Zhang, Ting and Yi, Ran and Ma, Lizhuang and Chen, Dong},
  booktitle={Proceedings of the IEEE/CVF International Conference on Computer Vision},
  year={2023}
}

@inproceedings{muller2023diffrf,
  title={{DiffRF}: Rendering-guided {3D} radiance field diffusion},
  author={M{\"u}ller, Norman and Siddiqui, Yawar and Porzi, Lorenzo and Bulo, Samuel Rota and Kontschieder, Peter and Nie{\ss}ner, Matthias},
  booktitle={Proceedings of the IEEE/CVF Conference on Computer Vision and Pattern Recognition},
  year={2023}
}

@article{wang2024prolificdreamer,
  title={{ProlificDreamer}: High-fidelity and diverse text-to-{3D} generation with variational score distillation},
  author={Wang, Zhengyi and Lu, Cheng and Wang, Yikai and Bao, Fan and Li, Chongxuan and Su, Hang and Zhu, Jun},
  journal={Advances in Neural Information Processing Systems},
  year={2024}
}

@inproceedings{cai2022pix2nerf,
  title={{Pix2NeRF}: Unsupervised conditional p-gan for single image to neural radiance fields translation},
  author={Cai, Shengqu and Obukhov, Anton and Dai, Dengxin and Van Gool, Luc},
  booktitle={Proceedings of the IEEE/CVF Conference on Computer Vision and Pattern Recognition},
  year={2022}
}

@inproceedings{son2023singraf,
  title={{SinGRAF}: Learning a {3D} generative radiance field for a single scene},
  author={Son, Minjung and Park, Jeong Joon and Guibas, Leonidas and Wetzstein, Gordon},
  booktitle={Proceedings of the IEEE/CVF Conference on Computer Vision and Pattern Recognition},
  year={2023}
}

@inproceedings{ma2022deblur,
  title={{Deblur-NeRF}: Neural radiance fields from blurry images},
  author={Ma, Li and Li, Xiaoyu and Liao, Jing and Zhang, Qi and Wang, Xuan and Wang, Jue and Sander, Pedro V},
  booktitle={Proceedings of the IEEE/CVF Conference on Computer Vision and Pattern Recognition},
  year={2022}
}

@inproceedings{wang2023bad,
  title={{BAD-NeRF}: Bundle adjusted deblur neural radiance fields},
  author={Wang, Peng and Zhao, Lingzhe and Ma, Ruijie and Liu, Peidong},
  booktitle={Proceedings of the IEEE/CVF Conference on Computer Vision and Pattern Recognition},
  year={2023}
}

@inproceedings{qi2023e2nerf,
  title={{E2NeRF}: Event Enhanced Neural Radiance Fields from Blurry Images},
  author={Qi, Yunshan and Zhu, Lin and Zhang, Yu and Li, Jia},
  booktitle={Proceedings of the IEEE/CVF International Conference on Computer Vision},
  year={2023}
}

@inproceedings{wang2023lighting,
  title={Lighting up {NeRF} via unsupervised decomposition and enhancement},
  author={Wang, Haoyuan and Xu, Xiaogang and Xu, Ke and Lau, Rynson WH},
  booktitle={Proceedings of the IEEE/CVF International Conference on Computer Vision},
  year={2023}
}

@inproceedings{guo2022nerfren,
  title={{NeRFReN}: Neural radiance fields with reflections},
  author={Guo, Yuan-Chen and Kang, Di and Bao, Linchao and He, Yu and Zhang, Song-Hai},
  booktitle={Proceedings of the IEEE/CVF Conference on Computer Vision and Pattern Recognition},
  year={2022}
}

@article{kang2010efficient,
  title={Efficient general print-scanning resilient data hiding based on uniform log-polar mapping},
  author={Kang, Xiangui and Huang, Jiwu and Zeng, Wenjun},
  journal={IEEE Transactions on Information Forensics and Security},
  year={2010}
}

@inproceedings{fang2022pimog,
  title={Pimog: An effective screen-shooting noise-layer simulation for deep-learning-based watermarking network},
  author={Fang, Han and Jia, Zhaoyang and Ma, Zehua and Chang, Ee-Chien and Zhang, Weiming},
  booktitle={Proceedings of the 30th ACM International Conference on Multimedia},
  year={2022}
}

@article{fang2018screen,
  title={Screen-shooting resilient watermarking},
  author={Fang, Han and Zhang, Weiming and Zhou, Hang and Cui, Hao and Yu, Nenghai},
  journal={IEEE Transactions on Information Forensics and Security},
  year={2018}
}

@article{guan2022deepmih,
  title={{DeepMIH}: Deep invertible network for multiple image hiding},
  author={Guan, Zhenyu and Jing, Junpeng and Deng, Xin and Xu, Mai and Jiang, Lai and Zhang, Zhou and Li, Yipeng},
  journal={IEEE Transactions on Pattern Analysis and Machine Intelligence},
  year={2022},
}

@inproceedings{al2019graph,
  title={Graph spectral domain blind watermarking},
  author={Al-Khafaji, Hiba and Abhayaratne, Charith},
  booktitle={IEEE International Conference on Acoustics, Speech and Signal Processing (ICASSP)},
  year={2019},
}

@article{zhou2018distortion,
  title={Distortion design for secure adaptive 3-{D} mesh steganography},
  author={Zhou, Hang and Chen, Kejiang and Zhang, Weiming and Yao, Yuanzhi and Yu, Nenghai},
  journal={IEEE Transactions on Multimedia},
  year={2018},
}

@article{jiang2017reversible,
  title={Reversible data hiding in encrypted three-dimensional mesh models},
  author={Jiang, Ruiqi and Zhou, Hang and Zhang, Weiming and Yu, Nenghai},
  journal={IEEE Transactions on Multimedia},
  year={2017},
}

@article{tsai2022integrating,
  title={Integrating coordinate transformation and random sampling into high-capacity reversible data hiding in encrypted polygonal models},
  author={Tsai, Yuan-Yu and Liu, Hong-Lin},
  journal={IEEE Transactions on Dependable and Secure Computing},
  year={2022},
}

@article{hou2023separable,
  title={Separable Reversible Data Hiding for Encrypted {3D} Mesh Models Based on Octree Subdivision and Multi-MSB Prediction},
  author={Hou, Gangyang and Ou, Bo and Long, Min and Peng, Fei},
  journal={IEEE Transactions on Multimedia},
  year={2023},
}

@inproceedings{zhu2024rethinking,
  title={{Rethinking Mesh Watermark}: Towards Highly Robust and Adaptable Deep {3D} Mesh Watermarking},
  author={Zhu, Xingyu and Ye, Guanhui and Luo, Xiapu and Wei, Xuetao},
  booktitle={Proceedings of the AAAI Conference on Artificial Intelligence},
  year={2024}
}

@article{wang2022deep,
  title={Deep {3D} mesh watermarking with self-adaptive robustness},
  author={Wang, Feng and Zhou, Hang and Fang, Han and Zhang, Weiming and Yu, Nenghai},
  journal={Cybersecurity},
  year={2022},
}

@article{donderi2006visual,
  title={Visual complexity: a review},
  author={Donderi, Don C},
  journal={Psychological bulletin},
  year={2006},
}

@article{forsythe2011predicting,
  title={Predicting beauty: Fractal dimension and visual complexity in art},
  author={Forsythe, Alex and Nadal, Marcos and Sheehy, Noel and Cela-Conde, Camilo J and Sawey, Martin},
  journal={British journal of psychology},
  year={2011},
}

@inproceedings{jain2022zero,
  title={Zero-shot text-guided object generation with dream fields},
  author={Jain, Ajay and Mildenhall, Ben and Barron, Jonathan T and Abbeel, Pieter and Poole, Ben},
  booktitle={Proceedings of the IEEE/CVF Conference on Computer Vision and Pattern Recognition},
  year={2022}
}


@article{wu2020watermarking,
  title={Watermarking neural networks with watermarked images},
  author={Wu, Hanzhou and Liu, Gen and Yao, Yuwei and Zhang, Xinpeng},
  journal={IEEE Transactions on Circuits and Systems for Video Technology},
  year={2020}
}

@inproceedings{li2023steganerf,
  title={Stega{NeRF}: Embedding invisible information within neural radiance fields},
  author={Li, Chenxin and Feng, Brandon Y and Fan, Zhiwen and Pan, Panwang and Wang, Zhangyang},
  booktitle={Proceedings of the IEEE/CVF International Conference on Computer Vision},
  year={2023}
}

@inproceedings{jang2024waterf,
  title={{WateRF}: Robust Watermarks in Radiance Fields for Protection of Copyrights},
  author={Jang, Youngdong and Lee, Dong In and Jang, {MinHyuk} and Kim, Jong Wook and Yang, Feng and Kim, Sangpil},
  booktitle={Proceedings of the IEEE/CVF Conference on Computer Vision and Pattern Recognition},
  year={2024}
}


@article{zhang2021deep,
  title={Deep model intellectual property protection via deep watermarking},
  author={Zhang, Jie and Chen, Dongdong and Liao, Jing and Zhang, Weiming and Feng, Huamin and Hua, Gang and Yu, Nenghai},
  journal={IEEE Transactions on Pattern Analysis and Machine Intelligence},
  year={2021}
}

@article{zhang2024robust,
  title={Robust Model Watermarking for Image Processing Networks via Structure Consistency},
  author={Zhang, Jie and Chen, Dongdong and Liao, Jing and Ma, Zehua and Fang, Han and Zhang, Weiming and Feng, Huamin and Hua, Gang and Yu, Nenghai},
  journal={IEEE Transactions on Pattern Analysis and Machine Intelligence},
  year={2024}
}

@article{fan2021deepipr,
  title={{DeepIPR}: Deep neural network ownership verification with passports},
  author={Fan, Lixin and Ng, Kam Woh and Chan, Chee Seng and Yang, Qiang},
  journal={IEEE Transactions on Pattern Analysis and Machine Intelligence},
  year={2021}
}

@article{li2022fedipr,
  title={{FedIPR}: Ownership verification for federated deep neural network models},
  author={Li, Bowen and Fan, Lixin and Gu, Hanlin and Li, Jie and Yang, Qiang},
  journal={IEEE Transactions on Pattern Analysis and Machine Intelligence},
  year={2022}
}

@inproceedings{fang2023denol,
  title={{DeNoL}: A Few-Shot-Sample-Based Decoupling Noise Layer for Cross-channel Watermarking Robustness},
  author={Fang, Han and Chen, Kejiang and Qiu, Yupeng and Liu, Jiayang and Xu, Ke and Fang, Chengfang and Zhang, Weiming and Chang, Ee-Chien},
  booktitle={Proceedings of the 31st ACM International Conference on Multimedia},
  year={2023}
}

@inproceedings{fang2023flow,
  title={Flow-based robust watermarking with invertible noise layer for black-box distortions},
  author={Fang, Han and Qiu, Yupeng and Chen, Kejiang and Zhang, Jiyi and Zhang, Weiming and Chang, Ee-Chien},
  booktitle={Proceedings of the AAAI Conference on Artificial Intelligence},
  year={2023}
}

@inproceedings{liu2023dear,
  title={{DeAR}: A deep-learning-based audio re-recording resilient watermarking},
  author={Liu, Chang and Zhang, Jie and Fang, Han and Ma, Zehua and Zhang, Weiming and Yu, Nenghai},
  booktitle={Proceedings of the AAAI Conference on Artificial Intelligence},
  year={2023}
}

@article{li2023universal,
  title={{Universal BlackMarks}: key-image-free blackbox multi-bit watermarking of deep neural networks},
  author={Li, Li and Zhang, Weiming and Barni, Mauro},
  journal={IEEE Signal Processing Letters},
  year={2023}
}

@inproceedings{wang2022neural,
  title={Neural Watermarking for {3D} Morphable Models},
  author={Wang, Feng and Zhou, Hang and Zhang, Weiming and Yu, Nenghai},
  booktitle={International Conference on Artificial Intelligence and Security},
  year={2022}
}


@ARTICLE{10478788,
  author={Hedman, Peter and Srinivasan, Pratul P. and Mildenhall, Ben and Reiser, Christian and Barron, Jonathan T. and Debevec, Paul},
  journal={IEEE Transactions on Pattern Analysis and Machine Intelligence}, 
  title={Baking Neural Radiance Fields for Real-Time View Synthesis}, 
  year={2024}
}

@ARTICLE{10496207,
  author={Wang, Guangcong and Wang, Peng and Chen, Zhaoxi and Wang, Wenping and Loy, Chen Change and Liu, Ziwei},
  journal={IEEE Transactions on Pattern Analysis and Machine Intelligence}, 
  title={{PERF}: Panoramic Neural Radiance Field from a Single Panorama}, 
  year={2024}
}

@article{zhou2023nerflix,
  title={{From NeRFLiX to NeRFLiX++}: A General {NeRF}-Agnostic Restorer Paradigm},
  author={Zhou, Kun and Li, Wenbo and Jiang, Nianjuan and Han, Xiaoguang and Lu, Jiangbo},
  journal={IEEE Transactions on Pattern Analysis and Machine Intelligence},
  year={2023}
}

@article{wei2023depth,
  title={Depth-guided optimization of neural radiance fields for indoor multi-view stereo},
  author={Wei, Yi and Liu, Shaohui and Zhou, Jie and Lu, Jiwen},
  journal={IEEE Transactions on Pattern Analysis and Machine Intelligence},
  year={2023}
}

@article{chen2023structnerf,
  title={{StructNeRF}: Neural radiance fields for indoor scenes with structural hints},
  author={Chen, Zheng and Wang, Chen and Guo, Yuan-Chen and Zhang, Song-Hai},
  journal={IEEE Transactions on Pattern Analysis and Machine Intelligence},
  year={2023}
}

@article{verbin2024ref,
  title={{Ref-NeRF}: Structured View-Dependent Appearance for Neural Radiance Fields.},
  author={Verbin, D and Hedman, P and Mildenhall, B and Zickler, T and Barron, JT and Srinivasan, PP},
  journal={IEEE Transactions on Pattern Analysis and Machine Intelligence},
  year={2024}
}

@ARTICLE{10328666,
  author={Nguyen-Ha, Phong and Huynh, Lam and Rahtu, Esa and Matas, Jiri and Heikkilä, Janne},
  journal={IEEE Transactions on Pattern Analysis and Machine Intelligence}, 
  title={Cascaded and Generalizable Neural Radiance Fields for Fast View Synthesis}, 
  year={2024}
}

@article{gao2022mps,
  title={{MPS-NeRF}: Generalizable {3D} human rendering from multiview images},
  author={Gao, Xiangjun and Yang, Jiaolong and Kim, Jongyoo and Peng, Sida and Liu, Zicheng and Tong, Xin},
  journal={IEEE Transactions on Pattern Analysis and Machine Intelligence},
  year={2022},
}

@article{peng2024animatable,
  title={Animatable implicit neural representations for creating realistic avatars from videos},
  author={Peng, Sida and Xu, Zhen and Dong, Junting and Wang, Qianqian and Zhang, Shangzhan and Shuai, Qing and Bao, Hujun and Zhou, Xiaowei},
  journal={IEEE Transactions on Pattern Analysis and Machine Intelligence},
  year={2024}
}

@inproceedings{ziyang2023snerf,
author = {Xie, Ziyang and Zhang, Junge and Li, Wenye and Zhang, Feihu and Zhang, Li},
title = {{S-NeRF}: Neural Radiance Fields for Street Views},
booktitle = {International Conference on Learning Representations},
year = {2023}
}

@article{zheng2024editablenerf,
  title={{EditableNeRF}: Editing Topologically Varying Neural Radiance Fields by Key Points},
  author={Zheng, Chengwei and Lin, Wenbin and Xu, Feng},
  journal={IEEE Transactions on Pattern Analysis and Machine Intelligence},
  year={2024}
}

@article{yuan2023interactive,
  title={Interactive {NeRF} geometry editing with shape priors},
  author={Yuan, Yu-Jie and Sun, Yang-Tian and Lai, Yu-Kun and Ma, Yuewen and Jia, Rongfei and Kobbelt, Leif and Gao, Lin},
  journal={IEEE Transactions on Pattern Analysis and Machine Intelligence},
  year={2023}
}

@article{huang2024nerf,
  title={{NeRF-Texture}: Synthesizing Neural Radiance Field Textures},
  author={Huang, Yi-Hua and Cao, Yan-Pei and Lai, Yu-Kun and Shan, Ying and Gao, Lin},
  journal={IEEE Transactions on Pattern Analysis and Machine Intelligence},
  year={2024}
}

@article{reiser2023merf,
  title={{MERF}: Memory-efficient radiance fields for real-time view synthesis in unbounded scenes},
  author={Reiser, Christian and Szeliski, Rick and Verbin, Dor and Srinivasan, Pratul and Mildenhall, Ben and Geiger, Andreas and Barron, Jon and Hedman, Peter},
  journal={ACM Transactions on Graphics (TOG)},
  year={2023},
}


@inproceedings{tonderski2024neurad,
  title={{NeuRAD}: Neural Rendering for Autonomous Driving},
  author={Tonderski, Adam and Lindstr{\"o}m, Carl and Hess, Georg and Ljungbergh, William and Svensson, Lennart and Petersson, Christoffer},
  booktitle={Proceedings of the IEEE/CVF Conference on Computer Vision and Pattern Recognition},
  year={2024}
}

@inproceedings{chen2023mobilenerf,
  title={{MobileNeRF}: Exploiting the polygon rasterization pipeline for efficient neural field rendering on mobile architectures},
  author={Chen, Zhiqin and Funkhouser, Thomas and Hedman, Peter and Tagliasacchi, Andrea},
  booktitle={Proceedings of the IEEE/CVF Conference on Computer Vision and Pattern Recognition},
  year={2023}
}

@article{gupta2024lightspeed,
  title={{LightSpeed}: Light and Fast Neural Light Fields on Mobile Devices},
  author={Gupta, Aarush and Cao, Junli and Wang, Chaoyang and Hu, Ju and Tulyakov, Sergey and Ren, Jian and Jeni, L{\'a}szl{\'o}},
  journal={Advances in Neural Information Processing Systems},
  year={2024}
}


@inproceedings{ying2022rwn,
  title={{RWN}: Robust watermarking network for image cropping localization},
  author={Ying, Qichao and Hu, Xiaoxiao and Zhang, Xiangyu and Qian, Zhenxing and Li, Sheng and Zhang, Xinpeng},
  booktitle={IEEE International Conference on Image Processing (ICIP)},
  year={2022},
}

@inproceedings{zhou2022robust,
  title={Robust watermarking for video forgery detection with improved imperceptibility and robustness},
  author={Zhou, Yangming and Ying, Qichao and Wang, Yifei and Zhang, Xiangyu and Qian, Zhenxing and Zhang, Xinpeng},
  booktitle={IEEE 24th International Workshop on Multimedia Signal Processing (MMSP)},
  year={2022},
}

@inproceedings{wang2022dtcwt,
  title={A dtcwt-svd based video watermarking resistant to frame rate conversion},
  author={Wang, Yifei and Ying, Qichao and Sun, Yunlong and Qian, Zhenxing and Zhang, Xinpeng},
  booktitle={International Conference on Culture-Oriented Science and Technology (CoST)},
  year={2022},
}

@inproceedings{zeng2023watermarks,
  title={Watermarks for Generative Adversarial Network Based on Steganographic Invisible Backdoor},
  author={Zeng, Yuwei and Tan, Jingxuan and You, Zhengxin and Qian, Zhenxing and Zhang, Xinpeng},
  booktitle={IEEE International Conference on Multimedia and Expo (ICME)},
  year={2023},
}

@inproceedings{liu2023wrap,
  title={{WRAP}: Watermarking Approach Robust Against Film-coating upon Printed Photographs},
  author={Liu, Gaozhi and Si, Yichao and Qian, Zhenxing and Zhang, Xinpeng and Li, Sheng and Peng, Wanli},
  booktitle={Proceedings of the 31st ACM International Conference on Multimedia},
  year={2023}
}

@inproceedings{tan2023deep,
  title={Deep Neural Network Watermarking against Model Extraction Attack},
  author={Tan, Jingxuan and Zhong, Nan and Qian, Zhenxing and Zhang, Xinpeng and Li, Sheng},
  booktitle={Proceedings of the 31st ACM International Conference on Multimedia},
  year={2023}
}

@article{wang2023data,
  title={Data hiding with deep learning: a survey unifying digital watermarking and steganography},
  author={Wang, Zihan and Byrnes, Olivia and Wang, Hu and Sun, Ruoxi and Ma, Congbo and Chen, Huaming and Wu, Qi and Xue, Minhui},
  journal={IEEE Transactions on Computational Social Systems},
  year={2023},
}

@article{meng2018fusion,
  title={A Fusion Steganographic Algorithm Based on Faster R-CNN.},
  author={Meng, Ruohan and Rice, Steven G and Wang, Jin and Sun, Xingming},
  journal={Computers, Materials \& Continua},
  year={2018}
}

@inproceedings{huang2019image,
  title={Image steganography using texture features and GANs},
  author={Huang, Jinjing and Cheng, Shaoyin and Lou, Songhao and Jiang, Fan},
  booktitle={International Joint Conference on Neural Networks (IJCNN)},
  year={2019},
}

@inproceedings{fernandez2023stable,
  title={The stable signature: Rooting watermarks in latent diffusion models},
  author={Fernandez, Pierre and Couairon, Guillaume and J{\'e}gou, Herv{\'e} and Douze, Matthijs and Furon, Teddy},
  booktitle={Proceedings of the IEEE/CVF International Conference on Computer Vision},
  year={2023}
}

@Article{kerbl3Dgaussians,
      author       = {Kerbl, Bernhard and Kopanas, Georgios and Leimk{\"u}hler, Thomas and Drettakis, George},
      title        = {{3D} Gaussian Splatting for Real-Time Radiance Field Rendering},
      journal      = {ACM Transactions on Graphics},
      year         = {2023},
}

@article{cen2023segment,
  title={Segment anything in 3d with {NeRFs}},
  author={Cen, Jiazhong and Zhou, Zanwei and Fang, Jiemin and Shen, Wei and Xie, Lingxi and Jiang, Dongsheng and Zhang, Xiaopeng and Tian, Qi and others},
  journal={Advances in Neural Information Processing Systems},
  year={2023}
}

@article{cen2023segment_pami,
  title={Segment Anything in 3D with Radiance Fields},
  author={Cen, Jiazhong and Fang, Jiemin and Zhou, Zanwei and Yang, Chen and Xie, Lingxi and Zhang, Xiaopeng and Shen, Wei and Tian, Qi},
  journal={arXiv preprint arXiv:2304.12308},
  year={2023}
}

@inproceedings{liu2024sanerf,
  title={SANeRF-HQ: Segment Anything for {NeRF} in High Quality},
  author={Liu, Yichen and Hu, Benran and Tang, Chi-Keung and Tai, Yu-Wing},
  booktitle={Proceedings of the IEEE/CVF Conference on Computer Vision and Pattern Recognition},
  year={2024}
}

@inproceedings{yang2023nerfvs,
  title={{NeRFVS}: Neural radiance fields for free view synthesis via geometry scaffolds},
  author={Yang, Chen and Li, Peihao and Zhou, Zanwei and Yuan, Shanxin and Liu, Bingbing and Yang, Xiaokang and Qiu, Weichao and Shen, Wei},
  booktitle={Proceedings of the IEEE/CVF Conference on Computer Vision and Pattern Recognition},
  year={2023}
}

@article{yang2024gaussianobject,
  title={{GaussianObject}: High-quality {3D} object reconstruction from four views with gaussian splatting},
  author={Yang, Chen and Li, Sikuang and Fang, Jiemin and Liang, Ruofan and Xie, Lingxi and Zhang, Xiaopeng and Shen, Wei and Tian, Qi},
  journal={ACM Transactions on Graphics (TOG)},
  year={2024},
}

@article{chen2024liftimage3d,
  title={{LiftImage3D}: Lifting Any Single Image to {3D} Gaussians with Video Generation Priors},
  author={Chen, Yabo and Yang, Chen and Fang, Jiemin and Zhang, Xiaopeng and Xie, Lingxi and Shen, Wei and Dai, Wenrui and Xiong, Hongkai and Tian, Qi},
  journal={arXiv preprint arXiv:2412.09597},
  year={2024}
}

@inproceedings{wang2024endogslam,
  title={Endogslam: Real-time dense reconstruction and tracking in endoscopic surgeries using gaussian splatting},
  author={Wang, Kailing and Yang, Chen and Wang, Yuehao and Li, Sikuang and Wang, Yan and Dou, Qi and Yang, Xiaokang and Shen, Wei},
  booktitle={International Conference on Medical Image Computing and Computer-Assisted Intervention},
  year={2024},
}

@article{zhao2024chase,
  title={{CHASE}: {3D}-Consistent Human Avatars with Sparse Inputs via Gaussian Splatting and Contrastive Learning},
  author={Zhao, Haoyu and Wang, Hao and Yang, Chen and Shen, Wei},
  journal={arXiv preprint arXiv:2408.09663},
  year={2024}
}

@article{zhao2024sg,
  title={{SG-GS}: Photo-realistic Animatable Human Avatars with Semantically-Guided Gaussian Splatting},
  author={Zhao, Haoyu and Yang, Chen and Wang, Hao and Zhao, Xingyue and Shen, Wei},
  journal={arXiv preprint arXiv:2408.09665},
  year={2024}
}

@inproceedings{li2024endosparse,
  title={EndoSparse: Real-time sparse view synthesis of endoscopic scenes using gaussian splatting},
  author={Li, Chenxin and Feng, Brandon Y and Liu, Yifan and Liu, Hengyu and Wang, Cheng and Yu, Weihao and Yuan, Yixuan},
  booktitle={International Conference on Medical Image Computing and Computer-Assisted Intervention},
  year={2024},
}

@inproceedings{qian20243dgs,
  title={{3DGS-Avatar}: Animatable avatars via deformable {3D} gaussian splatting},
  author={Qian, Zhiyin and Wang, Shaofei and Mihajlovic, Marko and Geiger, Andreas and Tang, Siyu},
  booktitle={Proceedings of the IEEE/CVF Conference on Computer Vision and Pattern Recognition},
  year={2024}
}

@inproceedings{luiten2024dynamic,
  title={Dynamic {3D} gaussians: Tracking by persistent dynamic view synthesis},
  author={Luiten, Jonathon and Kopanas, Georgios and Leibe, Bastian and Ramanan, Deva},
  booktitle={International Conference on 3D Vision (3DV)},
  year={2024},
}

@inproceedings{charatan2024pixelsplat,
  title={{pixelSplat}: {3D} gaussian splats from image pairs for scalable generalizable 3d reconstruction},
  author={Charatan, David and Li, Sizhe Lester and Tagliasacchi, Andrea and Sitzmann, Vincent},
  booktitle={Proceedings of the IEEE/CVF Conference on Computer Vision and Pattern Recognition},
  year={2024}
}