// yolov10 paper
@misc{wang2024yolov10, 
  title={Yolov10: Real-time end-to-end object detection},
  author={Wang, Ao and Chen, Hui and Liu, Lihao and Chen, Kai and Lin, Zijia and Han, Jungong and Ding, Guiguang},
  eprint={2405.14458},
  archivePrefix={arXiv},
  year={2024}
}

@inproceedings{richter2016playing,
  title={Playing for data: Ground truth from computer games},
  author={Richter, Stephan R and Vineet, Vibhav and Roth, Stefan and Koltun, Vladlen},
  booktitle={Computer Vision--ECCV 2016: 14th European Conference, Amsterdam, The Netherlands, October 11-14, 2016, Proceedings, Part II 14},
  pages={102--118},
  year={2016},
  organization={Springer}
}

@inproceedings{qiu2016unrealcv,
  title={Unrealcv: Connecting computer vision to unreal engine},
  author={Qiu, Weichao and Yuille, Alan},
  booktitle={Computer Vision--ECCV 2016 Workshops: Amsterdam, The Netherlands, October 8-10 and 15-16, 2016, Proceedings, Part III 14},
  pages={909--916},
  year={2016},
  organization={Springer}
}

@article{xu2014learning,
  title={Learning a part-based pedestrian detector in a virtual world},
  author={Xu, Jiaolong and V{\'a}zquez, David and L{\'o}pez, Antonio M and Mar{\'\i}n, Javier and Ponsa, Daniel},
  journal={IEEE Transactions on Intelligent Transportation Systems},
  volume={15},
  number={5},
  pages={2121--2131},
  year={2014},
  publisher={IEEE}
}

@article{chaudhary2020water,
  title={Water level prediction from social media images with a multi-task ranking approach},
  author={Chaudhary, Priyanka and D’Aronco, Stefano and Leit{\~a}o, Jo{\~a}o P and Schindler, Konrad and Wegner, Jan D},
  journal={ISPRS Journal of Photogrammetry and Remote Sensing},
  volume={167},
  pages={252--262},
  year={2020},
  publisher={Elsevier}
}

@misc{hamza2024ali,
  title={Ali-AUG: Innovative Approaches to Labeled Data Augmentation using One-Step Diffusion Model},
  author={Hamza, Ali and Lojo, Aizea and N{\'u}{\~n}ez-Marcos, Adrian and Atutxa, Aitziber},
  eprint={2410.18678},
  archivePrefix={arXiv},
  year={2024}
}

@inproceedings{islam2024diffusemix,
  title={DiffuseMix: Label-Preserving Data Augmentation with Diffusion Models},
  author={Islam, Khawar and Zaheer, Muhammad Zaigham and Mahmood, Arif and Nandakumar, Karthik},
  booktitle={Proceedings of the IEEE/CVF Conference on Computer Vision and Pattern Recognition},
  pages={27621--27630},
  year={2024}
}

@article{hong2024wildfire,
  title={Wildfire detection via transfer learning: a survey},
  author={Hong, Ziliang and Hamdan, Emadeldeen and Zhao, Yifei and Ye, Tianxiao and Pan, Hongyi and Cetin, Ahmet Enis},
  journal={Signal, Image and Video Processing},
  volume={18},
  number={1},
  pages={207--214},
  year={2024},
  publisher={Springer}
}

@inproceedings{ethicalcao2018vggface2,
  title={Vggface2: A dataset for recognising faces across pose and age},
  author={Cao, Qiong and Shen, Li and Xie, Weidi and Parkhi, Omkar M and Zisserman, Andrew},
  booktitle={2018 13th IEEE international conference on automatic face \& gesture recognition (FG 2018)},
  pages={67--74},
  year={2018},
  organization={IEEE}
}

@inproceedings{ethicalguo2016ms,
  title={Ms-celeb-1m: A dataset and benchmark for large-scale face recognition},
  author={Guo, Yandong and Zhang, Lei and Hu, Yuxiao and He, Xiaodong and Gao, Jianfeng},
  booktitle={Computer Vision--ECCV 2016: 14th European Conference, Amsterdam, The Netherlands, October 11-14, 2016, Proceedings, Part III 14},
  pages={87--102},
  year={2016},
  organization={Springer}
}

@inproceedings{ethicalkemelmacher2016megaface,
  title={The megaface benchmark: 1 million faces for recognition at scale},
  author={Kemelmacher-Shlizerman, Ira and Seitz, Steven M and Miller, Daniel and Brossard, Evan},
  booktitle={Proceedings of the IEEE conference on computer vision and pattern recognition},
  pages={4873--4882},
  year={2016}
}

@article{delussu2024synthetic,
  title={Synthetic Data for Video Surveillance Applications of Computer Vision: A Review},
  author={Delussu, Rita and Putzu, Lorenzo and Fumera, Giorgio},
  journal={International Journal of Computer Vision},
  pages={1--37},
  year={2024},
  publisher={Springer}
}

@article{wan2024automatic,
  title={Automatic detection of urban flood level with YOLOv8 using flooded vehicle dataset},
  author={Wan, Jiaquan and Qin, Youwei and Shen, Yufang and Yang, Tao and Yan, Xu and Zhang, Shuo and Yang, Guang and Xue, Fengchang and Wang, Quan J},
  journal={Journal of Hydrology},
  volume={639},
  pages={131625},
  year={2024},
  publisher={Elsevier}
}

@misc{shang2024urbanworld,
  title={UrbanWorld: An Urban World Model for 3D City Generation},
  author={Shang, Yu and Lin, Yuming and Zheng, Yu and Fan, Hangyu and Ding, Jingtao and Feng, Jie and Chen, Jiansheng and Tian, Li and Li, Yong},
  eprint={2407.11965},
  archivePrefix={arXiv},
  year={2024}
}

@misc{refzhang2024cityx,
  title={CityX: Controllable Procedural Content Generation for Unbounded 3D Cities},
  author={Zhang, Shougao and Zhou, Mengqi and Wang, Yuxi and Luo, Chuanchen and Wang, Rongyu and Li, Yiwei and Yin, Xucheng and Zhang, Zhaoxiang and Peng, Junran},
  eprint={2407.17572},
  archivePrefix={arXiv},
  year={2024}
}

@inproceedings{refxie2024citydreamer,
  title={Citydreamer: Compositional generative model of unbounded 3d cities},
  author={Xie, Haozhe and Chen, Zhaoxi and Hong, Fangzhou and Liu, Ziwei},
  booktitle={Proceedings of the IEEE/CVF Conference on Computer Vision and Pattern Recognition},
  pages={9666--9675},
  year={2024}
}

@misc{refwu2024unique3d,
  title={Unique3D: High-Quality and Efficient 3D Mesh Generation from a Single Image},
  author={Wu, Kailu and Liu, Fangfu and Cai, Zhihan and Yan, Runjie and Wang, Hanyang and Hu, Yating and Duan, Yueqi and Ma, Kaisheng},
  eprint={2405.20343},
  archivePrefix={arXiv},
  year={2024}
}

//https://github.com/hzxie/CityDreamer
//https://github.com/AiuniAI/Unique3D

// Synthetic Data Relatedwork ...
@inproceedings{refhummel2019leveraging,
  title={Leveraging nvidia omniverse for in situ visualization},
  author={Hummel, Mathias and van Kooten, Kees},
  booktitle={High Performance Computing: ISC High Performance 2019 International Workshops, Frankfurt, Germany, June 16-20, 2019, Revised Selected Papers 34},
  pages={634--642},
  year={2019},
  organization={Springer}
}

@article{ref25Greff2022KubricAS,
  title={Kubric: A scalable dataset generator},
  author={Klaus Greff and Francois Belletti and Lucas Beyer and Carl Doersch and Yilun Du and Daniel Duckworth and David J. Fleet and Dan Gnanapragasam and Florian Golemo and Charles Herrmann and Thomas Kipf and Abhijit Kundu and Dmitry Lagun and Issam Hadj Laradji and Hsueh-Ti Liu and Henning Meyer and Yishu Miao and Derek Nowrouzezahrai and Cengiz Oztireli and Etienne Pot and Noha Radwan and Daniel Rebain and Sara Sabour and Mehdi S. M. Sajjadi and Matan Sela and Vincent Sitzmann and Austin Stone and Deqing Sun and Suhani Vora and Ziyu Wang and Tianhao Wu and Kwang Moo Yi and Fangcheng Zhong and Andrea Tagliasacchi},
  journal={2022 IEEE/CVF Conference on Computer Vision and Pattern Recognition (CVPR)},
  year={2022},
  pages={3739-3751}
}

@misc{ref18Joshi2022SyntheticDI,
  title={Synthetic Data in Human Analysis: A Survey},
  author={Indu Joshi and Marcel Grimmer and Christian Rathgeb and Christoph Busch and François Br{\'e}mond and Antitza Dantcheva},
  eprint={2208.09191},
  archivePrefix={arXiv},
  year={2022},
}

@article{ref19Paulin2023ReviewAA,
  title={Review and analysis of synthetic dataset generation methods and techniques for application in computer vision},
  author={Goran Paulin and Marina Ivasic-Kos},
  journal={Artificial Intelligence Review},
  year={2023},
  pages={1-45}
}

@article{refschieber2024indoor,
  title={Indoor synthetic data generation: A systematic review},
  author={Schieber, Hannah and Demir, Kubilay Can and Kleinbeck, Constantin and Yang, Seung Hee and Roth, Daniel},
  journal={Computer Vision and Image Understanding},
  pages={103907},
  year={2024},
  publisher={Elsevier}
}

@article{refjung2024harnessing,
  title={Harnessing synthetic data for enhanced detection of Pine Wilt Disease: An image classification approach},
  author={Jung, Yonghoon and Byun, Sanghyun and Kim, Bumsoo and Amin, Sareer Ul and Seo, Sanghyun},
  journal={Computers and Electronics in Agriculture},
  volume={218},
  pages={108690},
  year={2024},
  publisher={Elsevier}
}

@article{refrichter2022enhancing,
  title={Enhancing photorealism enhancement},
  author={Richter, Stephan R and AlHaija, Hassan Abu and Koltun, Vladlen},
  journal={IEEE Transactions on Pattern Analysis and Machine Intelligence},
  volume={45},
  number={2},
  pages={1700--1715},
  year={2022},
  publisher={IEEE}
}

@article{wang2024high,
  title={High-fidelity synthetic data applications for data augmentation},
  author={Wang, Zhenchen and Draghi, Barbara and Rotalinti, Ylenia and Lunn, Darren and Myles, Puja},
  year={2024},
  publisher={IntechOpen}
}

@misc{hao2024synthetic,
  title={Synthetic data in AI: Challenges, applications, and ethical implications},
  author={Hao, Shuang and Han, Wenfeng and Jiang, Tao and Li, Yiping and Wu, Haonan and Zhong, Chunlin and Zhou, Zhangjun and Tang, He},
  eprint={2401.01629},
  archivePrefix={arXiv},
  year={2024}
}

@misc{zhu2024odgen,
  title={ODGEN: Domain-specific Object Detection Data Generation with Diffusion Models},
  author={Zhu, Jingyuan and Li, Shiyu and Liu, Yuxuan and Huang, Ping and Shan, Jiulong and Ma, Huimin and Yuan, Jian},
  eprint={2405.15199},
  archivePrefix={arXiv},
  year={2024}
}

@inproceedings{valvano2024controllable,
  title={Controllable Image Synthesis of Industrial Data using Stable Diffusion},
  author={Valvano, Gabriele and Agostino, Antonino and De Magistris, Giovanni and Graziano, Antonino and Veneri, Giacomo},
  booktitle={Proceedings of the IEEE/CVF Winter Conference on Applications of Computer Vision},
  pages={5354--5363},
  year={2024}
}

@article{mittal2023orbit,
  title={Orbit: A unified simulation framework for interactive robot learning environments},
  author={Mittal, Mayank and Yu, Calvin and Yu, Qinxi and Liu, Jingzhou and Rudin, Nikita and Hoeller, David and Yuan, Jia Lin and Singh, Ritvik and Guo, Yunrong and Mazhar, Hammad and others},
  journal={IEEE Robotics and Automation Letters},
  volume={8},
  number={6},
  pages={3740--3747},
  year={2023},
  publisher={IEEE}
}

@article{kokosza2024scintilla,
  title={Scintilla: Simulating Combustible Vegetation for Wildfires},
  author={Kokosza, Andrzej and Wrede, Helge and Gonzalez Esparza, Daniel and Makowski, Milosz and Liu, Daoming and Michels, Dominik L and Pirk, Soren and Palubicki, Wojtek},
  journal={ACM Transactions on Graphics (TOG)},
  volume={43},
  number={4},
  pages={1--21},
  year={2024},
  publisher={ACM New York, NY, USA}
}

@article{amador2024cyclogenesis,
  title={Cyclogenesis: Simulating Hurricanes and Tornadoes},
  author={Amador Herrera, Jorge Alejandro and Klein, Jonathan and Liu, Daoming and Pa{\l}ubicki, Wojtek and Pirk, S{\"o}ren and Michels, Dominik L},
  journal={ACM Transactions on Graphics (TOG)},
  volume={43},
  number={4},
  pages={1--16},
  year={2024},
  publisher={ACM New York, NY, USA}
}

@inproceedings{lee2024learning,
  title={Learning to Control Camera Exposure via Reinforcement Learning},
  author={Lee, Kyunghyun and Shin, Ukcheol and Lee, Byeong-Uk},
  booktitle={Proceedings of the IEEE/CVF Conference on Computer Vision and Pattern Recognition},
  pages={2975--2983},
  year={2024}
}

@misc{ebadi2022psp,
  title={PSP-HDRI $+ $: A Synthetic Dataset Generator for Pre-Training of Human-Centric Computer Vision Models},
  author={Ebadi, Salehe Erfanian and Dhakad, Saurav and Vishwakarma, Sanjay and Wang, Chunpu and Jhang, You-Cyuan and Chociej, Maciek and Crespi, Adam and Thaman, Alex and Ganguly, Sujoy},
  eprint={2207.05025},
  archivePrefix={arXiv},
  year={2022}
}

@inproceedings{zhou2024towards,
  title={Towards building ai-cps with nvidia isaac sim: An industrial benchmark and case study for robotics manipulation},
  author={Zhou, Zhehua and Song, Jiayang and Xie, Xuan and Shu, Zhan and Ma, Lei and Liu, Dikai and Yin, Jianxiong and See, Simon},
  booktitle={Proceedings of the 46th International Conference on Software Engineering: Software Engineering in Practice},
  pages={263--274},
  year={2024}
}

// flood

@article{floodwu2024identification,
  title={Identification of flood depth levels in urban waterlogging disaster caused by rainstorm using a CBAM-improved ResNet50},
  author={Wu, Luyuan and Liu, Yunxiu and Zhang, Jianwei and Zhang, Boyang and Wang, Zifa and Tong, Jingbo and Li, Meng and Zhang, Anqi},
  journal={Expert Systems with Applications},
  pages={124382},
  year={2024},
  publisher={Elsevier}
}

@article{floodzhong2024detection,
  title={Detection of urban flood inundation from traffic images using deep learning methods},
  author={Zhong, Pengcheng and Liu, Yueyi and Zheng, Hang and Zhao, Jianshi},
  journal={Water Resources Management},
  volume={38},
  number={1},
  pages={287--301},
  year={2024},
  publisher={Springer}
}

@article{floodgao2024measuring,
  title={Measuring urban waterlogging depths from video images based on reference objects},
  author={Gao, Kai and Yang, Zhiyong and Gao, Xichao and Shao, Weiwei and Wei, Haokun and Xu, Tianyin},
  journal={Journal of Flood Risk Management},
  volume={17},
  number={1},
  pages={e12948},
  year={2024},
  publisher={Wiley Online Library}
}

@article{floodkaranjit2023floodimg,
  title={FloodIMG: flood image DataBase system},
  author={Karanjit, R and Pally, R and Samadi, S},
  journal={Data in brief},
  volume={48},
  pages={109164},
  year={2023},
  publisher={Elsevier}
}

@article{floodpally2022application,
  title={Application of image processing and convolutional neural networks for flood image classification and semantic segmentation},
  author={Pally, RJ and Samadi, S},
  journal={Environmental modelling \& software},
  volume={148},
  pages={105285},
  year={2022},
  publisher={Elsevier}
}

@article{floodlo2021deep,
  title={Deep sensing of urban waterlogging},
  author={Lo, Shi-Wei and Wu, Jyh-Horng and Chang, Jo-Yu and Tseng, Chien-Hao and Lin, Meng-Wei and Lin, Fang-Pang},
  journal={IEEE Access},
  volume={9},
  pages={127185--127203},
  year={2021},
  publisher={IEEE}
}

@inproceedings{lin2023magic3d,
  title={Magic3d: High-resolution text-to-3d content creation},
  author={Lin, Chen-Hsuan and Gao, Jun and Tang, Luming and Takikawa, Towaki and Zeng, Xiaohui and Huang, Xun and Kreis, Karsten and Fidler, Sanja and Liu, Ming-Yu and Lin, Tsung-Yi},
  booktitle={Proceedings of the IEEE/CVF Conference on Computer Vision and Pattern Recognition},
  pages={300--309},
  year={2023}
}

@article{khullar2023synthetic,
  title={Synthetic data generation for scarce road scene detection scenarios},
  author={Khullar, Dipika and Sokhandan, Negin and Kulkarni, Ninad and Shah, Yash},
  year={2023}
}

@inproceedings{muhammad2020eigen,
  title={Eigen-cam: Class activation map using principal components},
  author={Muhammad, Mohammed Bany and Yeasin, Mohammed},
  booktitle={2020 international joint conference on neural networks (IJCNN)},
  pages={1--7},
  year={2020},
  organization={IEEE}
}

@misc{rawal2023synthetic,
  title={Synthetic data generation for bridging Sim2Real gap in a production environment},
  author={Rawal, Parth and Sompura, Mrunal and Hintze, Wolfgang},
  eprint={2311.11039},
  archivePrefix={arXiv},
  year={2023}
}

@article{kim2024early,
  title={Early Fire Detection System by Using Automatic Synthetic Dataset Generation Model Based on Digital Twins},
  author={Kim, Hyeon-Cheol and Lam, Hoang-Khanh and Lee, Suk-Hwan and Ok, Soo-Yol},
  journal={Applied Sciences},
  volume={14},
  number={5},
  pages={1801},
  year={2024},
  publisher={MDPI}
}