@article{amador2024cyclogenesis,
  title={Cyclogenesis: Simulating Hurricanes and Tornadoes},
  author={Amador Herrera, Jorge Alejandro and Klein, Jonathan and Liu, Daoming and Pa{\l}ubicki, Wojtek and Pirk, S{\"o}ren and Michels, Dominik L},
  journal={ACM Transactions on Graphics (TOG)},
  volume={43},
  number={4},
  pages={1--16},
  year={2024},
  publisher={ACM New York, NY, USA}
}

@misc{ebadi2022psp,
  title={PSP-HDRI $+ $: A Synthetic Dataset Generator for Pre-Training of Human-Centric Computer Vision Models},
  author={Ebadi, Salehe Erfanian and Dhakad, Saurav and Vishwakarma, Sanjay and Wang, Chunpu and Jhang, You-Cyuan and Chociej, Maciek and Crespi, Adam and Thaman, Alex and Ganguly, Sujoy},
  eprint={2207.05025},
  archivePrefix={arXiv},
  year={2022}
}

@article{floodkaranjit2023floodimg,
  title={FloodIMG: flood image DataBase system},
  author={Karanjit, R and Pally, R and Samadi, S},
  journal={Data in brief},
  volume={48},
  pages={109164},
  year={2023},
  publisher={Elsevier}
}

@article{floodlo2021deep,
  title={Deep sensing of urban waterlogging},
  author={Lo, Shi-Wei and Wu, Jyh-Horng and Chang, Jo-Yu and Tseng, Chien-Hao and Lin, Meng-Wei and Lin, Fang-Pang},
  journal={IEEE Access},
  volume={9},
  pages={127185--127203},
  year={2021},
  publisher={IEEE}
}

@article{floodpally2022application,
  title={Application of image processing and convolutional neural networks for flood image classification and semantic segmentation},
  author={Pally, RJ and Samadi, S},
  journal={Environmental modelling \& software},
  volume={148},
  pages={105285},
  year={2022},
  publisher={Elsevier}
}

@article{floodwu2024identification,
  title={Identification of flood depth levels in urban waterlogging disaster caused by rainstorm using a CBAM-improved ResNet50},
  author={Wu, Luyuan and Liu, Yunxiu and Zhang, Jianwei and Zhang, Boyang and Wang, Zifa and Tong, Jingbo and Li, Meng and Zhang, Anqi},
  journal={Expert Systems with Applications},
  pages={124382},
  year={2024},
  publisher={Elsevier}
}

@article{floodzhong2024detection,
  title={Detection of urban flood inundation from traffic images using deep learning methods},
  author={Zhong, Pengcheng and Liu, Yueyi and Zheng, Hang and Zhao, Jianshi},
  journal={Water Resources Management},
  volume={38},
  number={1},
  pages={287--301},
  year={2024},
  publisher={Springer}
}

@misc{hao2024synthetic,
  title={Synthetic data in AI: Challenges, applications, and ethical implications},
  author={Hao, Shuang and Han, Wenfeng and Jiang, Tao and Li, Yiping and Wu, Haonan and Zhong, Chunlin and Zhou, Zhangjun and Tang, He},
  eprint={2401.01629},
  archivePrefix={arXiv},
  year={2024}
}

@article{kokosza2024scintilla,
  title={Scintilla: Simulating Combustible Vegetation for Wildfires},
  author={Kokosza, Andrzej and Wrede, Helge and Gonzalez Esparza, Daniel and Makowski, Milosz and Liu, Daoming and Michels, Dominik L and Pirk, Soren and Palubicki, Wojtek},
  journal={ACM Transactions on Graphics (TOG)},
  volume={43},
  number={4},
  pages={1--21},
  year={2024},
  publisher={ACM New York, NY, USA}
}

@inproceedings{lee2024learning,
  title={Learning to Control Camera Exposure via Reinforcement Learning},
  author={Lee, Kyunghyun and Shin, Ukcheol and Lee, Byeong-Uk},
  booktitle={Proceedings of the IEEE/CVF Conference on Computer Vision and Pattern Recognition},
  pages={2975--2983},
  year={2024}
}

@article{mittal2023orbit,
  title={Orbit: A unified simulation framework for interactive robot learning environments},
  author={Mittal, Mayank and Yu, Calvin and Yu, Qinxi and Liu, Jingzhou and Rudin, Nikita and Hoeller, David and Yuan, Jia Lin and Singh, Ritvik and Guo, Yunrong and Mazhar, Hammad and others},
  journal={IEEE Robotics and Automation Letters},
  volume={8},
  number={6},
  pages={3740--3747},
  year={2023},
  publisher={IEEE}
}

@article{ref25Greff2022KubricAS,
  title={Kubric: A scalable dataset generator},
  author={Klaus Greff and Francois Belletti and Lucas Beyer and Carl Doersch and Yilun Du and Daniel Duckworth and David J. Fleet and Dan Gnanapragasam and Florian Golemo and Charles Herrmann and Thomas Kipf and Abhijit Kundu and Dmitry Lagun and Issam Hadj Laradji and Hsueh-Ti Liu and Henning Meyer and Yishu Miao and Derek Nowrouzezahrai and Cengiz Oztireli and Etienne Pot and Noha Radwan and Daniel Rebain and Sara Sabour and Mehdi S. M. Sajjadi and Matan Sela and Vincent Sitzmann and Austin Stone and Deqing Sun and Suhani Vora and Ziyu Wang and Tianhao Wu and Kwang Moo Yi and Fangcheng Zhong and Andrea Tagliasacchi},
  journal={2022 IEEE/CVF Conference on Computer Vision and Pattern Recognition (CVPR)},
  year={2022},
  pages={3739-3751}
}

@inproceedings{refhummel2019leveraging,
  title={Leveraging nvidia omniverse for in situ visualization},
  author={Hummel, Mathias and van Kooten, Kees},
  booktitle={High Performance Computing: ISC High Performance 2019 International Workshops, Frankfurt, Germany, June 16-20, 2019, Revised Selected Papers 34},
  pages={634--642},
  year={2019},
  organization={Springer}
}

@article{refjung2024harnessing,
  title={Harnessing synthetic data for enhanced detection of Pine Wilt Disease: An image classification approach},
  author={Jung, Yonghoon and Byun, Sanghyun and Kim, Bumsoo and Amin, Sareer Ul and Seo, Sanghyun},
  journal={Computers and Electronics in Agriculture},
  volume={218},
  pages={108690},
  year={2024},
  publisher={Elsevier}
}

@article{refrichter2022enhancing,
  title={Enhancing photorealism enhancement},
  author={Richter, Stephan R and AlHaija, Hassan Abu and Koltun, Vladlen},
  journal={IEEE Transactions on Pattern Analysis and Machine Intelligence},
  volume={45},
  number={2},
  pages={1700--1715},
  year={2022},
  publisher={IEEE}
}

@article{refschieber2024indoor,
  title={Indoor synthetic data generation: A systematic review},
  author={Schieber, Hannah and Demir, Kubilay Can and Kleinbeck, Constantin and Yang, Seung Hee and Roth, Daniel},
  journal={Computer Vision and Image Understanding},
  pages={103907},
  year={2024},
  publisher={Elsevier}
}

@misc{refwu2024unique3d,
  title={Unique3D: High-Quality and Efficient 3D Mesh Generation from a Single Image},
  author={Wu, Kailu and Liu, Fangfu and Cai, Zhihan and Yan, Runjie and Wang, Hanyang and Hu, Yating and Duan, Yueqi and Ma, Kaisheng},
  eprint={2405.20343},
  archivePrefix={arXiv},
  year={2024}
}

@inproceedings{refxie2024citydreamer,
  title={Citydreamer: Compositional generative model of unbounded 3d cities},
  author={Xie, Haozhe and Chen, Zhaoxi and Hong, Fangzhou and Liu, Ziwei},
  booktitle={Proceedings of the IEEE/CVF Conference on Computer Vision and Pattern Recognition},
  pages={9666--9675},
  year={2024}
}

@misc{refzhang2024cityx,
  title={CityX: Controllable Procedural Content Generation for Unbounded 3D Cities},
  author={Zhang, Shougao and Zhou, Mengqi and Wang, Yuxi and Luo, Chuanchen and Wang, Rongyu and Li, Yiwei and Yin, Xucheng and Zhang, Zhaoxiang and Peng, Junran},
  eprint={2407.17572},
  archivePrefix={arXiv},
  year={2024}
}

@misc{shang2024urbanworld,
  title={UrbanWorld: An Urban World Model for 3D City Generation},
  author={Shang, Yu and Lin, Yuming and Zheng, Yu and Fan, Hangyu and Ding, Jingtao and Feng, Jie and Chen, Jiansheng and Tian, Li and Li, Yong},
  eprint={2407.11965},
  archivePrefix={arXiv},
  year={2024}
}

@inproceedings{valvano2024controllable,
  title={Controllable Image Synthesis of Industrial Data using Stable Diffusion},
  author={Valvano, Gabriele and Agostino, Antonino and De Magistris, Giovanni and Graziano, Antonino and Veneri, Giacomo},
  booktitle={Proceedings of the IEEE/CVF Winter Conference on Applications of Computer Vision},
  pages={5354--5363},
  year={2024}
}

@article{wan2024automatic,
  title={Automatic detection of urban flood level with YOLOv8 using flooded vehicle dataset},
  author={Wan, Jiaquan and Qin, Youwei and Shen, Yufang and Yang, Tao and Yan, Xu and Zhang, Shuo and Yang, Guang and Xue, Fengchang and Wang, Quan J},
  journal={Journal of Hydrology},
  volume={639},
  pages={131625},
  year={2024},
  publisher={Elsevier}
}

@article{wang2024high,
  title={High-fidelity synthetic data applications for data augmentation},
  author={Wang, Zhenchen and Draghi, Barbara and Rotalinti, Ylenia and Lunn, Darren and Myles, Puja},
  year={2024},
  publisher={IntechOpen}
}

@misc{zhu2024odgen,
  title={ODGEN: Domain-specific Object Detection Data Generation with Diffusion Models},
  author={Zhu, Jingyuan and Li, Shiyu and Liu, Yuxuan and Huang, Ping and Shan, Jiulong and Ma, Huimin and Yuan, Jian},
  eprint={2405.15199},
  archivePrefix={arXiv},
  year={2024}
}

