@inproceedings{feng2023fractional,
  title={Fractional denoising for 3d molecular pre-training},
  author={Feng, Shikun and Ni, Yuyan and Lan, Yanyan and Ma, Zhi-Ming and Ma, Wei-Ying},
  booktitle={International Conference on Machine Learning},
  pages={9938--9961},
  year={2023},
}

@inproceedings{hou2022graphmae,
  title={Graphmae: Self-supervised masked graph autoencoders},
  author={Hou, Zhenyu and Liu, Xiao and Cen, Yukuo and Dong, Yuxiao and Yang, Hongxia and Wang, Chunjie and Tang, Jie},
  booktitle={Proceedings of the 28th ACM SIGKDD Conference on Knowledge Discovery and Data Mining},
  pages={594--604},
  year={2022}
}

@inproceedings{hu2019strategies,
  title={Strategies for pre-training graph neural networks},
  author={Hu, Weihua and Liu, Bowen and Gomes, Joseph and Zitnik, Marinka and Liang, Percy and Pande, Vijay and Leskovec, Jure},
  booktitle    = {International Conference on Learning Representations, {ICLR} 2020},
  year={2020}
}

@article{inae2023motif,
  title={Motif-aware attribute masking for molecular graph pre-training},
  author={Inae, Eric and Liu, Gang and Jiang, Meng},
  journal={arXiv preprint arXiv:2309.04589},
  year={2023}
}

@article{kim2022graph,
  title={Graph self-supervised learning with accurate discrepancy learning},
  author={Kim, Dongki and Baek, Jinheon and Hwang, Sung Ju},
  journal={Advances in Neural Information Processing Systems},
  volume={35},
  pages={14085--14098},
  year={2022}
}

@inproceedings{liao2023equiformer,
title={Equiformer: Equivariant Graph Attention Transformer for 3D Atomistic Graphs},
author={Liao, Yi-Lun and Smidt, Tess},
booktitle={The Eleventh International Conference on Learning Representations },
year={2023},
}

@article{lu2023highly,
  title={Highly accurate quantum chemical property prediction with uni-mol+},
  author={Lu, Shuqi and Gao, Zhifeng and He, Di and Zhang, Linfeng and Ke, Guolin},
  journal={arXiv preprint arXiv:2303.16982},
  year={2023}
}

@inproceedings{passaro2023reducing,
  author={Passaro, Saro and Zitnick, C Lawrence},
  title        = {Reducing {SO(3)} Convolutions to {SO(2)} for Efficient Equivariant
                  GNNs},
  series       = {Proceedings of Machine Learning Research},
  volume       = {202},
  pages        = {27420--27438},
  publisher    = {{PMLR}},
  year         = {2023},
}

@article{rong2020self,
  title={Self-supervised graph transformer on large-scale molecular data},
  author={Rong, Yu and Bian, Yatao and Xu, Tingyang and Xie, Weiyang and Wei, Ying and Huang, Wenbing and Huang, Junzhou},
  journal={Advances in neural information processing systems},
  volume={33},
  pages={12559--12571},
  year={2020}
}

@article{zhang2021motif,
  title={Motif-based graph self-supervised learning for molecular property prediction},
  author={Zhang, Zaixi and Liu, Qi and Wang, Hao and Lu, Chengqiang and Lee, Chee-Kong},
  journal={Advances in Neural Information Processing Systems},
  volume={34},
  pages={15870--15882},
  year={2021}
}

