@incollection{Bengio+chapter2007,
author = {Bengio, Yoshua and LeCun, Yann},
booktitle = {Large Scale Kernel Machines},
publisher = {MIT Press},
title = {Scaling Learning Algorithms Towards {AI}},
year = {2007}
}

@misc{pope1999electronic,
  title={Electronic Processes in Organic Crystals and Polymers},
  author={Pope, M},
  year={1999},
  publisher={Oxford University Press}
}

@article{gasteiger2020fast,
  title={Fast and uncertainty-aware directional message passing for non-equilibrium molecules},
  author={Gasteiger, Johannes and Giri, Shankari and Margraf, Johannes T and G{\"u}nnemann, Stephan},
  journal={arXiv preprint arXiv:2011.14115},
  year={2020}
}

@inproceedings{luo2022one,
  title={One transformer can understand both 2d \& 3d molecular data},
  author={Luo, Shengjie and Chen, Tianlang and Xu, Yixian and Zheng, Shuxin and Liu, Tie-Yan and Wang, Liwei and He, Di},
  booktitle={The Eleventh International Conference on Learning Representations},
  year={2022}
}

@inproceedings{jiao2023energy,
  title={Energy-motivated equivariant pretraining for 3d molecular graphs},
  author={Jiao, Rui and Han, Jiaqi and Huang, Wenbing and Rong, Yu and Liu, Yang},
  booktitle={Proceedings of the AAAI Conference on Artificial Intelligence},
  volume={37},
  number={7},
  pages={8096--8104},
  year={2023}
}

@article{liu2022molecular,
  title={Molecular geometry pretraining with se (3)-invariant denoising distance matching},
  author={Liu, Shengchao and Guo, Hongyu and Tang, Jian},
  journal={arXiv preprint arXiv:2206.13602},
  year={2022}
}

@article{Hinton06,
author = {Hinton, Geoffrey E. and Osindero, Simon and Teh, Yee Whye},
journal = {Neural Computation},
pages = {1527--1554},
title = {A Fast Learning Algorithm for Deep Belief Nets},
volume = {18},
year = {2006}
}

@book{goodfellow2016deep,
title={Deep learning},
author={Goodfellow, Ian and Bengio, Yoshua and Courville, Aaron and Bengio, Yoshua},
volume={1},
year={2016},
publisher={MIT Press}
}

@inproceedings{devlin-etal-2019-bert,
    title = {{BERT}: Pre-training of Deep Bidirectional Transformers for Language Understanding},
    author = {Devlin, Jacob  and
      Chang, Ming-Wei  and
      Lee, Kenton  and
      Toutanova, Kristina},
    booktitle = {Proceedings of the 2019 Conference of the North {A}merican Chapter of the Association for Computational Linguistics: Human Language Technologies, Volume 1 (Long and Short Papers)},
    year = {2019},
}

@book{shaik2007chemist,
  title={A chemist's guide to valence bond theory},
  author={Shaik, Sason S and Hiberty, Philippe C},
  year={2007},
  publisher={John Wiley \& Sons}
}

@inproceedings{chen2021pre,
  title={Pre-trained image processing transformer},
  author={Chen, Hanting and Wang, Yunhe and Guo, Tianyu and Xu, Chang and Deng, Yiping and Liu, Zhenhua and Ma, Siwei and Xu, Chunjing and Xu, Chao and Gao, Wen},
  booktitle={Proceedings of the IEEE/CVF conference on computer vision and pattern recognition},
  pages={12299--12310},
  year={2021}
}

@article{ponder2003force,
  title={Force fields for protein simulations},
  author={Ponder, Jay W and Case, David A},
  journal={Advances in protein chemistry},
  volume={66},
  pages={27--85},
  year={2003},
}

@book{messiah2014quantum,
  title={Quantum mechanics},
  author={Messiah, Albert},
  year={2014},
  publisher={Courier Corporation}
}

@inproceedings{
ni2024sliced,
title={Sliced Denoising: A Physics-Informed Molecular Pre-Training Method},
author={Yuyan Ni and Shikun Feng and Wei-Ying Ma and Zhi-Ming Ma and Yanyan Lan},
booktitle={The Twelfth International Conference on Learning Representations},
year={2024},
}

@article{chmiela2017machine,
  title={Machine learning of accurate energy-conserving molecular force fields},
  author={Chmiela, Stefan and Tkatchenko, Alexandre and Sauceda, Huziel E and Poltavsky, Igor and Sch{\"u}tt, Kristof T and M{\"u}ller, Klaus-Robert},
  journal={Science advances},
  volume={3},
  number={5},
  pages={e1603015},
  year={2017},
}

@article{hasselgren2024artificial,
  title={Artificial intelligence for drug discovery: Are we there yet?},
  author={Hasselgren, Catrin and Oprea, Tudor I},
  journal={Annual Review of Pharmacology and Toxicology},
  volume={64},
  number={1},
  pages={527--550},
  year={2024},
}

@inproceedings{borgeaud2022improving,
  title={Improving language models by retrieving from trillions of tokens},
  author={Borgeaud, Sebastian and Mensch, Arthur and Hoffmann, Jordan and Cai, Trevor and Rutherford, Eliza and Millican, Katie and Van Den Driessche, George Bm and Lespiau, Jean-Baptiste and Damoc, Bogdan and Clark, Aidan and others},
  booktitle={International conference on machine learning},
  pages={2206--2240},
  year={2022},
}

@inproceedings{feng2023fractional,
  title={Fractional denoising for 3d molecular pre-training},
  author={Feng, Shikun and Ni, Yuyan and Lan, Yanyan and Ma, Zhi-Ming and Ma, Wei-Ying},
  booktitle={International Conference on Machine Learning},
  pages={9938--9961},
  year={2023},
}

@inproceedings{
zaidi2023pretraining,
title={Pre-training via Denoising for Molecular Property Prediction},
author={Sheheryar Zaidi and Michael Schaarschmidt and James Martens and Hyunjik Kim and Yee Whye Teh and Alvaro Sanchez-Gonzalez and Peter Battaglia and Razvan Pascanu and Jonathan Godwin},
booktitle={The Eleventh International Conference on Learning Representations },
year={2023},
}

@article{inae2023motif,
  title={Motif-aware attribute masking for molecular graph pre-training},
  author={Inae, Eric and Liu, Gang and Jiang, Meng},
  journal={arXiv preprint arXiv:2309.04589},
  year={2023}
}

@inproceedings{hu2019strategies,
  title={Strategies for pre-training graph neural networks},
  author={Hu, Weihua and Liu, Bowen and Gomes, Joseph and Zitnik, Marinka and Liang, Percy and Pande, Vijay and Leskovec, Jure},
  booktitle    = {International Conference on Learning Representations, {ICLR} 2020},
  year={2020}
}

@article{battaglia2018relational,
  title={Relational inductive biases, deep learning, and graph networks},
  author={Battaglia, Peter W and Hamrick, Jessica B and Bapst, Victor and Sanchez-Gonzalez, Alvaro and Zambaldi, Vinicius and Malinowski, Mateusz and Tacchetti, Andrea and Raposo, David and Santoro, Adam and Faulkner, Ryan and others},
  journal={arXiv preprint arXiv:1806.01261},
  year={2018}
}

@article{joshi2023expressive,
  title={On the expressive power of geometric graph neural networks},
  author={Joshi, Chaitanya K and Bodnar, Cristian and Mathis, Simon V and Cohen, Taco and Li{\`o}, Pietro},
  journal={arXiv preprint arXiv:2301.09308},
  year={2023}
}

@inproceedings{cesa2021program,
  title={A program to build E (N)-equivariant steerable CNNs},
  author={Cesa, Gabriele and Lang, Leon and Weiler, Maurice},
  booktitle={International Conference on Learning Representations},
  year={2021}
}

@article{kofinas2021roto,
  title={Roto-translated local coordinate frames for interacting dynamical systems},
  author={Kofinas, Miltiadis and Nagaraja, Naveen and Gavves, Efstratios},
  journal={Advances in Neural Information Processing Systems},
  volume={34},
  pages={6417--6429},
  year={2021}
}

@article{finzi2021residual,
  title={Residual pathway priors for soft equivariance constraints},
  author={Finzi, Marc and Benton, Gregory and Wilson, Andrew G},
  journal={Advances in Neural Information Processing Systems},
  volume={34},
  pages={30037--30049},
  year={2021}
}

@article{liu2021spherical,
  title={Spherical message passing for 3d graph networks},
  author={Liu, Yi and Wang, Limei and Liu, Meng and Zhang, Xuan and Oztekin, Bora and Ji, Shuiwang},
  journal={ICLR2022},
  year={2021}
}

@inproceedings{finzi2020generalizing,
  title={Generalizing convolutional neural networks for equivariance to lie groups on arbitrary continuous data},
  author={Finzi, Marc and Stanton, Samuel and Izmailov, Pavel and Wilson, Andrew Gordon},
  booktitle={International Conference on Machine Learning},
  pages={3165--3176},
  year={2020},
  organization={PMLR}
}

@article{miller2020relevance,
  title={Relevance of rotationally equivariant convolutions for predicting molecular properties},
  author={Miller, Benjamin Kurt and Geiger, Mario and Smidt, Tess E and No{\'e}, Frank},
  journal={arXiv preprint arXiv:2008.08461},
  year={2020}
}

@article{klicpera2020fast,
  title={Fast and uncertainty-aware directional message passing for non-equilibrium molecules},
  author={Klicpera, Johannes and Giri, Shankari and Margraf, Johannes T and G{\"u}nnemann, Stephan},
  journal={arXiv preprint arXiv:2011.14115},
  year={2020}
}

@article{paszke2019pytorch,
  title={Pytorch: An imperative style, high-performance deep learning library},
  author={Paszke, Adam and Gross, Sam and Massa, Francisco and Lerer, Adam and Bradbury, James and Chanan, Gregory and Killeen, Trevor and Lin, Zeming and Gimelshein, Natalia and Antiga, Luca and others},
  journal={Advances in neural information processing systems},
  volume={32},
  year={2019}
}

@article{anderson2019cormorant,
  title={Cormorant: Covariant molecular neural networks},
  author={Anderson, Brandon and Hy, Truong Son and Kondor, Risi},
  journal={Advances in neural information processing systems},
  volume={32},
  year={2019}
}


@article{ramakrishnan2014quantum,
  title={Quantum chemistry structures and properties of 134 kilo molecules},
  author={Ramakrishnan, Raghunathan and Dral, Pavlo O and Rupp, Matthias and Von Lilienfeld, O Anatole},
  journal={Scientific data},
  volume={1},
  number={1},
  pages={1--7},
  year={2014},
  publisher={Nature Publishing Group}
}

@article{xie2018crystal,
  title={Crystal graph convolutional neural networks for an accurate and interpretable prediction of material properties},
  author={Xie, Tian and Grossman, Jeffrey C},
  journal={Physical review letters},
  volume={120},
  number={14},
  pages={145301},
  year={2018},
  publisher={APS}
}

@article{nakata2017pubchemqc,
  title={PubChemQC project: a large-scale first-principles electronic structure database for data-driven chemistry},
  author={Nakata, Maho and Shimazaki, Tomomi},
  journal={Journal of chemical information and modeling},
  volume={57},
  number={6},
  pages={1300--1308},
  year={2017},
}

@article{haghighatlari2022newtonnet,
  title={Newtonnet: A newtonian message passing network for deep learning of interatomic potentials and forces},
  author={Haghighatlari, Mojtaba and Li, Jie and Guan, Xingyi and Zhang, Oufan and Das, Akshaya and Stein, Christopher J and Heidar-Zadeh, Farnaz and Liu, Meili and Head-Gordon, Martin and Bertels, Luke and others},
  journal={Digital Discovery},
  year={2022},
  publisher={Royal Society of Chemistry}
}


@book{strang1993introduction,
  title={Introduction to linear algebra},
  author={Strang, Gilbert and Strang, Gilbert and Strang, Gilbert and Strang, Gilbert},
  volume={3},
  year={1993},
  publisher={Wellesley-Cambridge Press Wellesley, MA}
}

@book{oppenheim1997signals,
  title={Signals \& systems},
  author={Oppenheim, Alan V and Willsky, Alan S and Nawab, Syed Hamid and Hern{\'a}ndez, Gloria Mata and others},
  year={1997},
  publisher={Pearson Educaci{\'o}n}
}


@article{chami2019hyperbolic,
  title={Hyperbolic graph convolutional neural networks},
  author={Chami, Ines and Ying, Zhitao and R{\'e}, Christopher and Leskovec, Jure},
  journal={Advances in neural information processing systems},
  volume={32},
  year={2019}
}

@software{e3nn,
  author       = {Mario Geiger and
                  Tess Smidt and
                  Alby M. and
                  Benjamin Kurt Miller and
                  Wouter Boomsma and
                  Bradley Dice and
                  Kostiantyn Lapchevskyi and
                  Maurice Weiler and
                  Michał Tyszkiewicz and
                  Simon Batzner and
                  Dylan Madisetti and
                  Martin Uhrin and
                  Jes Frellsen and
                  Nuri Jung and
                  Sophia Sanborn and
                  Mingjian Wen and
                  Josh Rackers and
                  Marcel Rød and
                  Michael Bailey},
  title        = {Euclidean neural networks: e3nn},
  month        = apr,
  year         = 2022,
  publisher    = {Zenodo},
  version      = {0.5.0},
  doi          = {10.5281/zenodo.6459381},
  url          = {https://doi.org/10.5281/zenodo.6459381}
}

@article{townshend2019end,
  title={End-to-end learning on 3d protein structure for interface prediction},
  author={Townshend, Raphael and Bedi, Rishi and Suriana, Patricia and Dror, Ron},
  journal={Advances in Neural Information Processing Systems},
  volume={32},
  year={2019}
}

@inproceedings{tholke2022equivariant,
title={Equivariant Transformers for Neural Network based Molecular Potentials},
author={Philipp Th{\"o}lke and Gianni De Fabritiis},
booktitle={International Conference on Learning Representations},
year={2022},
}

@inproceedings{dym2021on,
title={On the Universality of Rotation Equivariant Point Cloud Networks},
author={Nadav Dym and Haggai Maron},
booktitle={International Conference on Learning Representations},
year={2021},
}

@inproceedings{
xu2018how,
title={How Powerful are Graph Neural Networks?},
author={Keyulu Xu and Weihua Hu and Jure Leskovec and Stefanie Jegelka},
booktitle={International Conference on Learning Representations},
year={2019},
}

@inproceedings{schutt2021equivariant,
  title={Equivariant message passing for the prediction of tensorial properties and molecular spectra},
  author={Sch{\"u}tt, Kristof and Unke, Oliver and Gastegger, Michael},
  booktitle={International Conference on Machine Learning},
  pages={9377--9388},
  year={2021},
}

@article{le2022equivariant,
  title={Equivariant Graph Attention Networks for Molecular Property Prediction},
  author={Le, Tuan and No{\'e}, Frank and Clevert, Djork-Arn{\'e}},
  journal={arXiv preprint arXiv:2202.09891},
  year={2022}
}

@inproceedings{passaro2023reducing,
  author={Passaro, Saro and Zitnick, C Lawrence},
  title        = {Reducing {SO(3)} Convolutions to {SO(2)} for Efficient Equivariant
                  GNNs},
  series       = {Proceedings of Machine Learning Research},
  volume       = {202},
  pages        = {27420--27438},
  publisher    = {{PMLR}},
  year         = {2023},
}

@article{kondor2018clebsch,
  title={Clebsch--gordan nets: a fully fourier space spherical convolutional neural network},
  author={Kondor, Risi and Lin, Zhen and Trivedi, Shubhendu},
  journal={Advances in Neural Information Processing Systems},
  volume={31},
  year={2018}
}

@book{griffiths2018introduction,
  title={Introduction to quantum mechanics},
  author={Griffiths, David J and Schroeter, Darrell F},
  year={2018},
  publisher={Cambridge university press}
}

@article{kipf2016semi,
  title={Semi-supervised classification with graph convolutional networks},
  author={Kipf, Thomas N and Welling, Max},
  journal={ICLR 2017},
  year={2017}
}


@inproceedings{gilmer2017neural,
  title={Neural message passing for quantum chemistry},
  author={Gilmer, Justin and Schoenholz, Samuel S and Riley, Patrick F and Vinyals, Oriol and Dahl, George E},
  booktitle={International conference on machine learning},
  pages={1263--1272},
  year={2017},
  organization={PMLR}
}


@article{chen2019alchemy,
  title={Alchemy: A quantum chemistry dataset for benchmarking ai models},
  author={Chen, Guangyong and Chen, Pengfei and Hsieh, Chang-Yu and Lee, Chee-Kong and Liao, Benben and Liao, Renjie and Liu, Weiwen and Qiu, Jiezhong and Sun, Qiming and Tang, Jie and others},
  journal={arXiv preprint arXiv:1906.09427},
  year={2019}
}

@inproceedings{DBLP:conf/emnlp/SinhaJHPWK21,
  author={Koustuv Sinha and Robin Jia and Dieuwke Hupkes and Joelle Pineau and Adina Williams and Douwe Kiela},
  title={Masked Language Modeling and the Distributional Hypothesis: Order Word Matters Pre-training for Little},
  year={2021},
  pages={2888-2913},
  booktitle={EMNLP},
}

@article{dubey2024llama,
  title={The llama 3 herd of models},
  author={Dubey, Abhimanyu and Jauhri, Abhinav and Pandey, Abhinav and Kadian, Abhishek and Al-Dahle, Ahmad and Letman, Aiesha and Mathur, Akhil and Schelten, Alan and Yang, Amy and Fan, Angela and others},
  journal={arXiv preprint arXiv:2407.21783},
  year={2024}
}

@inproceedings{
si2023prompting,
title={Prompting {GPT}-3 To Be Reliable},
author={Chenglei Si and Zhe Gan and Zhengyuan Yang and Shuohang Wang and Jianfeng Wang and Jordan Lee Boyd-Graber and Lijuan Wang},
booktitle={The Eleventh International Conference on Learning Representations },
year={2023},
}

@article{brandstetter2021geometric,
  title={Geometric and physical quantities improve e (3) equivariant message passing},
  author={Brandstetter, Johannes and Hesselink, Rob and van der Pol, Elise and Bekkers, Erik J and Welling, Max},
  journal={The Tenth International Conference on Learning Representations },
  year={2022}
}

@article{rong2020self,
  title={Self-supervised graph transformer on large-scale molecular data},
  author={Rong, Yu and Bian, Yatao and Xu, Tingyang and Xie, Weiyang and Wei, Ying and Huang, Wenbing and Huang, Junzhou},
  journal={Advances in neural information processing systems},
  volume={33},
  pages={12559--12571},
  year={2020}
}

@article{zhang2021motif,
  title={Motif-based graph self-supervised learning for molecular property prediction},
  author={Zhang, Zaixi and Liu, Qi and Wang, Hao and Lu, Chengqiang and Lee, Chee-Kong},
  journal={Advances in Neural Information Processing Systems},
  volume={34},
  pages={15870--15882},
  year={2021}
}

@misc{
inae2024motifaware,
title={Motif-aware Attribute Masking for Molecular Graph Pre-training},
author={Eric Inae and Gang Liu and Meng Jiang},
year={2024},
}

@inproceedings{
an2024hybrid,
title={Hybrid Directional Graph Neural Network for Molecules},
author={Junyi An and Chao Qu and Zhipeng Zhou and Fenglei Cao and Xu Yinghui and Yuan Qi and Furao Shen},
booktitle={The Twelfth International Conference on Learning Representations},
year={2024},
}

@inproceedings{hou2022graphmae,
  title={Graphmae: Self-supervised masked graph autoencoders},
  author={Hou, Zhenyu and Liu, Xiao and Cen, Yukuo and Dong, Yuxiao and Yang, Hongxia and Wang, Chunjie and Tang, Jie},
  booktitle={Proceedings of the 28th ACM SIGKDD Conference on Knowledge Discovery and Data Mining},
  pages={594--604},
  year={2022}
}

@article{kim2022graph,
  title={Graph self-supervised learning with accurate discrepancy learning},
  author={Kim, Dongki and Baek, Jinheon and Hwang, Sung Ju},
  journal={Advances in Neural Information Processing Systems},
  volume={35},
  pages={14085--14098},
  year={2022}
}

@inproceedings{
  zhou2023unimol,
  title={Uni-Mol: A Universal 3D Molecular Representation Learning Framework},
  author={Gengmo Zhou and Zhifeng Gao and Qiankun Ding and Hang Zheng and Hongteng Xu and Zhewei Wei and Linfeng Zhang and Guolin Ke},
  booktitle={The Eleventh International Conference on Learning Representations },
  year={2023},
}

@article{lu2023highly,
  title={Highly accurate quantum chemical property prediction with uni-mol+},
  author={Lu, Shuqi and Gao, Zhifeng and He, Di and Zhang, Linfeng and Ke, Guolin},
  journal={arXiv preprint arXiv:2303.16982},
  year={2023}
}

@article{batzner2022,
  title={E (3)-equivariant graph neural networks for data-efficient and accurate interatomic potentials},
  author={Batzner, Simon and Musaelian, Albert and Sun, Lixin and Geiger, Mario and Mailoa, Jonathan P and Kornbluth, Mordechai and Molinari, Nicola and Smidt, Tess E and Kozinsky, Boris},
  journal={Nature communications},
  volume={13},
  number={1},
  pages={1--11},
  year={2022},
  publisher={Nature Publishing Group}
}

@inproceedings{
liao2024equiformerv,
title={EquiformerV2: Improved Equivariant Transformer for Scaling to Higher-Degree Representations},
author={Yi-Lun Liao and Brandon M Wood and Abhishek Das and Tess Smidt},
booktitle={The Twelfth International Conference on Learning Representations},
year={2024},
}

@inproceedings{torchmdET,
  author       = {Th{\"o}lke, Philipp and De Fabritiis, Gianni},
  title        = {Equivariant Transformers for Neural Network based Molecular Potentials},
  booktitle    = {The Tenth International Conference on Learning Representations, {ICLR},
  year         = {2022},
}

@article{axelrod2022geom,
  title={GEOM, energy-annotated molecular conformations for property prediction and molecular generation},
  author={Axelrod, Simon and Gomez-Bombarelli, Rafael},
  journal={Scientific Data},
  volume={9},
  number={1},
  pages={185},
  year={2022},
}

@article{doerr2021torchmd,
  title={TorchMD: A deep learning framework for molecular simulations},
  author={Doerr, Stefan and Majewski, Maciej and P{\'e}rez, Adri{\`a} and Kramer, Andreas and Clementi, Cecilia and Noe, Frank and Giorgino, Toni and De Fabritiis, Gianni},
  journal={Journal of chemical theory and computation},
  volume={17},
  number={4},
  pages={2355--2363},
  year={2021},
}

@article{schutt2018schnet,
  title={Schnet--a deep learning architecture for molecules and materials},
  author={Sch{\"u}tt, Kristof T and Sauceda, Huziel E and Kindermans, P-J and Tkatchenko, Alexandre and M{\"u}ller, K-R},
  journal={The Journal of Chemical Physics},
  volume={148},
  number={24},
  pages={241722},
  year={2018},
  publisher={AIP Publishing LLC}
}

@article{gasteiger2020directional,
  title={Directional message passing for molecular graphs},
  author={Gasteiger, Johannes and Gro{\ss}, Janek and G{\"u}nnemann, Stephan},
  journal={ICLR2020},
  year={2020}
}

@article{behler2007generalized,
  title={Generalized neural-network representation of high-dimensional potential-energy surfaces},
  author={Behler, J{\"o}rg and Parrinello, Michele},
  journal={Physical review letters},
  volume={98},
  number={14},
  pages={146401},
  year={2007},
  publisher={APS}
}


@article{fuchs2020se,
  title={Se (3)-transformers: 3d roto-translation equivariant attention networks},
  author={Fuchs, Fabian and Worrall, Daniel and Fischer, Volker and Welling, Max},
  journal={Advances in Neural Information Processing Systems},
  volume={33},
  pages={1970--1981},
  year={2020}
}


@article{lubbers2018hierarchical,
  title={Hierarchical modeling of molecular energies using a deep neural network},
  author={Lubbers, Nicholas and Smith, Justin S and Barros, Kipton},
  journal={The Journal of chemical physics},
  volume={148},
  number={24},
  pages={241715},
  year={2018},
  publisher={AIP Publishing LLC}
}

@inproceedings{mei2021learning,
  title={Learning with invariances in random features and kernel models},
  author={Mei, Song and Misiakiewicz, Theodor and Montanari, Andrea},
  booktitle={Conference on Learning Theory},
  pages={3351--3418},
  year={2021},
  organization={PMLR}
}

@article{bronstein2021geometric,
  title={Geometric deep learning: Grids, groups, graphs, geodesics, and gauges},
  author={Bronstein, Michael M and Bruna, Joan and Cohen, Taco and Veli{\v{c}}kovi{\'c}, Petar},
  journal={arXiv preprint arXiv:2104.13478},
  year={2021}
}


%  SPHERICAL CNNS, GemNet-{OC}, TFN, SEGNN, SCN ,EGNN, CGCNN
% @inproceedings{DBLP:conf/iclr/CohenGKW18,
%   author    = {Taco S. Cohen and
%                Mario Geiger and
%                Jonas K{\"{o}}hler and
%                Max Welling},
%   title     = {Spherical CNNs},
%   booktitle = {6th International Conference on Learning Representations, {ICLR} 2018,
%                Vancouver, BC, Canada, April 30 - May 3, 2018, Conference Track Proceedings},
%   publisher = {OpenReview.net},
%   year      = {2018},
% }

@article{cohen2018spherical,
  title={Spherical cnns},
  author={Cohen, Taco S and Geiger, Mario and K{\"o}hler, Jonas and Welling, Max},
  journal={arXiv preprint arXiv:1801.10130},
  year={2018}
}

@inproceedings{liao2023equiformer,
title={Equiformer: Equivariant Graph Attention Transformer for 3D Atomistic Graphs},
author={Liao, Yi-Lun and Smidt, Tess},
booktitle={The Eleventh International Conference on Learning Representations },
year={2023},
}

@inproceedings{beutel2018latent,
  title={Latent cross: Making use of context in recurrent recommender systems},
  author={Beutel, Alex and Covington, Paul and Jain, Sagar and Xu, Can and Li, Jia and Gatto, Vince and Chi, Ed H},
  booktitle={Proceedings of the Eleventh ACM International Conference on Web Search and Data Mining},
  pages={46--54},
  year={2018}
}


@article{sriram2022towards,
  title={Towards Training Billion Parameter Graph Neural Networks for Atomic Simulations},
  author={Sriram, Anuroop and Das, Abhishek and Wood, Brandon M and Goyal, Siddharth and Zitnick, C Lawrence},
  journal={arXiv preprint arXiv:2203.09697},
  year={2022}
}

@article{gasteiger2021gemnet,
  title={Gemnet: Universal directional graph neural networks for molecules},
  author={Gasteiger, Johannes and Becker, Florian and G{\"u}nnemann, Stephan},
  journal={Advances in Neural Information Processing Systems},
  volume={34},
  pages={6790--6802},
  year={2021}
}

@article{van2022relaxing,
  title={Relaxing equivariance constraints with non-stationary continuous filters},
  author={van der Ouderaa, Tycho and Romero, David W and van der Wilk, Mark},
  journal={Advances in Neural Information Processing Systems},
  volume={35},
  pages={33818--33830},
  year={2022}
}

@inproceedings{wang2022approximately,
  title={Approximately equivariant networks for imperfectly symmetric dynamics},
  author={Wang, Rui and Walters, Robin and Yu, Rose},
  booktitle={International Conference on Machine Learning},
  pages={23078--23091},
  year={2022},
}

@inproceedings{wang2022approximately,
  title={Approximately equivariant networks for imperfectly symmetric dynamics},
  author={Wang, Rui and Walters, Robin and Yu, Rose},
  booktitle={International Conference on Machine Learning},
  pages={23078--23091},
  year={2022},
}



@inproceedings{romero2022learning,
title={Learning Partial Equivariances From Data},
author={David W. Romero and Suhas Lohit},
booktitle={Advances in Neural Information Processing Systems},
year={2022},
}

@inproceedings{chen2020GroupTheoretic,
 author = {Chen, Shuxiao and Dobriban, Edgar and Lee, Jane},
 booktitle = {Advances in Neural Information Processing Systems},
 pages = {21321--21333},
 publisher = {Curran Associates, Inc.},
 title = {A Group-Theoretic Framework for Data Augmentation},
 volume = {33},
 year = {2020}
}


@article{
gasteiger2022gemnetoc,
title={GemNet-{OC}: Developing Graph Neural Networks for Large and Diverse Molecular Simulation Datasets},
author={Johannes Gasteiger and Muhammed Shuaibi and Anuroop Sriram and Stephan G{\"u}nnemann and Zachary Ward Ulissi and C. Lawrence Zitnick and Abhishek Das},
journal={Transactions on Machine Learning Research},
year={2022},
}


@inproceedings{cohen2016group,
  title={Group equivariant convolutional networks},
  author={Cohen, Taco and Welling, Max},
  booktitle={International conference on machine learning},
  pages={2990--2999},
  year={2016},
}

@article{kondor2018clebsch,
  title={Clebsch--gordan nets: a fully fourier space spherical convolutional neural network},
  author={Kondor, Risi and Lin, Zhen and Trivedi, Shubhendu},
  journal={Advances in Neural Information Processing Systems},
  volume={31},
  year={2018}
}



% @article{DBLP:journals/corr/abs-2101-03164,
%   author    = {Simon L. Batzner and
%                Tess E. Smidt and
%                Lixin Sun and
%                Jonathan P. Mailoa and
%                Mordechai Kornbluth and
%                Nicola Molinari and
%                Boris Kozinsky},
%   title     = {SE(3)-Equivariant Graph Neural Networks for Data-Efficient and Accurate
%                Interatomic Potentials},
%   journal   = {CoRR},
%   volume    = {abs/2101.03164},
%   year      = {2021},
% }

@article{thomas2018tensor,
  title={Tensor field networks: Rotation-and translation-equivariant neural networks for 3d point clouds},
  author={Thomas, Nathaniel and Smidt, Tess and Kearnes, Steven and Yang, Lusann and Li, Li and Kohlhoff, Kai and Riley, Patrick},
  journal={Neurips 2018},
  year={2018}
}

@inproceedings{dehghani2023scaling,
  title={Scaling vision transformers to 22 billion parameters},
  author={Dehghani, Mostafa and Djolonga, Josip and Mustafa, Basil and Padlewski, Piotr and Heek, Jonathan and Gilmer, Justin and Steiner, Andreas Peter and Caron, Mathilde and Geirhos, Robert and Alabdulmohsin, Ibrahim and others},
  booktitle={International Conference on Machine Learning},
  pages={7480--7512},
  year={2023},
}

@article{miller2020relevance,
  title={Relevance of rotationally equivariant convolutions for predicting molecular properties},
  author={Miller, Benjamin Kurt and Geiger, Mario and Smidt, Tess E and No{\'e}, Frank},
  journal={arXiv preprint arXiv:2008.08461},
  year={2020}
}


@article{chanussot2021open,
  title={Open catalyst 2020 (OC20) dataset and community challenges},
  author={Chanussot, Lowik and Das, Abhishek and Goyal, Siddharth and Lavril, Thibaut and Shuaibi, Muhammed and Riviere, Morgane and Tran, Kevin and Heras-Domingo, Javier and Ho, Caleb and Hu, Weihua and others},
  journal={ACS Catalysis},
  volume={11},
  number={10},
  pages={6059--6072},
  year={2021},
  publisher={ACS Publications}
}

@article{rackers2023recipe,
  title={A recipe for cracking the quantum scaling limit with machine learned electron densities},
  author={Rackers, Joshua A and Tecot, Lucas and Geiger, Mario and Smidt, Tess E},
  journal={Machine Learning: Science and Technology},
  volume={4},
  number={1},
  pages={015027},
  year={2023},
}

@inproceedings{DBLP:conf/iclr/BrandstetterHPB22,
  author    = {Johannes Brandstetter and
               Rob Hesselink and
               Elise van der Pol and
               Erik J. Bekkers and
               Max Welling},
  title     = {Geometric and Physical Quantities improve {E(3)} Equivariant Message
               Passing},
  booktitle = {The Tenth International Conference on Learning Representations, {ICLR}
               2022, Virtual Event, April 25-29, 2022},
  publisher = {OpenReview.net},
  year      = {2022},
}

@inproceedings{
daigavane2024symphony,
title={Symphony: Symmetry-Equivariant Point-Centered Spherical Harmonics for 3D Molecule Generation},
author={Ameya Daigavane and Song Eun Kim and Mario Geiger and Tess Smidt},
booktitle={The Twelfth International Conference on Learning Representations (ICLR)},
year={2024},
}
@article{zitnick2022spherical,
  title={Spherical Channels for Modeling Atomic Interactions},
  author={Zitnick, C Lawrence and Das, Abhishek and Kolluru, Adeesh and Lan, Janice and Shuaibi, Muhammed and Sriram, Anuroop and Ulissi, Zachary and Wood, Brandon},
  journal={Neurips 2022},
  year={2022}
}



@inproceedings{satorras2021n,
  title={E (n) equivariant graph neural networks},
  author={Satorras, V{\i}ctor Garcia and Hoogeboom, Emiel and Welling, Max},
  booktitle={International conference on machine learning},
  pages={9323--9332},
  year={2021},
  organization={PMLR}
}

@article{PhysRevLett.120.145301,
  title = {Crystal Graph Convolutional Neural Networks for an Accurate and Interpretable Prediction of Material Properties},
  author = {Xie, Tian and Grossman, Jeffrey C.},
  journal = {Phys. Rev. Lett.},
  volume = {120},
  issue = {14},
  pages = {145301},
  numpages = {6},
  year = {2018},
}

% PaiNN
@inproceedings{schutt2021equivariant,
  title={Equivariant message passing for the prediction of tensorial properties and molecular spectra},
  author={Sch{\"u}tt, Kristof and Unke, Oliver and Gastegger, Michael},
  booktitle={International Conference on Machine Learning},
  pages={9377--9388},
  year={2021},
  organization={PMLR}
}

@article{weiler20183d,
  title={3d steerable cnns: Learning rotationally equivariant features in volumetric data},
  author={Weiler, Maurice and Geiger, Mario and Welling, Max and Boomsma, Wouter and Cohen, Taco S},
  journal={Advances in Neural Information Processing Systems},
  volume={31},
  year={2018}
}

@article{weininger1988smiles,
  title={SMILES, a chemical language and information system. 1. Introduction to methodology and encoding rules},
  author={Weininger, David},
  journal={Journal of chemical information and computer sciences},
  volume={28},
  number={1},
  pages={31--36},
  year={1988},
}

% AdamW
@inproceedings{DBLP:conf/iclr/LoshchilovH19,
  author    = {Ilya Loshchilov and
               Frank Hutter},
  title     = {Decoupled Weight Decay Regularization},
  booktitle = {7th International Conference on Learning Representations, {ICLR} 2019,
               New Orleans, LA, USA, May 6-9, 2019},
  publisher = {OpenReview.net},
  year      = {2019},
}

