
% Journals

% First the Full Name is given, then the abbreviation used in the AMS Math
% Reviews, with an indication if it could not be found there.
% Note the 2nd overwrites the 1st, so swap them if you want the full name.

 %{AMS}
 @String{AMSTrans = "American Mathematical Society Translations" }
 @String{AMSTrans = "Amer. Math. Soc. Transl." }
 @String{BullAMS = "Bulletin of the American Mathematical Society" }
 @String{BullAMS = "Bull. Amer. Math. Soc." }
 @String{ProcAMS = "Proceedings of the American Mathematical Society" }
 @String{ProcAMS = "Proc. Amer. Math. Soc." }
 @String{TransAMS = "Transactions of the American Mathematical Society" }
 @String{TransAMS = "Trans. Amer. Math. Soc." }

 %ACM
 @String{CACM = "Communications of the {ACM}" }
 @String{CACM = "Commun. {ACM}" }
 @String{CompServ = "Comput. Surveys" }
 @String{JACM = "J. ACM" }
 @String{ACMMathSoft = "{ACM} Transactions on Mathematical Software" }
 @String{ACMMathSoft = "{ACM} Trans. Math. Software" }
 @String{SIGNUM = "{ACM} {SIGNUM} Newsletter" }
 @String{SIGNUM = "{ACM} {SIGNUM} Newslett." }

 @String{AmerSocio = "American Journal of Sociology" }
 @String{AmerStatAssoc = "Journal of the American Statistical Association" }
 @String{AmerStatAssoc = "J. Amer. Statist. Assoc." }
 @String{ApplMathComp = "Applied Mathematics and Computation" }
 @String{ApplMathComp = "Appl. Math. Comput." }
 @String{AmerMathMonthly = "American Mathematical Monthly" }
 @String{AmerMathMonthly = "Amer. Math. Monthly" }
 @String{BIT = "{BIT}" }
 @String{BritStatPsych = "British Journal of Mathematical and Statistical
          Psychology" }
 @String{BritStatPsych = "Brit. J. Math. Statist. Psych." }
 @String{CanMathBull = "Canadian Mathematical Bulletin" }
 @String{CanMathBull = "Canad. Math. Bull." }
 @String{CompApplMath = "Journal of Computational and Applied Mathematics" }
 @String{CompApplMath = "J. Comput. Appl. Math." }
 @String{CompPhys = "Journal of Computational Physics" }
 @String{CompPhys = "J. Comput. Phys." }
 @String{CompStruct = "Computers and Structures" }
 @String{CompStruct = "Comput. \& Structures" }
 @String{CompJour = "The Computer Journal" }
 @String{CompJour = "Comput. J." }
 @String{CompSysSci = "Journal of Computer and System Sciences" }
 @String{CompSysSci = "J. Comput. System Sci." }
 @String{Computing = "Computing" }
 @String{ContempMath = "Contemporary Mathematics" }
 @String{ContempMath = "Contemp. Math." }
 @String{Crelle = "Crelle's Journal" }
 @String{GiornaleMath = "Giornale di Mathematiche" }
 @String{GiornaleMath = "Giorn. Mat." } % didn't find in AMS MR., ibid.

 %IEEE
 @String{Computer = "{IEEE} Computer" }
 @String{IEEETransComp = "{IEEE} Transactions on Computers" }
 @String{IEEETransComp = "{IEEE} Trans. Comput." }
 @String{IEEETransAC = "{IEEE} Transactions on Automatic Control" }
 @String{IEEETransAC = "{IEEE} Trans. Automat. Control" }
 @String{IEEESpec = "{IEEE} Spectrum" } % didn't find in AMS MR
 @String{ProcIEEE = "Proceedings of the {IEEE}" }
 @String{ProcIEEE = "Proc. {IEEE}" } % didn't find in AMS MR
 @String{IEEETransAeroElec = "{IEEE} Transactions on Aerospace and Electronic
     Systems" }
 @String{IEEETransAeroElec = "{IEEE} Trans. Aerospace Electron. Systems" }

 @String{IMANumerAna = "{IMA} Journal of Numerical Analysis" }
 @String{IMANumerAna = "{IMA} J. Numer. Anal." }
 @String{InfProcLet = "Information Processing Letters" }
 @String{InfProcLet = "Inform. Process. Lett." }
 @String{InstMathApp = "Journal of the Institute of Mathematics and
     its Applications" }
 @String{InstMathApp = "J. Inst. Math. Appl." }
 @String{IntControl = "International Journal of Control" }
 @String{IntControl = "Internat. J. Control" }
 @String{IntNumerEng = "International Journal for Numerical Methods in
     Engineering" }
 @String{IntNumerEng = "Internat. J. Numer. Methods Engrg." }
 @String{IntSuper = "International Journal of Supercomputing Applications" }
 @String{IntSuper = "Internat. J. Supercomputing Applic." } % didn't find
%% in AMS MR
 @String{Kibernetika = "Kibernetika" }
 @String{JResNatBurStand = "Journal of Research of the National Bureau
     of Standards" }
 @String{JResNatBurStand = "J. Res. Nat. Bur. Standards" }
 @String{LinAlgApp = "Linear Algebra and its Applications" }
 @String{LinAlgApp = "Linear Algebra Appl." }
 @String{MathAnaAppl = "Journal of Mathematical Analysis and Applications" }
 @String{MathAnaAppl = "J. Math. Anal. Appl." }
 @String{MathAnnalen = "Mathematische Annalen" }
 @String{MathAnnalen = "Math. Ann." }
 @String{MathPhys = "Journal of Mathematical Physics" }
 @String{MathPhys = "J. Math. Phys." }
 @String{MathComp = "Mathematics of Computation" }
 @String{MathComp = "Math. Comp." }
 @String{MathScand = "Mathematica Scandinavica" }
 @String{MathScand = "Math. Scand." }
 @String{TablesAidsComp = "Mathematical Tables and Other Aids to Computation" }
 @String{TablesAidsComp = "Math. Tables Aids Comput." }
 @String{NumerMath = "Numerische Mathematik" }
 @String{NumerMath = "Numer. Math." }
 @String{PacificMath = "Pacific Journal of Mathematics" }
 @String{PacificMath = "Pacific J. Math." }
 @String{ParDistComp = "Journal of Parallel and Distributed Computing" }
 @String{ParDistComp = "J. Parallel and Distrib. Comput." } % didn't find
%% in AMS MR
 @String{ParComputing = "Parallel Computing" }
 @String{ParComputing = "Parallel Comput." }
 @String{PhilMag = "Philosophical Magazine" }
 @String{PhilMag = "Philos. Mag." }
 @String{ProcNAS = "Proceedings of the National Academy of Sciences
                    of the USA" }
 @String{ProcNAS = "Proc. Nat. Acad. Sci. U. S. A." }
 @String{Psychometrika = "Psychometrika" }
 @String{QuartMath = "Quarterly Journal of Mathematics, Oxford, Series (2)" }
 @String{QuartMath = "Quart. J. Math. Oxford Ser. (2)" }
 @String{QuartApplMath = "Quarterly of Applied Mathematics" }
 @String{QuartApplMath = "Quart. Appl. Math." }
 @String{RevueInstStat = "Review of the International Statisical Institute" }
 @String{RevueInstStat = "Rev. Inst. Internat. Statist." }

 %SIAM
 @String{JSIAM = "Journal of the Society for Industrial and Applied
     Mathematics" }
 @String{JSIAM = "J. Soc. Indust. Appl. Math." }
 @String{JSIAMB = "Journal of the Society for Industrial and Applied
     Mathematics, Series B, Numerical Analysis" }
 @String{JSIAMB = "J. Soc. Indust. Appl. Math. Ser. B Numer. Anal." }
 @String{SIAMAlgMeth = "{SIAM} Journal on Algebraic and Discrete Methods" }
 @String{SIAMAlgMeth = "{SIAM} J. Algebraic Discrete Methods" }
 @String{SIAMAppMath = "{SIAM} Journal on Applied Mathematics" }
 @String{SIAMAppMath = "{SIAM} J. Appl. Math." }
 @String{SIAMComp = "{SIAM} Journal on Computing" }
 @String{SIAMComp = "{SIAM} J. Comput." }
 @String{SIAMMatrix = "{SIAM} Journal on Matrix Analysis and Applications" }
 @String{SIAMMatrix = "{SIAM} J. Matrix Anal. Appl." }
 @String{SIAMNumAnal = "{SIAM} Journal on Numerical Analysis" }
 @String{SIAMNumAnal = "{SIAM} J. Numer. Anal." }
 @String{SIAMReview = "{SIAM} Review" }
 @String{SIAMReview = "{SIAM} Rev." }
 @String{SIAMSciStat = "{SIAM} Journal on Scientific and Statistical
     Computing" }
 @String{SIAMSciStat = "{SIAM} J. Sci. Statist. Comput." }

 @String{SoftPracExp = "Software Practice and Experience" }
 @String{SoftPracExp = "Software Prac. Experience" } % didn't find in AMS MR
 @String{StatScience = "Statistical Science" }
 @String{StatScience = "Statist. Sci." }
 @String{Techno = "Technometrics" }
 @String{USSRCompMathPhys = "{USSR} Computational Mathematics and Mathematical
     Physics" }
 @String{USSRCompMathPhys = "{U. S. S. R.} Comput. Math. and Math. Phys." }
 @String{VLSICompSys = "Journal of {VLSI} and Computer Systems" }
 @String{VLSICompSys = "J. {VLSI} Comput. Syst." }
 @String{ZAngewMathMech = "Zeitschrift fur Angewandte Mathematik und
     Mechanik" }
 @String{ZAngewMathMech = "Z. Angew. Math. Mech." }
 @String{ZAngewMathPhys = "Zeitschrift fur Angewandte Mathematik und Physik" }
 @String{ZAngewMathPhys = "Z. Angew. Math. Phys." }

% Publishers % ================================================= |

 @String{Academic = "Academic Press" }
 @String{ACMPress = "{ACM} Press" }
 @String{AdamHilger = "Adam Hilger" }
 @String{AddisonWesley = "Addison-Wesley" }
 @String{AllynBacon = "Allyn and Bacon" }
 @String{AMS = "American Mathematical Society" }
 @String{Birkhauser = "Birkha{\"u}ser" }
 @String{CambridgePress = "Cambridge University Press" }
 @String{Chelsea = "Chelsea" }
 @String{ClaredonPress = "Claredon Press" }
 @String{DoverPub = "Dover Publications" }
 @String{Eyolles = "Eyolles" }
 @String{HoltRinehartWinston = "Holt, Rinehart and Winston" }
 @String{Interscience = "Interscience" }
 @String{JohnsHopkinsPress = "The Johns Hopkins University Press" }
 @String{JohnWileySons = "John Wiley and Sons" }
 @String{Macmillan = "Macmillan" }
 @String{MathWorks = "The Math Works Inc." }
 @String{McGrawHill = "McGraw-Hill" }
 @String{NatBurStd = "National Bureau of Standards" }
 @String{NorthHolland = "North-Holland" }
 @String{OxfordPress = "Oxford University Press" }  %address Oxford or London?
 @String{PergamonPress = "Pergamon Press" }
 @String{PlenumPress = "Plenum Press" }
 @String{PrenticeHall = "Prentice-Hall" }
 @String{SIAMPub = "{SIAM} Publications" }
 @String{Springer = "Springer-Verlag" }
 @String{TexasPress = "University of Texas Press" }
 @String{VanNostrand = "Van Nostrand" }
 @String{WHFreeman = "W. H. Freeman and Co." }

%Entries

@article{oard2013TREC,
  title={Information retrieval for e-discovery},
  author={Oard, Douglas W and Webber, William and others},
  journal={Foundations and Trends{\textregistered} in Information Retrieval},
  volume={7},
  number={2--3},
  pages={99--237},
  year={2013},
  publisher={Now Publishers, Inc.}
}

@inproceedings{bhattacharya2019AILA,
  title={FIRE 2019 AILA track: Artificial intelligence for legal assistance},
  author={Bhattacharya, Paheli and Ghosh, Kripabandhu and Ghosh, Saptarshi and Pal, Arindam and Mehta, Parth and Bhattacharya, Arnab and Majumder, Prasenjit},
  booktitle={Proceedings of the 11th Forum for Information Retrieval Evaluation},
  pages={4--6},
  year={2019}
}

@inproceedings{rabelo2019COLIEE,
  title={A summary of the COLIEE 2019 competition},
  author={Rabelo, Juliano and Kim, Mi-Young and Goebel, Randy and Yoshioka, Masaharu and Kano, Yoshinobu and Satoh, Ken},
  booktitle={JSAI International Symposium on Artificial Intelligence},
  pages={34--49},
  year={2019},
  organization={Springer}
}

@inproceedings{ma2021LeCaRD,
  title={LeCaRD: a legal case retrieval dataset for Chinese law system},
  author={Ma, Yixiao and Shao, Yunqiu and Wu, Yueyue and Liu, Yiqun and Zhang, Ruizhe and Zhang, Min and Ma, Shaoping},
  booktitle={Proceedings of the 44th International ACM SIGIR Conference on Research and Development in Information Retrieval (SIGIR '21)},
  pages={2342--2348},
  year={2021}
}

@inproceedings{yu2022Explainable,
  title={Explainable legal case matching via inverse optimal transport-based rationale extraction},
  author={Yu, Weijie and Sun, Zhongxiang and Xu, Jun and Dong, Zhenhua and Chen, Xu and Xu, Hongteng and Wen, Ji-Rong},
  booktitle={Proceedings of the 45th International ACM SIGIR Conference on Research and Development in Information Retrieval (SIGIR '22)},
  pages={657--668},
  year={2022}
}

@inproceedings{shao2020Bert_PLI,
  title={BERT-PLI: Modeling Paragraph-Level Interactions for Legal Case Retrieval.},
  author={Shao, Yunqiu and Mao, Jiaxin and Liu, Yiqun and Ma, Weizhi and Satoh, Ken and Zhang, Min and Ma, Shaoping},
  booktitle={Proceedings of the Twenty-Ninth International Conference on International Joint Conferences on Artificial Intelligence (IJCAI '21)},
  pages={3501--3507},
  year={2021}
}

@article{xiao2021Lawformer,
  title={Lawformer: A pre-trained language model for chinese legal long documents},
  author={Xiao, Chaojun and Hu, Xueyu and Liu, Zhiyuan and Tu, Cunchao and Sun, Maosong},
  journal={AI Open},
  volume={2},
  pages={79--84},
  year={2021},
  publisher={Elsevier}
}

@article{saravanan2009LCR_1,
  title={Improving legal information retrieval using an ontological framework},
  author={Saravanan, Manavalan and Ravindran, Balaraman and Raman, Shivani},
  journal={Artificial Intelligence and Law},
  volume={17},
  number={2},
  pages={101--124},
  year={2009},
  publisher={Springer}
}

@article{bhattacharya2020LCR_survey,
  title={Methods for computing legal document similarity: A comparative study},
  author={Bhattacharya, Paheli and Ghosh, Kripabandhu and Pal, Arindam and Ghosh, Saptarshi},
  journal={arXiv preprint arXiv:2004.12307},
  year={2020}
}

@inproceedings{zeng2005LCR_2,
  title={Knowledge representation for the intelligent legal case retrieval},
  author={Zeng, Yiming and Wang, Ruili and Zeleznikow, John and Kemp, Elizabeth},
  booktitle={International Conference on Knowledge-Based and Intelligent Information and Engineering Systems},
  pages={339--345},
  year={2005},
  organization={Springer}
}

@inproceedings{bhattacharya2020Hier_SPCNet,
  title={Hier-spcnet: a legal statute hierarchy-based heterogeneous network for computing legal case document similarity},
  author={Bhattacharya, Paheli and Ghosh, Kripabandhu and Pal, Arindam and Ghosh, Saptarshi},
  booktitle={Proceedings of the 43rd International ACM SIGIR Conference on Research and Development in Information Retrieval (SIGIR '20)},
  pages={1657--1660},
  year={2020}
}

@article{hu2022Bert_LF,
  title={BERT\_LF: A Similar Case Retrieval Method Based on Legal Facts},
  author={Hu, Weifeng and Zhao, Siwen and Zhao, Qiang and Sun, Hao and Hu, Xifeng and Guo, Rundong and Li, Yujun and Cui, Yan and Ma, Long},
  journal={Wireless Communications and Mobile Computing},
  volume={2022},
  year={2022},
  publisher={Hindawi}
}

@article{xiao2018CAIL2018,
  title={Cail2018: A large-scale legal dataset for judgment prediction},
  author={Xiao, Chaojun and Zhong, Haoxi and Guo, Zhipeng and Tu, Cunchao and Liu, Zhiyuan and Sun, Maosong and Feng, Yansong and Han, Xianpei and Hu, Zhen and Wang, Heng and others},
  journal={arXiv preprint arXiv:1807.02478},
  year={2018}
}

@article{yao2022LEVEN,
  title={LEVEN: A Large-Scale Chinese Legal Event Detection Dataset},
  author={Yao, Feng and Xiao, Chaojun and Wang, Xiaozhi and Liu, Zhiyuan and Hou, Lei and Tu, Cunchao and Li, Juanzi and Liu, Yun and Shen, Weixing and Sun, Maosong},
  journal={arXiv preprint arXiv:2203.08556},
  year={2022}
}

@inproceedings{Yang@Transformer_XL,
  author    = {Zihang Dai and
               Zhilin Yang and
               Yiming Yang and
               Jaime G. Carbonell and
               Quoc Viet Le and
               Ruslan Salakhutdinov},
  title     = {Transformer-XL: Attentive Language Models beyond a Fixed-Length Context},
  booktitle = {Proceedings of the 57th Conference of the Association for Computational Linguistics (ACL '19)},
  pages     = {2978--2988},
  year      = {2019}
  }
  
@inproceedings{NEURIPS@XL_Net,
  title={XLNet: generalized autoregressive pretraining for language understanding},
  author={Yang, Zhilin and Dai, Zihang and Yang, Yiming and Carbonell, Jaime and Salakhutdinov, Ruslan and Le, Quoc V},
  booktitle={Proceedings of the 33rd International Conference on Neural Information Processing Systems (NeurIPS '19)},
  pages={5753--5763},
  year={2019}
}

@article{arxiv@Longformer,
  author = {Beltagy, Iz and Peters, Matthew E. and Cohan, Arman},
  title = {Longformer: The Long-Document Transformer},
  journal={arXiv preprint arXiv:2004.05150},
  year = {2020}
}

@inproceedings{liu2015SharingRep,
  title={Representation learning using multi-task deep neural networks for semantic classification and information retrieval},
  author={Liu, Xiaodong and Gao, Jianfeng and He, Xiaodong and Deng, Li and Duh, Kevin and Wang, Ye-Yi},
  booktitle={Proceedings of the 2015 Conference of the North American Chapter of the Association for Computational Linguistics: Human Language Technologies (NAACL-HLT '15)},
  pages={912--921},
  year={2015}
}

@inproceedings{liu2018SharingParameter,
  title={Neural Relation Extraction via Inner-Sentence Noise Reduction and Transfer Learning},
  author={Liu, Tianyi and Zhang, Xinsong and Zhou, Wanhao and Jia, Weijia},
  booktitle={Proceedings of the 2018 Conference on Empirical Methods in Natural Language Processing (EMNLP '18)},
  pages={2195--2204},
  year={2018}
}

@inproceedings{dong2015MultiTranlate,
  title={Multi-task learning for multiple language translation},
  author={Dong, Daxiang and Wu, Hua and He, Wei and Yu, Dianhai and Wang, Haifeng},
  booktitle={Proceedings of the 53rd Annual Meeting of the Association for Computational Linguistics and the 7th International Joint Conference on Natural Language Processing (ACL-IJCNLP '15)},
  pages={1723--1732},
  year={2015}
}

@inproceedings{sun2023law,
  title={Law article-enhanced legal case matching: A causal learning approach},
  author={Sun, Zhongxiang and Xu, Jun and Zhang, Xiao and Dong, Zhenhua and Wen, Ji-Rong},
  booktitle={Proceedings of the 46th International ACM SIGIR Conference on Research and Development in Information Retrieval (SIGIR '23)},
  pages={1549--1558},
  year={2023}
}

@inproceedings{zhong2018Topology,
  title={Legal judgment prediction via topological learning},
  author={Zhong, Haoxi and Guo, Zhipeng and Tu, Cunchao and Xiao, Chaojun and Liu, Zhiyuan and Sun, Maosong},
  booktitle={Proceedings of the 2018 Conference on Empirical Methods in Natural Language Processing (EMNLP '18)},
  pages={3540--3549},
  year={2018}
}

@inproceedings{yang2019Bi-feedback,
  title={Legal judgment prediction via multi-perspective bi-feedback network},
  author={Yang, Wenmian and Jia, Weijia and Zhou, Xiaojie and Luo, Yutao},
  booktitle={Proceedings of the 28th International Joint Conference on Artificial Intelligence (IJCAI '19)},
  pages={4085--4091},
  year={2019}
}

@inproceedings{yue2021Neurjudge,
  title={NeurJudge: a circumstance-aware neural framework for legal judgment prediction},
  author={Yue, Linan and Liu, Qi and Jin, Binbin and Wu, Han and Zhang, Kai and An, Yanqing and Cheng, Mingyue and Yin, Biao and Wu, Dayong},
  booktitle={Proceedings of the 44th International ACM SIGIR Conference on Research and Development in Information Retrieval (SIGIR '21)},
  pages={973--982},
  year={2021}
}

@article{salton1988VSM,
  title={Term-weighting approaches in automatic text retrieval},
  author={Salton, Gerard and Buckley, Christopher},
  journal={Information processing \& management},
  volume={24},
  number={5},
  pages={513--523},
  year={1988},
  publisher={Elsevier}
}

@inproceedings{robertson1994BM25,
  title={Some simple effective approximations to the 2-poisson model for probabilistic weighted retrieval},
  author={Robertson, Stephen E and Walker, Steve},
  booktitle={Proceedings of the 17th annual international ACM SIGIR conference on Research and development in information retrieval (SIGIR '94)},
  pages={232--241},
  year={1994},
}

@inproceedings{song1999LMIR,
  title={A general language model for information retrieval},
  author={Song, Fei and Croft, W Bruce},
  booktitle={Proceedings of the Eighth International Conference on Information and Knowledge Management (CIKM '99)},
  pages={316--321},
  year={1999}
}

@article{liu2009LTR,
  title={Learning to rank for information retrieval},
  author={Liu, Tie-Yan and others},
  journal={Foundations and Trends{\textregistered} in Information Retrieval},
  volume={3},
  number={3},
  pages={225--331},
  year={2009},
  publisher={Now Publishers, Inc.}
}

@inproceedings{hu2014DSSM,
  title={Convolutional neural network architectures for matching natural language sentences},
  author={Hu, Baotian and Lu, Zhengdong and Li, Hang and Chen, Qingcai},
  booktitle={Proceedings of the 27th International Conference on Neural Information Processing Systems-Volume 2 (NeurIPS '14)},
  pages={2042--2050},
  year={2014}
}

@inproceedings{pang2016MatchPyramid,
  title={Text matching as image recognition},
  author={Pang, Liang and Lan, Yanyan and Guo, Jiafeng and Xu, Jun and Wan, Shengxian and Cheng, Xueqi},
  booktitle={Proceedings of the Thirtieth AAAI Conference on Artificial Intelligence (AAAI '16)},
  pages={2793--2799},
  year={2016}
}

@article{wan2016Match-SRNN,
  title={Match-srnn: Modeling the recursive matching structure with spatial rnn},
  author={Wan, Shengxian and Lan, Yanyan and Xu, Jun and Guo, Jiafeng and Pang, Liang and Cheng, Xueqi},
  journal={arXiv preprint arXiv:1604.04378},
  year={2016}
}

@article{van2017SpecialDefinition,
  title={On the concept of relevance in legal information retrieval},
  author={Van Opijnen, Marc and Santos, Cristiana},
  journal={Artificial Intelligence and Law},
  volume={25},
  number={1},
  pages={65--87},
  year={2017},
  publisher={Springer}
}

@article{turtle1995Legalworld,
  title={Text retrieval in the legal world},
  author={Turtle, Howard},
  journal={Artificial Intelligence and Law},
  volume={3},
  number={1},
  pages={5--54},
  year={1995},
  publisher={Springer}
}

@article{devlin2018bert,
  title={Bert: Pre-training of deep bidirectional transformers for language understanding},
  author={Devlin, Jacob and Chang, Ming-Wei and Lee, Kenton and Toutanova, Kristina},
  journal={arXiv preprint arXiv:1810.04805},
  year={2018}
}

@inproceedings{firat2016multi,
  title={Multi-Way, Multilingual Neural Machine Translation with a Shared Attention Mechanism},
  author={Firat, Orhan and Cho, Kyunghyun and Bengio, Yoshua},
  booktitle={Proceedings of the 2016 Conference of the North American Chapter of the Association for Computational Linguistics: Human Language Technologies (NAACL-HLT '16)},
  pages={866--875},
  year={2016}
}

@inproceedings{guo2018soft,
  title={Soft Layer-Specific Multi-Task Summarization with Entailment and Question Generation},
  author={Guo, Han and Pasunuru, Ramakanth and Bansal, Mohit},
  booktitle={Proceedings of the 56th Annual Meeting of the Association for Computational Linguistics (ACL '18)},
  pages={687--697},
  year={2018}
}

@inproceedings{chen2020Causal_1,
  title={Exploring logically dependent multi-task learning with causal inference},
  author={Chen, Wenqing and Tian, Jidong and Xiao, Liqiang and He, Hao and Jin, Yaohui},
  booktitle={Proceedings of the 2020 Conference on Empirical Methods in Natural Language Processing (EMNLP '20)},
  pages={2213--2225},
  year={2020}
}   

@inproceedings{chen2021Causal_2,
  title     = {Dependent Multi-Task Learning with Causal Intervention for Image Captioning},
  author    = {Chen, Wenqing and Tian, Jidong and Fan, Caoyun and He, Hao and Jin, Yaohui},
  booktitle={Proceedings of the Thirtieth International Joint Conference on Artificial Intelligence (IJCAI '21)},
  pages     = {2263--2270},
  year      = {2021},
}

@inproceedings{xu2020LADAN,
  title={Distinguish Confusing Law Articles for Legal Judgment Prediction},
  author={Xu, Nuo and Wang, Pinghui and Chen, Long and Pan, Li and Wang, Xiaoyan and Zhao, Junzhou},
  booktitle={Proceedings of the 58th Annual Meeting of the Association for Computational Linguistics (ACL '20)},
  pages={3086--3095},
  year={2020}
}

@inproceedings{luo2017FLA,
  title={Learning to Predict Charges for Criminal Cases with Legal Basis},
  author={Luo, Bingfeng and Feng, Yansong and Xu, Jianbo and Zhang, Xiang and Zhao, Dongyan},
  booktitle={Proceedings of the 2017 Conference on Empirical Methods in Natural Language Processing (EMNLP '17)},
  pages={2727--2736},
  year={2017}
}

@inproceedings{reimers2019sentence-BERT,
  title={Sentence-BERT: Sentence Embeddings using Siamese BERT-Networks},
  author={Reimers, Nils and Gurevych, Iryna},
  booktitle={Proceedings of the 2019 Conference on Empirical Methods in Natural Language Processing and the 9th International Joint Conference on Natural Language Processing (EMNLP-IJCNLP '19)},
  pages={3982--3992},
  year={2019}
}

@article{bhatta2020ThematicSimilarity,
  title={Methods for computing legal document similarity: A comparative study},
  author={Bhattacharya, Paheli and Ghosh, Kripabandhu and Pal, Arindam and Ghosh, Saptarshi},
  journal={arXiv preprint arXiv:2004.12307},
  year={2020}
}

@article{yin2016ABCNN,
  title={Abcnn: Attention-based convolutional neural network for modeling sentence pairs},
  author={Yin, Wenpeng and Sch{\"u}tze, Hinrich and Xiang, Bing and Zhou, Bowen},
  journal={Transactions of the Association for Computational Linguistics},
  volume={4},
  pages={259--272},
  year={2016},
  publisher={MIT Press}
}

@inproceedings{vaswani2017Transformer,
  title={Attention is all you need},
  author={Vaswani, Ashish and Shazeer, Noam and Parmar, Niki and Uszkoreit, Jakob and Jones, Llion and Gomez, Aidan N and Kaiser, {\L}ukasz and Polosukhin, Illia},
  booktitle={Proceedings of the 31st International Conference on Neural Information Processing Systems (NeurIPS '17)},
  pages={6000--6010},
  year={2017}
}
}

@article{su2022ZLPR_loss,
  title={ZLPR: A Novel Loss for Multi-label Classification},
  author={Su, Jianlin and Zhu, Mingren and Murtadha, Ahmed and Pan, Shengfeng and Wen, Bo and Liu, Yunfeng},
  journal={arXiv preprint arXiv:2208.02955},
  year={2022}
}

@inproceedings{loshchilov2018AdamW,
  title={Decoupled Weight Decay Regularization},
  author={Ilya Loshchilov and Frank Hutter},
  booktitle={International Conference on Learning Representations (ICLR '19)},
  year={2019},
  pages={1--18},
}

@inproceedings{yurochkin2019OT_LDA,
  title={Hierarchical optimal transport for document representation},
  author={Yurochkin, Mikhail and Claici, Sebastian and Chien, Edward and Mirzazadeh, Farzaneh and Solomon, Justin M},
  booktitle={Proceedings of the 33rd International Conference on Neural Information Processing Systems (NeurIPS '19)},
  pages={1601--1611},
  year={2019}
}

@inproceedings{zhao2011Topic_model,
  title={Comparing twitter and traditional media using topic models},
  author={Zhao, Wayne Xin and Jiang, Jing and Weng, Jianshu and He, Jing and Lim, Ee-Peng and Yan, Hongfei and Li, Xiaoming},
  booktitle={Advances in Information Retrieval: 33rd European Conference on IR Research, ECIR 2011, Dublin, Ireland, April 18-21, 2011. Proceedings 33},
  pages={338--349},
  year={2011},
}

@article{chechik2010TripletLoss,
  title={Large scale online learning of image similarity through ranking.},
  author={Chechik, Gal and Sharma, Varun and Shalit, Uri and Bengio, Samy},
  journal={Journal of Machine Learning Research},
  volume={11},
  pages={1109--1135},
  year={2010},
  publisher={JMLR. org}
}

@article{liu2019roberta,
  title={Roberta: A robustly optimized bert pretraining approach},
  author={Liu, Yinhan and Ott, Myle and Goyal, Naman and Du, Jingfei and Joshi, Mandar and Chen, Danqi and Levy, Omer and Lewis, Mike and Zettlemoyer, Luke and Stoyanov, Veselin},
  journal={arXiv preprint arXiv:1907.11692},
  year={2019}
}

@article{xiao2023BGE,
  title={C-pack: Packaged resources to advance general chinese embedding},
  author={Xiao, Shitao and Liu, Zheng and Zhang, Peitian and Muennighof, Niklas},
  journal={arXiv preprint arXiv:2309.07597},
  year={2023}
}

@article{cui2021pre,
  title={Pre-Training With Whole Word Masking for Chinese BERT},
  author={Cui, Yiming and Che, Wanxiang and Liu, Ting and Qin, Bing and Yang, Ziqing},
  journal={IEEE/ACM Transactions on Audio, Speech, and Language Processing},
  volume={29},
  pages={3504--3514},
  year={2021},
}

@inproceedings{xiao2022retromae,
  title={RetroMAE: Pre-Training Retrieval-oriented Language Models Via Masked Auto-Encoder},
  author={Xiao, Shitao and Liu, Zheng and Shao, Yingxia and Cao, Zhao},
  booktitle={Proceedings of the 2022 Conference on Empirical Methods in Natural Language Processing (EMNLP '22)},
  pages={538--548},
  year={2022}
}

@inproceedings{yurochkin2019topicdistribution,
  title={Hierarchical optimal transport for document representation},
  author={Yurochkin, Mikhail and Claici, Sebastian and Chien, Edward and Mirzazadeh, Farzaneh and Solomon, Justin},
  booktitle={Proceedings of the 33rd International Conference on Neural Information Processing Systems (NeurIPS '19)},
  pages={1601--1611},
  year={2019}
}

@inproceedings{karpukhin2020DPR,
  title={Dense Passage Retrieval for Open-Domain Question Answering},
  author={Karpukhin, Vladimir and Oguz, Barlas and Min, Sewon and Lewis, Patrick and Wu, Ledell and Edunov, Sergey and Chen, Danqi and Yih, Wen-tau},
  booktitle={Proceedings of the 2020 Conference on Empirical Methods in Natural Language Processing (EMNLP '20)},
  pages={6769--6781},
  year={2020}
}

@inproceedings{khattab2020colbert,
  title={Colbert: Efficient and effective passage search via contextualized late interaction over bert},
  author={Khattab, Omar and Zaharia, Matei},
  booktitle={Proceedings of the 43rd International ACM SIGIR conference on research and development in Information Retrieval (SIGIR '20)},
  pages={39--48},
  year={2020}
}

@inproceedings{cai2024ner,
  title={NER-guided Comprehensive Hierarchy-aware Prompt Tuning for Hierarchical Text Classification},
  author={Cai, Fuhan and Liu, Duo and Zhang, Zhongqiang and Liu, Ge and Yang, Xiaozhe and Fang, Xiangzhong},
  booktitle={Proceedings of the 2024 Joint International Conference on Computational Linguistics, Language Resources and Evaluation (LREC-COLING '24)},
  pages={12117--12126},
  year={2024}
}

@article{tong2024legal,
  title={Legal Judgment Prediction via graph boosting with constraints},
  author={Tong, Suxin and Yuan, Jingling and Zhang, Peiliang and Li, Lin},
  journal={Information Processing \& Management},
  volume={61},
  number={3},
  pages={103663},
  year={2024},
  publisher={Elsevier}
}

@article{chen2024knowledge,
  title={Knowledge and separating soft verbalizer based prompt-tuning for multi-label short text classification},
  author={Chen, Zhanwang and Li, Peipei and Hu, Xuegang},
  journal={Applied Intelligence},
  pages={1--21},
  year={2024},
}

@article{huang2024cosent,
  title={CoSENT: Consistent Sentence Embedding via Similarity Ranking},
  author={Huang, Xiang and Peng, Hao and Zou, Dongcheng and Liu, Zhiwei and Li, Jianxin and Liu, Kay and Wu, Jia and Su, Jianlin and Philip, S Yu},
  journal={IEEE/ACM Transactions on Audio, Speech, and Language Processing},
  year={2024},
  volume={32},
  pages={2800-2813},
}

@inproceedings{liu2022ynu,
  title={Ynu-hpcc at semeval-2022 task 2: Representing multilingual idiomaticity based on contrastive learning},
  author={Liu, Kuanghong and Wang, Jin and Zhang, Xuejie},
  booktitle={Proceedings of the 16th International Workshop on Semantic Evaluation (SemEval '22)},
  pages={211--216},
  year={2022}
}

@inproceedings{gong2023transferable,
  title={Transferable and efficient: Unifying dynamic multi-domain product categorization},
  author={Gong, Shansan and Zhou, Zelin and Wang, Shuo and Chen, Fengjiao and Song, Xiujie and Cao, Xuezhi and Xian, Yunsen and Zhu, Kenny},
  booktitle={Proceedings of the 61st Annual Meeting of the Association for Computational Linguistics (ACL '23)},
  pages={476--486},
  year={2023}
}

@inproceedings{ecir2022colbert-x,
	author = {Suraj Nair and Eugene Yang and Dawn Lawrie and Kevin Duh and Paul McNamee and Kenton Murray and James Mayfield and Douglas W. Oard},
	title = {Transfer Learning Approaches for Building Cross-Language Dense Retrieval Models},
	booktitle = {Proceedings of the 44th European Conference on Information Retrieval (ECIR '22)},
	year = {2022},
	url = {https://arxiv.org/abs/2201.08471}
}

@article{lyu2022CEEN,
  title={Improving legal judgment prediction through reinforced criminal element extraction},
  author={Lyu, Yougang and Wang, Zihan and Ren, Zhaochun and Ren, Pengjie and Chen, Zhumin and Liu, Xiaozhong and Li, Yujun and Li, Hongsong and Song, Hongye},
  journal={Information Processing \& Management},
  volume={59},
  number={1},
  pages={102780},
  year={2022},
  publisher={Elsevier}
}

@inproceedings{zhaochun2023multi,
  title={Multi-Defendant Legal Judgment Prediction via Hierarchical Reasoning},
  author={Lyu, Yougang and Hao, Jitai and Wang, Zihan and Zhao, Kai and Gao, Shen and Ren, Pengjie and Chen, Zhumin and Wang, Fang and Ren, Zhaochun},
  booktitle={Findings of the Association for Computational Linguistics: EMNLP 2023},
  pages={2198--2209},
  year={2023}
}

@inproceedings{zhaochun2024answer,
  title={Answer Retrieval in Legal Community Question Answering},
  author={Askari, Arian and Yang, Zihui and Ren, Zhaochun and Verberne, Suzan},
  booktitle={European Conference on Information Retrieval (ECIR '24)},
  pages={477--485},
  year={2024}
}

@inproceedings{zhaochun2023syllogistic,
  title={Syllogistic reasoning for legal judgment analysis},
  author={Deng, Wentao and Pei, Jiahuan and Kong, Keyi and Chen, Zhe and Wei, Furu and Li, Yujun and Ren, Zhaochun and Chen, Zhumin and Ren, Pengjie},
  booktitle={Proceedings of the 2023 Conference on Empirical Methods in Natural Language Processing (EMNLP '23)},
  pages={13997--14009},
  year={2023}
}

@article{LJP@TOIS2024_XN,
  title={Distinguish Confusion in Legal Judgment Prediction via Revised Relation Knowledge},
  author={Xu, Nuo and Wang, Pinghui and Zhao, Junzhou and Sun, Feiyang and Lan, Lin and Tao, Jing and Pan, Li and Guan, Xiaohong},
  journal={ACM Transactions on Information Systems},
  volume={43},
  number={1},
  pages={1--32},
  year={2024},
  publisher={ACM New York, NY, USA}
}