@article{cesaro2023deep,
  author = {Cesaro, Angela and Bagheri, Mojtaba and Torres, Marcelo and Wan, Fangping and {De La Fuente-Nunez}, Cesar},
  title = {Deep learning tools to accelerate antibiotic discovery},
  journal = {Expert Opin Drug Discovery},
  volume = {18},
  number = {11},
  pages = {1245--1257},
  year = {2023},
  doi = {10.1080/17460441.2023.2250721}
}

@article{gu2023domain,
  author = {Gu, Yu and Tinn, Robert and Cheng, Hao and Lucas, Michael and Usuyama, Naoto and Liu, Xiaodong and Naumann, Tristan and Gao, Jianfeng and Poon, Hoifung},
  title = {Domain-specific language model pretraining for biomedical natural language processing},
  journal = {ACM Transactions on Computing for Healthcare (HEALTH)},
  volume = {3},
  number = {1},
  pages = {1--23},
  year = {2021},
  doi = {10.1145/3458754}
}

@article{gaulton2012chembl,
  author = {Gaulton, Anna and Bellis, Louisa J. and Bento, A. Patricia and Chambers, Jon and Davies, Mark and Hersey, Anne and Light, Yvonne and McGlinchey, Shaun and Michalovich, David and {Al-Lazikani}, Bissan and Overington, John P.},
  title = {ChEMBL: a large-scale bioactivity database for drug discovery},
  journal = {Nucleic Acids Research},
  volume = {40},
  pages = {D1100--D1107},
  year = {2011},
  doi = {10.1093/nar/gkr777}
}

@article{devlin2019bertpretrainingdeepbidirectional,
  author = {Devlin, Jacob and Chang, Ming-Wei and Lee, Kenton and Toutanova, Kristina},
  title = {{BERT:} Pre-training of Deep Bidirectional Transformers for Language Understanding},
  journal = {CoRR},
  volume = {abs/1810.04805},
  year = {2018},
  url = {http://arxiv.org/abs/1810.04805},
  eprinttype = {arXiv},
  eprint = {1810.04805}
}

@inproceedings{radford2018improving,
  author = {Radford, Alec and Narasimhan, Karthik},
  title = {Improving Language Understanding by Generative Pre-Training},
  year = {2018}
}

@article{raffel2020exploring,
  author = {Raffel, Colin and Shazeer, Noam and Roberts, Adam and Lee, Katherine and Narang, Sharan and Matena, Michael and Zhou, Yanqi and Li, Wei and Liu, Peter J.},
  title = {Exploring the limits of transfer learning with a unified text-to-text transformer},
  year = {2020},
  publisher = {JMLR.org},
  volume = {21},
  number = {1},
  journal = {J. Mach. Learn. Res.},
  articleno = {140},
  numpages = {67}
}

@article{ross2022large,
  author = {Ross, Jerret and Belgodere, Brian and Chenthamarakshan, Vijil and Padhi, Inkit and Mroueh, Youssef and Das, Payel},
  title = {Large-scale chemical language representations capture molecular structure and properties},
  journal = {Nature Machine Intelligence},
  volume = {4},
  number = {12},
  pages = {1256--1264},
  year = {2022},
  doi = {10.1038/s42256-022-00580-7}
}

@article{chemberta,
  author = {Chithrananda, Seyone and Grand, Gabriel and Ramsundar, Bharath},
  title = {ChemBERTa: Large-Scale Self-Supervised Pretraining for Molecular Property Prediction},
  journal = {CoRR},
  volume = {abs/2010.09885},
  year = {2020},
  url = {https://arxiv.org/abs/2010.09885},
  eprinttype = {arXiv},
  eprint = {2010.09885}
}

@misc{chemberta2,
  author = {Ahmad, Walid and Simon, Elana and Chithrananda, Seyone and Grand, Gabriel and Ramsundar, Bharath},
  title = {ChemBERTa-2: Towards Chemical Foundation Models},
  year = {2022},
  eprint = {2209.01712},
  archivePrefix = {arXiv},
  primaryClass = {cs.LG},
  url = {https://arxiv.org/abs/2209.01712}
}

@article{kang2022fine,
  author = {Kang, Hyeunseok and Goo, Sungwoo and Lee, Hyunjung and Chae, Jung-woo and Yun, Hwi-yeol and Jung, Sangkeun},
  title = {Fine-tuning of BERT model to accurately predict drug--target interactions},
  journal = {Pharmaceutics},
  volume = {14},
  number = {8},
  pages = {1710},
  year = {2022},
  doi = {10.3390/pharmaceutics14081710}
}










@article{molbert,
  author = {Fabian, Benedek and Edlich, Thomas and {Gaspar}, {Héléna} and Segler, Marwin H. S. and Meyers, Joshua and Fiscato, Marco and Ahmed, Mohamed},
  title = {Molecular representation learning with language models and domain-relevant auxiliary tasks},
  journal = {CoRR},
  volume = {abs/2011.13230},
  year = {2020},
  url = {https://arxiv.org/abs/2011.13230},
  eprinttype = {arXiv},
  eprint = {2011.13230}
}

@article{wang2022molecular,
  author = {Wang, Yuyang and Wang, Jianren and Cao, Zhonglin and {Barati Farimani}, Amir},
  title = {Molecular contrastive learning of representations via graph neural networks},
  journal = {Nature Machine Intelligence},
  volume = {4},
  number = {3},
  pages = {279--287},
  year = {2022},
  doi = {10.1038/s42256-022-00447-x}
}

@misc{unicorn,
  title = {UniCorn: A Unified Contrastive Learning Approach for Multi-view Molecular Representation Learning}, 
  author = {Feng, Shikun and Ni, Yuyan and Li, Minghao and Huang, Yanwen and Ma, Zhi-Ming and Ma, Wei-Ying and Lan, Yanyan},
  year = {2024},
  eprint = {2405.10343},
  archivePrefix = {arXiv},
  primaryClass = {q-bio.BM},
  url = {https://arxiv.org/abs/2405.10343}
}

@inproceedings{zhou2023uni,
  title = {Uni-Mol: A Universal 3D Molecular Representation Learning Framework},
  author = {Zhou, Gengmo and Gao, Zhifeng and Ding, Qiankun and Zheng, Hang and Xu, Hongteng and Wei, Zhewei and Zhang, Linfeng and Ke, Guolin},
  booktitle = {The Eleventh International Conference on Learning Representations},
  year = {2023},
  url = {https://openreview.net/forum?id=6K2RM6wVqKu}
}

@article{roformer,
  author = {Su, Jianlin and Ahmed, Murtadha and Lu, Yu and Pan, Shengfeng and Bo, Wen and Liu, Yunfeng},
  title = {RoFormer: Enhanced transformer with Rotary Position Embedding},
  year = {2024},
  journal = {Neurocomput.},
  volume = {568},
  number = {C},
  month = mar,
  doi = {10.1016/j.neucom.2023.127063}
}

@inproceedings{biformer,
  author = {Zhu, Lei and Wang, Xinjiang and Ke, Zhanghan and Zhang, Wayne and Lau, Rynson},
  booktitle = {2023 IEEE/CVF Conference on Computer Vision and Pattern Recognition (CVPR)}, 
  title = {BiFormer: Vision Transformer with Bi-Level Routing Attention}, 
  year = {2023},
  pages = {10323-10333},
  doi = {10.1109/CVPR52729.2023.00995}
}

@inproceedings{biunet,
  author = {Dong, Kun and Xue, Jian and Lan, Xing and Lu, Ke},
  title = {BiUNet: Towards More Effective UNet with Bi-Level Routing Attention},
  booktitle = {34th British Machine Vision Conference 2023, {BMVC} 2023, Aberdeen, UK, November 20-24, 2023},
  publisher = {BMVA},
  year = {2023}
}

@inproceedings{graphrep,
  author = {Ying, Chengxuan and Cai, Tianle and Luo, Shengjie and Zheng, Shuxin and Ke, Guolin and He, Di and Shen, Yanming and Liu, Tie-Yan},
  title = {Do transformers really perform bad for graph representation?},
  year = {2024},
  publisher = {Curran Associates Inc.},
  booktitle = {Proceedings of the 35th International Conference on Neural Information Processing Systems},
  articleno = {2212},
  series = {NIPS '21}
}

@inproceedings{graphcontlearn,
  author = {You, Yuning and Chen, Tianlong and Sui, Yongduo and Chen, Ting and Wang, Zhangyang and Shen, Yang},
  title = {Graph contrastive learning with augmentations},
  year = {2020},
  publisher = {Curran Associates Inc.},
  booktitle = {Proceedings of the 34th International Conference on Neural Information Processing Systems},
  articleno = {488},
  series = {NIPS '20}
}

@misc{rdkit,
  title = {RDKit: Open-source cheminformatics},
  url = {https://www.rdkit.org},
}

@article{lyubishkin2018,
  author = {Lyubishkin, N. R. and Kardash, O. V. and Klenina, O. V. and Chaban, T. I.},
  title = {Virtual Databases for Drug Discovery},
  institution = {Danylo Halytsky Lviv National Medical University},
  year = {2022}
}

@article{kim2016,
    author = {Kim, Sunghwan and Thiessen, Paul A. and Bolton, Evan E. and Chen, Jie and Fu, Gang and Gindulyte, Asta and Han, Lianyi and He, Jane and He, Siqian and Shoemaker, Benjamin A. and Wang, Jiyao and Yu, Bo and Zhang, Jian and Bryant, Stephen H.},
  title = {PubChem Substance and Compound databases},
  journal = {Nucleic Acids Research},
  volume = {44},
  number = {D1},
  pages = {D1202--D1213},
  year = {2016},
  doi = {10.1093/nar/gkv951}
}










@inproceedings{Han_2024_CVPR,
  author = {Han, Kai and Wang, Yunhe and Guo, Jianyuan and Wu, Enhua},
  title = {ParameterNet: Parameters Are All You Need for Large-scale Visual Pretraining of Mobile Networks},
  booktitle = {Proceedings of the IEEE/CVF Conference on Computer Vision and Pattern Recognition (CVPR)},
  month = {June},
  year = {2024},
  pages = {15751-15761}
}

@article{AVDEEF20072893,
  author = {Avdeef, Alex and Bendels, Stefanie and Di, L. i. and Faller, Bernard and Kansy, Manfred and Sugano, Kiyohiko and Yamauchi, Yukinori},
  title = {{PAMPA}—critical factors for better predictions of absorption},
  journal = {Journal of Pharmaceutical Sciences},
  volume = {96},
  number = {11},
  pages = {2893-2909},
  year = {2007},
  doi = {10.1002/jps.21068}
}

@article{hou_adme_2007,
  author = {Hou, Tingjun and Wang, Junmei and Zhang, Wei and Xu, Xiaojie},
  title = {{ADME} Evaluation in Drug Discovery. 6. Can Oral Bioavailability in Humans Be Effectively Predicted by Simple Molecular Property-Based Rules?},
  journal = {Journal of Chemical Information and Modeling},
  volume = {47},
  number = {2},
  pages = {460--463},
  year = {2007},
  doi = {10.1021/ci6003515}
}

@inproceedings{6027363,
  author = {Wu, Yang and Mukunoki, Masayuki and Funatomi, Takuya and Minoh, Michihiko and Lao, Shihong},
  title = {Optimizing Mean Reciprocal Rank for person re-identification},
  booktitle = {2011 8th IEEE International Conference on Advanced Video and Signal Based Surveillance (AVSS)},
  year = {2011},
  pages = {408-413},
  doi = {10.1109/AVSS.2011.6027363}
}

@article{coadd,
    author = {Desselle, Mathilde R. and Neale, Ruth and Hansford, Karl A. and Zuegg, Johannes and Elliott, Alysha G. and Cooper, Matthew A. and Blaskovich, Mark A.},
title = {Institutional profile: Community for Open Antimicrobial Drug Discovery - crowdsourcing new antibiotics and antifungals},
  journal = {Future Science OA},
  volume = {3},
  number = {2},
  pages = {FSO171},
  year = {2017},
  doi = {10.4155/fsoa-2016-0093}
}

@article{moleculenet,
  author = {Wu, Zhenqin and Ramsundar, Bharath and Feinberg, Evan N. and Gomes, Joseph and Geniesse, Caleb and Pappu, Aneesh S. and Leswing, Karl and Pande, Vijay},
  title = {MoleculeNet: a benchmark for molecular machine learning},
  journal = {Chem. Sci.},
  year = {2018},
  volume = {9},
  number = {2},
  pages = {513-530},
  doi = {10.1039/C7SC02664A}
}

@article{bioavailability,
  author = {Ma, Chang-Ying and Yang, Sheng-Yong and Zhang, Hui and Xiang, Ming-Li and Huang, Qi and Wei, Yu-Quan},
  title = {Prediction models of human plasma protein binding rate and oral bioavailability derived by using GA–CG–SVM method},
  journal = {Journal of Pharmaceutical and Biomedical Analysis},
  volume = {47},
  number = {4},
  pages = {677-682},
  year = {2008},
  doi = {10.1016/j.jpba.2008.03.023}
}


@article{cai_fp-gnn_2022,
  author = {Cai, Hanxuan and Zhang, Huimin and Zhao, Duancheng and Wu, Jingxing and Wang, Ling},
  title = {{FP}-{GNN}: a versatile deep learning architecture for enhanced molecular property prediction},
  journal = {Briefings in Bioinformatics},
  volume = {23},
  number = {6},
  year = {2022},
  doi = {10.1093/bib/bbac408}
}

@inproceedings{pmlr-v202-cai23b,
  author = {Cai, Chen and Hy, Truong Son and Yu, Rose and Wang, Yusu},
  title = {On the connection between MPNN and graph transformer},
  year = {2023},
  booktitle = {Proceedings of the 40th International Conference on Machine Learning},
  series = {ICML'23},
  publisher = {JMLR.org}
}

@article{chen2001bioavailability,
  author = {Chen, Mei-Ling and Shah, Vinod and Patnaik, Ravi and Adams, William and Hussain, Ajaz and Conner, David and Mehta, Mehul and Malinowski, Henry and Lazor, James and Huang, Shiew-Mei},
  title = {Bioavailability and bioequivalence: an FDA regulatory overview},
  journal = {Pharmaceutical Research},
  volume = {18},
  number = {12},
  pages = {1645--1650},
  year = {2001},
  doi = {10.1023/a:1013319408893}
}

@article{zhang_can_2024,
  author = {Zhang, Ziqiao and Bian, Yatao and Xie, Ailin and Han, Pengju and Zhou, Shuigeng},
  title = {Can Pretrained Models Really Learn Better Molecular Representations for {AI}-Aided Drug Discovery?},
  journal = {Journal of Chemical Information and Modeling},
  volume = {64},
  number = {7},
  pages = {2921--2930},
  year = {2024},
  doi = {10.1021/acs.jcim.3c01707}
}

@article{niwa2009,
  author = {Niwa, Tatsuya and Ying, Bei-Wen and Saito, Katsuyo and Jin, WenZhen and Takada, Shoji and Ueda, Takuya and Taguchi, Hideki},
  title = {Bimodal protein solubility distribution revealed by an aggregation analysis of the entire ensemble of Escherichia coli proteins},
  journal = {Proceedings of the National Academy of Sciences},
  volume = {106},
  number = {11},
  pages = {4201--4206},
  year = {2009},
  doi = {10.1073/pnas.0811922106}
}

@book{mueller2023,
author = {Mueller, Matthew and Tainter, Christopher R.},
  title = {Escherichia coli Infection},
  year = {2024},
  publisher = {StatPearls Publishing},
  address = {Treasure Island (FL)}
}

@article{ecoliIBD,
author = {{Martinez-Medina}, Margarita and {Garcia-Gil}, Librado Jesus},  title = {Escherichia coli in chronic inflammatory bowel diseases: An update on adherent invasive Escherichia coli pathogenicity},
  journal = {World Journal of Gastrointestinal Pathophysiology},
  year = {2014},
  volume = {5},
  number = {3},
  pages = {213--227},
  doi = {10.4291/wjgp.v5.i3.213}
}

@article{zinc20,
  author = {Irwin, John J. and Tang, Ling and Young, Jared and Dandarchuluun, Chinzorig and Wong, Benjamin R. and Khurelbaatar, Munkhzul and Moroz, Yurii S. and Mayfield, James and Sayle, Roger A.},
  title = {ZINC20—A Free Ultralarge-Scale Chemical Database for Ligand Discovery},
  journal = {Journal of Chemical Information and Modeling},
  year = {2020},
  doi = {10.1021/acs.jcim.0c00675}
}

@misc{zinc250k,
  author = {Basu, Victor},
  title = {ZINC250K Dataset},
  year = {2021},
  publisher = {Kaggle},
    URL = {https://kaggle.com/datasets/basu369victor/zinc250k}
}

@article{admetsar,
  author = {Yang, Hongbin and Lou, Chaofeng and Sun, Lixia and Li, Jie and Cai, Yingchun and Wang, Zhuang and Li, Weihua and Liu, Guixia and Tang, Yun},
  title = {{admetSAR} 2.0: web-service for prediction and optimization of chemical {ADMET} properties},
  journal = {Bioinformatics},
  volume = {35},
  number = {6},
  pages = {1067--1069},
  year = {2018},
  doi = {10.1093/bioinformatics/bty707}
}

@article{guan2018admet,
    author = {Guan, Longfei and Yang, Hongbin and Cai, Yingchun and Sun, Lixia and Di, Peiwen and Li, Weihua and Liu, Guixia and Tang, Yun},
    title = {{ADMET-score} - a comprehensive scoring function for evaluation of chemical drug-likeness},
  journal = {MedChemComm},
  year = {2018},
  volume = {10},
  number = {1},
  pages = {148--157},
  doi = {10.1039/c8md00472b}
}

@article{drago_activity_2001,
  author = {Drago, L. and {De Vecchi}, E. and Mombelli, B. and Nicola, L. and Valli, M. and Gismondo, M. R.},
  title = {Activity of levofloxacin and ciprofloxacin against urinary pathogens},
  journal = {Journal of Antimicrobial Chemotherapy},
  volume = {48},
  number = {1},
  pages = {37--45},
  year = {2001},
  doi = {10.1093/jac/48.1.37}
}

@inproceedings{vaswani,
  author = {Vaswani, Ashish and Shazeer, Noam and Parmar, Niki and Uszkoreit, Jakob and Jones, Llion and {Gomez}, Aidan N. and Kaiser, {Łukasz} and Polosukhin, Illia},
  title = {Attention is All You Need},
  booktitle = {Proceedings of the 31st International Conference on Neural Information Processing Systems},
  year = {2017},
  pages = {6000--6010},
  publisher = {Curran Associates Inc.},
  address = {Red Hook, NY, USA},
  series = {NIPS'17},
  location = {Long Beach, California, USA},
  isbn = {9781510860964},
  numpages = {11}
}


@article{ciprofloxacin,
  author = {Jakobsen, Lotte and Lundberg, Carina Vingsbro and {Frimodt-Møller}, Niels},
  title = {Ciprofloxacin Pharmacokinetics/Pharmacodynamics against Susceptible and Low-Level Resistant Escherichia coli Isolates in an Experimental Ascending Urinary Tract Infection Model in Mice},
  journal = {Antimicrobial Agents and Chemotherapy},
  volume = {65},
  number = {1},
  year = {2020},
  doi = {10.1128/aac.01804-20}
}

@article{Fiscato2018,
  author = {Fiscato, Marco and Vaucher, Alain C. and Segler, Marwin},
  title = {{GuacaMol All SMILES}},
  year = {2018},
  month = {11},
  url = {https://figshare.com/articles/dataset/GuacaMol_All_SMILES/7322252},
  doi = {10.6084/m9.figshare.7322252.v2}
}

@article{pattanaik_molecular_2020,
  author = {Pattanaik, Lagnajit and Coley, Connor W.},
  title = {Molecular {Representation}: {Going} {Long} on {Fingerprints}},
  volume = {6},
  issn = {2451-9294},
  doi = {10.1016/j.chempr.2020.05.002},
  number = {6},
  journal = {Chem},
  month = jun,
  year = {2020},
  pages = {1204--1207}
}

@article{tdc,
  author = {Huang, Kexin and Fu, Tianfan and Gao, Wenhao and Zhao, Yue and Roohani, Yusuf and Leskovec, Jure and Coley, Connor W. and Xiao, Cao and Sun, Jimeng and Zitnik, Marinka},
  title = {Therapeutics Data Commons: Machine Learning Datasets and Tasks for Drug Discovery and Development},
  journal = {Proceedings of Neural Information Processing Systems, NeurIPS Datasets and Benchmarks},
  year = {2021}
}

@article{pampa,
  author = {Siramshetty, Vishal and Williams, Jordan and {Nguyen}, {Dac-Trung} and Neyra, Jorge and Southall, Noel and {Mathé}, Ewy and Xu, Xin and Shah, Pranav},
  title = {Validating ADME QSAR Models Using Marketed Drugs},
  journal = {SLAS DISCOVERY: Advancing the Science of Drug Discovery},
  volume = {26},
  number = {10},
  pages = {1326-1336},
  year = {2021},
  doi = {10.1177/24725552211017520}
}

