@inproceedings{bao2022fast,
	title={Fast composite optimization and statistical recovery in federated learning},
	author={Bao, Yajie and Crawshaw, Michael and Luo, Shan and Liu, Mingrui},
	booktitle={International Conference on Machine Learning},
	pages={1508--1536},
	year={2022},
}

@article{c1,
  title={Distributed networked real-time learning},
  author={Garcia, Alfredo and Wang, Luochao and Huang, Jeff and Hong, Lingzhou},
  journal={IEEE Transactions on Control of Network Systems},
  volume={8},
  number={1},
  pages={28--38},
  year={2020},
}

@inproceedings{c2,
  title={Private non-convex federated learning without a trusted server},
  author={Lowy, Andrew and Ghafelebashi, Ali and Razaviyayn, Meisam},
  booktitle={International Conference on Artificial Intelligence and Statistics},
  pages={5749--5786},
  year={2023},
}

@article{c3,
  title={On convergence of {FedProx}: Local dissimilarity invariant bounds, non-smoothness and beyond},
  author={Yuan, Xiaotong and Li, Ping},
  journal={Advances in Neural Information Processing Systems},
  volume={35},
  pages={10752--10765},
  year={2022}
}

@article{he2014strictly,
	title={A strictly contractive {P}eaceman--{R}achford splitting method for convex programming},
	author={He, Bingsheng and Liu, Han and Wang, Zhaoran and Yuan, Xiaoming},
	journal={SIAM Journal on Optimization},
	volume={24},
	number={3},
	pages={1011--1040},
	year={2014},
	publisher={SIAM}
}

@article{karimireddy2020mime,
  title={Mime: Mimicking centralized stochastic algorithms in federated learning},
  author={Karimireddy, Sai Praneeth and Jaggi, Martin and Kale, Satyen and Mohri, Mehryar and Reddi, Sashank J and Stich, Sebastian U and Suresh, Ananda Theertha},
  journal={arXiv preprint arXiv:2008.03606},
  year={2020}
}

@inproceedings{karimireddy2020scaffold,
	title={Scaffold: Stochastic controlled averaging for federated learning},
	author={Karimireddy, Sai Praneeth and Kale, Satyen and Mohri, Mehryar and Reddi, Sashank and Stich, Sebastian and Suresh, Ananda Theertha},
	booktitle={International Conference on Machine Learning},
	pages={5132--5143},
	year={2020}
}

@inproceedings{li2019convergence,
	title={On the Convergence of {FedAvg} on Non-IID Data},
	author={Li, Xiang and Huang, Kaixuan and Yang, Wenhao and Wang, Shusen and Zhang, Zhihua},
	booktitle={International Conference on Learning Representations},
	year={2019}
}

@article{li2020federated-fedprox,
	title={Federated optimization in heterogeneous networks},
	author={Li, Tian and Sahu, Anit Kumar and Zaheer, Manzil and Sanjabi, Maziar and Talwalkar, Ameet and Smith, Virginia},
	journal={Proceedings of Machine Learning and Systems},
	volume={2},
	pages={429--450},
	year={2020}
}

@inproceedings{mcmahan2017communication,
	title={Communication-efficient learning of deep networks from decentralized data},
	author={McMahan, Brendan and Moore, Eider and Ramage, Daniel and Hampson, Seth and y Arcas, Blaise Aguera},
	booktitle={Artificial Intelligence and Statistics},
	pages={1273--1282},
	year={2017},
}

@article{nesterov2009primal,
	title={Primal-dual subgradient methods for convex problems},
	author={Nesterov, Yurii},
	journal={Mathematical Programming},
	volume={120},
	number={1},
	pages={221--259},
	year={2009},
	publisher={Springer}
}

@article{pathak2020fedsplit,
	title={{FedSplit}: An algorithmic framework for fast federated optimization},
	author={Pathak, Reese and Wainwright, Martin J},
	journal={Advances in Neural Information Processing Systems},
	volume={33},
	pages={7057--7066},
	year={2020}
}

@inproceedings{stich2018local,
	title={Local {SGD} Converges Fast and Communicates Little},
	author={Stich, Sebastian U},
	booktitle={International Conference on Learning Representations},
	year={2018}
}

@article{tran2021feddr,
	title={{FedDR}--randomized {Douglas-Rachford} splitting algorithms for nonconvex federated composite optimization},
	author={Tran Dinh, Quoc and Pham, Nhan H and Phan, Dzung and Nguyen, Lam},
	journal={Advances in Neural Information Processing Systems},
	volume={34},
	pages={30326--30338},
	year={2021}
}

@inproceedings{wang2022fedadmm,
	title={{FedADMM}: A federated primal-dual algorithm allowing partial participation},
	author={Wang, Han and Marella, Siddartha and Anderson, James},
	booktitle={2022 IEEE 61st Conference on Decision and Control (CDC)},
	pages={287--294},
	year={2022},
	
}

@inproceedings{yuan2021federated,
	title={Federated composite optimization},
	author={Yuan, Honglin and Zaheer, Manzil and Reddi, Sashank},
	booktitle={International Conference on Machine Learning},
	pages={12253--12266},
	year={2021},
}

@article{zhang2021fedpd,
	title={{FedPD}: A federated learning framework with adaptivity to non-iid data},
	author={Zhang, Xinwei and Hong, Mingyi and Dhople, Sairaj and Yin, Wotao and Liu, Yang},
	journal={IEEE Transactions on Signal Processing},
	volume={69},
	pages={6055--6070},
	year={2021},
	publisher={IEEE}
}

