@misc{acarFederatedLearningBased2021a,
  title = {Federated {{Learning Based}} on {{Dynamic Regularization}}},
  author = {Acar, Durmus Alp Emre and Zhao, Yue and Navarro, Ramon Matas and Mattina, Matthew and Whatmough, Paul N. and Saligrama, Venkatesh},
  year = {2021},
  month = nov,
  number = {arXiv:2111.04263},
  eprint = {2111.04263},
  primaryclass = {cs},
  publisher = {arXiv},
  archiveprefix = {arXiv},
  langid = {english},
  keywords = {Computer Science - Distributed Parallel and Cluster Computing,Computer Science - Machine Learning}
}

@misc{baumgartNotAllFederated2024,
  title = {Not {{All Federated Learning Algorithms Are Created Equal}}: {{A Performance Evaluation Study}}},
  shorttitle = {Not {{All Federated Learning Algorithms Are Created Equal}}},
  author = {Baumgart, Gustav A. and Shin, Jaemin and Payani, Ali and Lee, Myungjin and Kompella, Ramana Rao},
  year = {2024},
  month = mar,
  number = {arXiv:2403.17287},
  eprint = {2403.17287},
  primaryclass = {cs},
  publisher = {arXiv},
  archiveprefix = {arXiv},
  langid = {english},
  keywords = {Computer Science - Distributed Parallel and Cluster Computing,Computer Science - Machine Learning}
}

@article{di2024survey,
  title={A survey on error-bounded lossy compression for scientific datasets},
  author={Di, Sheng and Liu, Jinyang and Zhao, Kai and Liang, Xin and Underwood, Robert and Zhang, Zhaorui and Shah, Milan and Huang, Yafan and Huang, Jiajun and Yu, Xiaodong and others},
  journal={arXiv preprint arXiv:2404.02840},
  year={2024}
}

@misc{guoParameterEfficientTransferLearning2021,
  title = {Parameter-{{Efficient Transfer Learning}} with {{Diff Pruning}}},
  author = {Guo, Demi and Rush, Alexander M. and Kim, Yoon},
  year = {2021},
  month = jun,
  number = {arXiv:2012.07463},
  eprint = {2012.07463},
  primaryclass = {cs},
  publisher = {arXiv},
  archiveprefix = {arXiv},
  langid = {english},
  keywords = {Computer Science - Computation and Language,Computer Science - Machine Learning}
}

@misc{hanParameterEfficientFineTuningLarge2024,
  title = {Parameter-{{Efficient Fine-Tuning}} for {{Large Models}}: {{A Comprehensive Survey}}},
  shorttitle = {Parameter-{{Efficient Fine-Tuning}} for {{Large Models}}},
  author = {Han, Zeyu and Gao, Chao and Liu, Jinyang and Zhang, Jeff and Zhang, Sai Qian},
  year = {2024},
  month = apr,
  number = {arXiv:2403.14608},
  eprint = {2403.14608},
  primaryclass = {cs},
  publisher = {arXiv},
  archiveprefix = {arXiv},
  langid = {english},
  keywords = {Computer Science - Machine Learning}
}

@misc{heUnifiedViewParameterEfficient2022,
  title = {Towards a {{Unified View}} of {{Parameter-Efficient Transfer Learning}}},
  author = {He, Junxian and Zhou, Chunting and Ma, Xuezhe and {Berg-Kirkpatrick}, Taylor and Neubig, Graham},
  year = {2022},
  month = feb,
  number = {arXiv:2110.04366},
  eprint = {2110.04366},
  primaryclass = {cs},
  publisher = {arXiv},
  archiveprefix = {arXiv},
  langid = {english},
  keywords = {Computer Science - Computation and Language,Computer Science - Machine Learning}
}

@misc{hsuMeasuringEffectsNonIdentical2019,
  title = {Measuring the {{Effects}} of {{Non-Identical Data Distribution}} for {{Federated Visual Classification}}},
  author = {Hsu, Tzu-Ming Harry and Qi, Hang and Brown, Matthew},
  year = {2019},
  month = sep,
  number = {arXiv:1909.06335},
  eprint = {1909.06335},
  primaryclass = {cs, stat},
  publisher = {arXiv},
  archiveprefix = {arXiv},
  langid = {english},
  keywords = {Computer Science - Computer Vision and Pattern Recognition,Computer Science - Machine Learning,Statistics - Machine Learning}
}

@article{huang2023c,
  title={C-Coll: Introducing error-bounded lossy compression into MPI collectives},
  author={Huang, Jiajun and Di, Sheng and Yu, Xiaodong and Zhai, Yujia and Liu, Jinyang and Raffenetti, Ken and Zhou, Hui and Zhao, Kai and Chen, Zizhong and Cappello, Franck and others},
  journal={arXiv preprint arXiv:2304.03890},
  year={2023}
}

@inproceedings{huang2024optimized,
  title={An optimized error-controlled mpi collective framework integrated with lossy compression},
  author={Huang, Jiajun and Di, Sheng and Yu, Xiaodong and Zhai, Yujia and Zhang, Zhaorui and Liu, Jinyang and Lu, Xiaoyi and Raffenetti, Ken and Zhou, Hui and Zhao, Kai and others},
  booktitle={2024 IEEE International Parallel and Distributed Processing Symposium (IPDPS)},
  pages={752--764},
  year={2024},
  organization={IEEE}
}

@inproceedings{karimireddySCAFFOLDStochasticControlled2020,
  title = {{{SCAFFOLD}}: {{Stochastic Controlled Averaging}} for {{Federated Learning}}},
  shorttitle = {{{SCAFFOLD}}},
  booktitle = {Proceedings of the 37th {{International Conference}} on {{Machine Learning}}},
  author = {Karimireddy, Sai Praneeth and Kale, Satyen and Mohri, Mehryar and Reddi, Sashank and Stich, Sebastian and Suresh, Ananda Theertha},
  year = {2020},
  month = nov,
  pages = {5132--5143},
  publisher = {PMLR},
  issn = {2640-3498},
  langid = {english}
}

@inproceedings{liFederatedLearningNonIID2022a,
  title = {Federated {{Learning}} on {{Non-IID Data Silos}}: {{An Experimental Study}}},
  shorttitle = {Federated {{Learning}} on {{Non-IID Data Silos}}},
  booktitle = {2022 {{IEEE}} 38th {{International Conference}} on {{Data Engineering}} ({{ICDE}})},
  author = {Li, Qinbin and Diao, Yiqun and Chen, Quan and He, Bingsheng},
  year = {2022},
  month = may,
  pages = {965--978},
  issn = {2375-026X},
  doi = {10.1109/ICDE53745.2022.00077},
  langid = {english},
  keywords = {Benchmark,Collaborative work,Data privacy,Distributed databases,Federated Learning,Machine learning,Machine learning algorithms,Organizations,Training data}
}

@article{liFederatedOptimizationHeterogeneous,
  title = {Federated {{Optimization}} in {{Heterogeneous Networks}}},
  author = {Li, Tian and Sahu, Anit Kumar and Zaheer, Manzil and Sanjabi, Maziar and Talwalkar, Ameet and Smith, Virginia},
  langid = {english}
}

@misc{liPrefixTuningOptimizingContinuous2021,
  title = {Prefix-{{Tuning}}: {{Optimizing Continuous Prompts}} for {{Generation}}},
  shorttitle = {Prefix-{{Tuning}}},
  author = {Li, Xiang Lisa and Liang, Percy},
  year = {2021},
  month = jan,
  number = {arXiv:2101.00190},
  eprint = {2101.00190},
  primaryclass = {cs},
  publisher = {arXiv},
  archiveprefix = {arXiv},
  langid = {english},
  keywords = {Computer Science - Computation and Language}
}

@misc{liuWhatMakesGood2024,
  title = {What {{Makes Good Data}} for {{Alignment}}? {{A Comprehensive Study}} of {{Automatic Data Selection}} in {{Instruction Tuning}}},
  shorttitle = {What {{Makes Good Data}} for {{Alignment}}?},
  author = {Liu, Wei and Zeng, Weihao and He, Keqing and Jiang, Yong and He, Junxian},
  year = {2024},
  month = apr,
  number = {arXiv:2312.15685},
  eprint = {2312.15685},
  primaryclass = {cs},
  publisher = {arXiv},
  doi = {10.48550/arXiv.2312.15685},
  archiveprefix = {arXiv},
  langid = {english},
  keywords = {Computer Science - Artificial Intelligence,Computer Science - Computation and Language,Computer Science - Machine Learning}
}

@article{luFederatedLearningNonIID2024,
  title = {Federated {{Learning With Non-IID Data}}: {{A Survey}}},
  shorttitle = {Federated {{Learning With Non-IID Data}}},
  author = {Lu, Zili and Pan, Heng and Dai, Yueyue and Si, Xueming and Zhang, Yan},
  year = {2024},
  month = jun,
  journal = {IEEE Internet of Things Journal},
  volume = {11},
  number = {11},
  pages = {19188--19209},
  issn = {2327-4662},
  doi = {10.1109/JIOT.2024.3376548},
  langid = {english},
  keywords = {Adaptation models,Communication efficiency,Convergence,Data models,Distributed databases,federated learning (FL),Internet of Things,Internet of Things (IoT),nonindependent and identically distributed (non-IID) data,privacy preservation,Servers,survey,Training}
}

@misc{maoUniPELTUnifiedFramework2022,
  title = {{{UniPELT}}: {{A Unified Framework}} for {{Parameter-Efficient Language Model Tuning}}},
  shorttitle = {{{UniPELT}}},
  author = {Mao, Yuning and Mathias, Lambert and Hou, Rui and Almahairi, Amjad and Ma, Hao and Han, Jiawei and Yih, Wen-tau and Khabsa, Madian},
  year = {2022},
  month = sep,
  number = {arXiv:2110.07577},
  eprint = {2110.07577},
  primaryclass = {cs},
  publisher = {arXiv},
  doi = {10.48550/arXiv.2110.07577},
  archiveprefix = {arXiv},
  langid = {english},
  keywords = {Computer Science - Artificial Intelligence,Computer Science - Computation and Language,Computer Science - Machine Learning}
}

@misc{raffelExploringLimitsTransfer2023,
  title = {Exploring the {{Limits}} of {{Transfer Learning}} with a {{Unified Text-to-Text Transformer}}},
  author = {Raffel, Colin and Shazeer, Noam and Roberts, Adam and Lee, Katherine and Narang, Sharan and Matena, Michael and Zhou, Yanqi and Li, Wei and Liu, Peter J.},
  year = {2023},
  month = sep,
  number = {arXiv:1910.10683},
  eprint = {1910.10683},
  primaryclass = {cs, stat},
  publisher = {arXiv},
  archiveprefix = {arXiv},
  langid = {english},
  keywords = {Computer Science - Computation and Language,Computer Science - Machine Learning,Statistics - Machine Learning}
}

@misc{reddiAdaptiveFederatedOptimization2021,
  title = {Adaptive {{Federated Optimization}}},
  author = {Reddi, Sashank and Charles, Zachary and Zaheer, Manzil and Garrett, Zachary and Rush, Keith and Kone{\v c}n{\'y}, Jakub and Kumar, Sanjiv and McMahan, H. Brendan},
  year = {2021},
  month = sep,
  number = {arXiv:2003.00295},
  eprint = {2003.00295},
  primaryclass = {cs, math, stat},
  publisher = {arXiv},
  archiveprefix = {arXiv},
  langid = {english},
  keywords = {Computer Science - Distributed Parallel and Cluster Computing,Computer Science - Machine Learning,Mathematics - Optimization and Control,Statistics - Machine Learning}
}

@misc{shenRethinkingDataSelection2024,
  title = {Rethinking {{Data Selection}} for {{Supervised Fine-Tuning}}},
  author = {Shen, Ming},
  year = {2024},
  month = feb,
  number = {arXiv:2402.06094},
  eprint = {2402.06094},
  primaryclass = {cs},
  publisher = {arXiv},
  doi = {10.48550/arXiv.2402.06094},
  archiveprefix = {arXiv},
  langid = {english},
  keywords = {Computer Science - Computation and Language}
}

@misc{touvronLLaMAOpenEfficient2023,
  title = {{{LLaMA}}: {{Open}} and {{Efficient Foundation Language Models}}},
  shorttitle = {{{LLaMA}}},
  author = {Touvron, Hugo and Lavril, Thibaut and Izacard, Gautier and Martinet, Xavier and Lachaux, Marie-Anne and Lacroix, Timoth{\'e}e and Rozi{\`e}re, Baptiste and Goyal, Naman and Hambro, Eric and Azhar, Faisal and Rodriguez, Aurelien and Joulin, Armand and Grave, Edouard and Lample, Guillaume},
  year = {2023},
  month = feb,
  number = {arXiv:2302.13971},
  eprint = {2302.13971},
  primaryclass = {cs},
  publisher = {arXiv},
  archiveprefix = {arXiv},
  langid = {english},
  keywords = {Computer Science - Computation and Language}
}

@misc{touvronLlamaOpenFoundation2023,
  title = {Llama 2: {{Open Foundation}} and {{Fine-Tuned Chat Models}}},
  shorttitle = {Llama 2},
  author = {Touvron, Hugo and Martin, Louis and Stone, Kevin and Albert, Peter and Almahairi, Amjad and Babaei, Yasmine and Bashlykov, Nikolay and Batra, Soumya and Bhargava, Prajjwal and Bhosale, Shruti and Bikel, Dan and Blecher, Lukas and Ferrer, Cristian Canton and Chen, Moya and Cucurull, Guillem and Esiobu, David and Fernandes, Jude and Fu, Jeremy and Fu, Wenyin and Fuller, Brian and Gao, Cynthia and Goswami, Vedanuj and Goyal, Naman and Hartshorn, Anthony and Hosseini, Saghar and Hou, Rui and Inan, Hakan and Kardas, Marcin and Kerkez, Viktor and Khabsa, Madian and Kloumann, Isabel and Korenev, Artem and Koura, Punit Singh and Lachaux, Marie-Anne and Lavril, Thibaut and Lee, Jenya and Liskovich, Diana and Lu, Yinghai and Mao, Yuning and Martinet, Xavier and Mihaylov, Todor and Mishra, Pushkar and Molybog, Igor and Nie, Yixin and Poulton, Andrew and Reizenstein, Jeremy and Rungta, Rashi and Saladi, Kalyan and Schelten, Alan and Silva, Ruan and Smith, Eric Michael and Subramanian, Ranjan and Tan, Xiaoqing Ellen and Tang, Binh and Taylor, Ross and Williams, Adina and Kuan, Jian Xiang and Xu, Puxin and Yan, Zheng and Zarov, Iliyan and Zhang, Yuchen and Fan, Angela and Kambadur, Melanie and Narang, Sharan and Rodriguez, Aurelien and Stojnic, Robert and Edunov, Sergey and Scialom, Thomas},
  year = {2023},
  month = jul,
  number = {arXiv:2307.09288},
  eprint = {2307.09288},
  primaryclass = {cs},
  publisher = {arXiv},
  doi = {10.48550/arXiv.2307.09288},
  archiveprefix = {arXiv},
  langid = {english},
  keywords = {Computer Science - Artificial Intelligence,Computer Science - Computation and Language}
}

@misc{valipourDyLoRAParameterEfficient2023,
  title = {{{DyLoRA}}: {{Parameter Efficient Tuning}} of {{Pre-trained Models}} Using {{Dynamic Search-Free Low-Rank Adaptation}}},
  shorttitle = {{{DyLoRA}}},
  author = {Valipour, Mojtaba and Rezagholizadeh, Mehdi and Kobyzev, Ivan and Ghodsi, Ali},
  year = {2023},
  month = apr,
  number = {arXiv:2210.07558},
  eprint = {2210.07558},
  primaryclass = {cs},
  publisher = {arXiv},
  archiveprefix = {arXiv},
  langid = {english},
  keywords = {Computer Science - Computation and Language,Computer Science - Machine Learning}
}

@misc{zakenBitFitSimpleParameterefficient2022,
  title = {{{BitFit}}: {{Simple Parameter-efficient Fine-tuning}} for {{Transformer-based Masked Language-models}}},
  shorttitle = {{{BitFit}}},
  author = {Zaken, Elad Ben and Ravfogel, Shauli and Goldberg, Yoav},
  year = {2022},
  month = sep,
  number = {arXiv:2106.10199},
  eprint = {2106.10199},
  primaryclass = {cs},
  publisher = {arXiv},
  doi = {10.48550/arXiv.2106.10199},
  archiveprefix = {arXiv},
  langid = {english},
  keywords = {Computer Science - Computation and Language,Computer Science - Machine Learning}
}

@misc{zhangOPTOpenPretrained2022,
  title = {{{OPT}}: {{Open Pre-trained Transformer Language Models}}},
  shorttitle = {{{OPT}}},
  author = {Zhang, Susan and Roller, Stephen and Goyal, Naman and Artetxe, Mikel and Chen, Moya and Chen, Shuohui and Dewan, Christopher and Diab, Mona and Li, Xian and Lin, Xi Victoria and Mihaylov, Todor and Ott, Myle and Shleifer, Sam and Shuster, Kurt and Simig, Daniel and Koura, Punit Singh and Sridhar, Anjali and Wang, Tianlu and Zettlemoyer, Luke},
  year = {2022},
  month = jun,
  number = {arXiv:2205.01068},
  eprint = {2205.01068},
  primaryclass = {cs},
  publisher = {arXiv},
  doi = {10.48550/arXiv.2205.01068},
  archiveprefix = {arXiv},
  langid = {english},
  keywords = {Computer Science - Computation and Language,Computer Science - Machine Learning}
}

