@inproceedings{bonev2023spherical,
  title={Spherical fourier neural operators: Learning stable dynamics on the sphere},
  author={Bonev, Boris and Kurth, Thorsten and Hundt, Christian and Pathak, Jaideep and Baust, Maximilian and Kashinath, Karthik and Anandkumar, Anima},
  booktitle={International conference on machine learning},
  pages={2806--2823},
  year={2023},
  organization={PMLR}
}

@article{chang2023llm4ts,
  title={LLM4TS: Two-Stage Fine-Tuning for Time-Series Forecasting with Pre-Trained LLMs},
  author={Chang, Ching and Peng, Wen-Chih and Chen, Tien-Fu},
  journal={arXiv preprint arXiv:2308.08469},
  year={2023}
}

@misc{chang2024llm4tsaligningpretrainedllms,
      title={LLM4TS: Aligning Pre-Trained LLMs as Data-Efficient Time-Series Forecasters}, 
      author={Ching Chang and Wei-Yao Wang and Wen-Chih Peng and Tien-Fu Chen},
      year={2024},
      eprint={2308.08469},
      archivePrefix={arXiv},
      primaryClass={cs.LG},
      url={https://arxiv.org/abs/2308.08469}, 
}

@misc{chen2019neuralordinarydifferentialequations,
      title={Neural Ordinary Differential Equations}, 
      author={Ricky T. Q. Chen and Yulia Rubanova and Jesse Bettencourt and David Duvenaud},
      year={2019},
      eprint={1806.07366},
      archivePrefix={arXiv},
      primaryClass={cs.LG},
      url={https://arxiv.org/abs/1806.07366}, 
}

@article{chen2023fuxi,
  title={FuXi: A cascade machine learning forecasting system for 15-day global weather forecast},
  author={Chen, Lei and Zhong, Xiaohui and Zhang, Feng and Cheng, Yuan and Xu, Yinghui and Qi, Yuan and Li, Hao},
  journal={npj Climate and Atmospheric Science},
  volume={6},
  number={1},
  pages={190},
  year={2023},
  publisher={Nature Publishing Group UK London}
}

@article{eldele2024tslanet,
  title={Tslanet: Rethinking transformers for time series representation learning},
  author={Eldele, Emadeldeen and Ragab, Mohamed and Chen, Zhenghua and Wu, Min and Li, Xiaoli},
  journal={arXiv preprint arXiv:2404.08472},
  year={2024}
}

@article{hewage2021deep,
  title={Deep learning-based effective fine-grained weather forecasting model},
  author={Hewage, Pradeep and Trovati, Marcello and Pereira, Ella and Behera, Ardhendu},
  journal={Pattern Analysis and Applications},
  volume={24},
  number={1},
  pages={343--366},
  year={2021},
  publisher={Springer}
}

@article{jin2023time,
  title={Time-llm: Time series forecasting by reprogramming large language models},
  author={Jin, Ming and Wang, Shiyu and Ma, Lintao and Chu, Zhixuan and Zhang, James Y and Shi, Xiaoming and Chen, Pin-Yu and Liang, Yuxuan and Li, Yuan-Fang and Pan, Shirui and others},
  journal={arXiv preprint arXiv:2310.01728},
  year={2023}
}

@article{lam2022graphcast,
  title={GraphCast: Learning skillful medium-range global weather forecasting},
  author={Lam, Remi and Sanchez-Gonzalez, Alvaro and Willson, Matthew and Wirnsberger, Peter and Fortunato, Meire and Alet, Ferran and Ravuri, Suman and Ewalds, Timo and Eaton-Rosen, Zach and Hu, Weihua and others},
  journal={arXiv preprint arXiv:2212.12794},
  year={2022}
}

@article{leinonen2023latent,
  title={Latent diffusion models for generative precipitation nowcasting with accurate uncertainty quantification},
  author={Leinonen, Jussi and Hamann, Ulrich and Nerini, Daniele and Germann, Urs and Franch, Gabriele},
  journal={arXiv preprint arXiv:2304.12891},
  year={2023}
}

@inproceedings{li2020ddtcdr,
	title        = {Ddtcdr: Deep dual transfer cross domain recommendation},
	author       = {Li, Pan and Tuzhilin, Alexander},
	year         = 2020,
	booktitle    = {Proceedings of the 13th International Conference on Web Search and Data Mining},
	pages        = {331--339}
}

@misc{li2024cllmatemultimodalllmweather,
      title={CLLMate: A Multimodal LLM for Weather and Climate Events Forecasting}, 
      author={Haobo Li and Zhaowei Wang and Jiachen Wang and Alexis Kai Hon Lau and Huamin Qu},
      year={2024},
      eprint={2409.19058},
      archivePrefix={arXiv},
      primaryClass={cs.LG},
      url={https://arxiv.org/abs/2409.19058}, 
}

@misc{liu2024calfaligningllmstime,
      title={CALF: Aligning LLMs for Time Series Forecasting via Cross-modal Fine-Tuning}, 
      author={Peiyuan Liu and Hang Guo and Tao Dai and Naiqi Li and Jigang Bao and Xudong Ren and Yong Jiang and Shu-Tao Xia},
      year={2024},
      eprint={2403.07300},
      archivePrefix={arXiv},
      primaryClass={cs.LG},
      url={https://arxiv.org/abs/2403.07300}, 
}

@article{molteni1996ecmwf,
  title={The ECMWF ensemble prediction system: Methodology and validation},
  author={Molteni, Franco and Buizza, Roberto and Palmer, Tim N and Petroliagis, Thomas},
  journal={Quarterly journal of the royal meteorological society},
  volume={122},
  number={529},
  pages={73--119},
  year={1996},
  publisher={Wiley Online Library}
}

@article{pathak2022fourcastnet,
  title={Fourcastnet: A global data-driven high-resolution weather model using adaptive fourier neural operators},
  author={Pathak, Jaideep and Subramanian, Shashank and Harrington, Peter and Raja, Sanjeev and Chattopadhyay, Ashesh and Mardani, Morteza and Kurth, Thorsten and Hall, David and Li, Zongyi and Azizzadenesheli, Kamyar and others},
  journal={arXiv preprint arXiv:2202.11214},
  year={2022}
}

@article{price2023gencast,
  title={Gencast: Diffusion-based ensemble forecasting for medium-range weather},
  author={Price, Ilan and Sanchez-Gonzalez, Alvaro and Alet, Ferran and Andersson, Tom R and El-Kadi, Andrew and Masters, Dominic and Ewalds, Timo and Stott, Jacklynn and Mohamed, Shakir and Battaglia, Peter and others},
  journal={arXiv preprint arXiv:2312.15796},
  year={2023}
}

@inproceedings{salman2015weather,
  title={Weather forecasting using deep learning techniques},
  author={Salman, Afan Galih and Kanigoro, Bayu and Heryadi, Yaya},
  booktitle={2015 international conference on advanced computer science and information systems (ICACSIS)},
  pages={281--285},
  year={2015},
  organization={Ieee}
}

@inproceedings{sun2023rapid,
  title={Rapid flood inundation forecast using Fourier neural operator},
  author={Sun, Alexander Y and Li, Zhi and Lee, Wonhyun and Huang, Qixing and Scanlon, Bridget R and Dawson, Clint},
  booktitle={Proceedings of the IEEE/CVF international conference on computer Vision},
  pages={3733--3739},
  year={2023}
}

@misc{sun2024testtextprototypealigned,
      title={TEST: Text Prototype Aligned Embedding to Activate LLM's Ability for Time Series}, 
      author={Chenxi Sun and Hongyan Li and Yaliang Li and Shenda Hong},
      year={2024},
      eprint={2308.08241},
      archivePrefix={arXiv},
      primaryClass={cs.CL},
      url={https://arxiv.org/abs/2308.08241}, 
}

@misc{wang2024exploringlargelanguagemodels,
      title={Exploring Large Language Models for Climate Forecasting}, 
      author={Yang Wang and Hassan A. Karimi},
      year={2024},
      eprint={2411.13724},
      archivePrefix={arXiv},
      primaryClass={cs.LG},
      url={https://arxiv.org/abs/2411.13724}, 
}

@misc{wang2024newsforecastintegratingevent,
      title={From News to Forecast: Integrating Event Analysis in LLM-Based Time Series Forecasting with Reflection}, 
      author={Xinlei Wang and Maike Feng and Jing Qiu and Jinjin Gu and Junhua Zhao},
      year={2024},
      eprint={2409.17515},
      archivePrefix={arXiv},
      primaryClass={cs.AI},
      url={https://arxiv.org/abs/2409.17515}, 
}

@article{yi2024fouriergnn,
  title={FourierGNN: Rethinking multivariate time series forecasting from a pure graph perspective},
  author={Yi, Kun and Zhang, Qi and Fan, Wei and He, Hui and Hu, Liang and Wang, Pengyang and An, Ning and Cao, Longbing and Niu, Zhendong},
  journal={Advances in Neural Information Processing Systems},
  volume={36},
  year={2024}
}

@inproceedings{zhang2023crossformer,
  title={Crossformer: Transformer utilizing cross-dimension dependency for multivariate time series forecasting},
  author={Zhang, Yunhao and Yan, Junchi},
  booktitle={The eleventh international conference on learning representations},
  year={2023}
}

@inproceedings{zhou2022fedformer,
  title={{FEDformer}: Frequency enhanced decomposed transformer for long-term series forecasting},
  author={Zhou, Tian and Ma, Ziqing and Wen, Qingsong and Wang, Xue and Sun, Liang and Jin, Rong},
  booktitle={Proc. 39th International Conference on Machine Learning (ICML 2022)},
  location = {Baltimore, Maryland},
  pages={},
  year={2022}
}

@misc{zhou2023fitsallpowergeneraltime,
      title={One Fits All:Power General Time Series Analysis by Pretrained LM}, 
      author={Tian Zhou and PeiSong Niu and Xue Wang and Liang Sun and Rong Jin},
      year={2023},
      eprint={2302.11939},
      archivePrefix={arXiv},
      primaryClass={cs.LG},
      url={https://arxiv.org/abs/2302.11939}, 
}

