@inproceedings{clayton_2019,
    author = {Clayton, David and Patton, Christopher and Shrimpton, Thomas},
    title = {Probabilistic Data Structures in Adversarial Environments},
    year = {2019},
    isbn = {9781450367479},
    publisher = {Association for Computing Machinery},
    address = {New York, NY, USA},
    url = {https://doi.org/10.1145/3319535.3354235},
    doi = {10.1145/3319535.3354235},
    booktitle = {Proceedings of the 2019 ACM SIGSAC Conference on Computer and Communications Security},
    pages = {1317–1334},
    numpages = {18},
    keywords = {data structures, counting bloom filters, count min-sketches, bloom filters},
    location = {London, United Kingdom},
    series = {CCS '19}
}

@inproceedings{filic_2022,
    title = {Adversarial {Correctness} and {Privacy} for {Probabilistic} {Data} {Structures}},
    language = {en},
    booktitle = {{CCS} '22},
    author = {Filić, Mia and Paterson, Kenneth and Unnikrishnan, Anupama and Virdia, Fernando},
    month = nov,
    year = {2022},
    keywords = {mypapers},
    pages = {1037--1050},
    publisher = {Association for Computing Machinery}
}

@inproceedings{filic_2024,
    title = {Deletions and Dishonesty: Probabilistic Data Structures in Adversarial Settings},
    author = {Filić, Mia and Kocher, Keran and Kummer, Ella and Unnikrishnan, Anupama},
    language = {en},
    booktitle = {{Asiacrypt} '24},
    month = dec,
    year = {2024},
    keywords = {mypapers},
    publisher={IACR}
}

@INPROCEEDINGS{gerbet_2015,
  author={Gerbet, Thomas and Kumar, Amrit and Lauradoux, Cédric},
  booktitle={2015 45th Annual IEEE/IFIP International Conference on Dependable Systems and Networks}, 
  title={The Power of Evil Choices in Bloom Filters}, 
  publisher={IEEE},
  year={2015},
  volume={},
  number={},
  pages={101-112},
  doi={10.1109/DSN.2015.21}
}

@misc{hayder_2024,
      author = {Allison Bishop and Hayder Tirmazi},
      title = {Adversary Resilient Learned Bloom Filters},
      howpublished = {Cryptology {ePrint} Archive, Paper 2024/754},
      year = {2024},
      url = {https://eprint.iacr.org/2024/754}
}

@misc{hayder_2025,
      author = {Hayder Tirmazi},
      title = {A Privacy Model for Classical \& Learned Bloom Filters},
      howpublished = {Cryptology {ePrint} Archive, Paper 2025/125},
      year = {2025},
      url = {https://eprint.iacr.org/2025/125}
}

@article{huynh_et_al_2022,
    author = {Huynh, Andy and Chaudhari, Harshal A. and Terzi, Evimaria and Athanassoulis, Manos},
    title = {Endure: a robust tuning paradigm for LSM trees under workload uncertainty},
    year = {2022},
    issue_date = {April 2022},
    publisher = {VLDB Endowment},
    volume = {15},
    number = {8},
    issn = {2150-8097},
    url = {https://doi.org/10.14778/3529337.3529345},
    doi = {10.14778/3529337.3529345},
    journal = {Proc. VLDB Endow.},
    month = apr,
    pages = {1605–1618},
    numpages = {14}
}

@inproceedings{monkey,
    author = {Dayan, Niv and Athanassoulis, Manos and Idreos, Stratos},
    title = {Monkey: Optimal Navigable Key-Value Store},
    year = {2017},
    isbn = {9781450341974},
    publisher = {Association for Computing Machinery},
    address = {New York, NY, USA},
    url = {https://doi.org/10.1145/3035918.3064054},
    doi = {10.1145/3035918.3064054},
    booktitle = {Proceedings of the 2017 ACM International Conference on Management of Data},
    pages = {79–94},
    numpages = {16},
    keywords = {read/write/memory trade-off, point queries, point lookups, memory hierarchy, lsm-tree, log-structured merge-tree, key-value store, bloom filters, auto-tuning, adaptivity},
    location = {Chicago, Illinois, USA},
    series = {SIGMOD '17}
}

@article{naor_eylon,
    author = {Naor, Moni and Eylon, Yogev},
    title = {Bloom Filters in Adversarial Environments},
    year = {2019},
    issue_date = {July 2019},
    publisher = {Association for Computing Machinery},
    address = {New York, NY, USA},
    volume = {15},
    number = {3},
    issn = {1549-6325},
    url = {https://doi.org/10.1145/3306193},
    doi = {10.1145/3306193},
    journal = {ACM Trans. Algorithms},
    month = {jun},
    articleno = {35},
    numpages = {30},
    keywords = {pseudorandom functions, adaptive inputs, Bloom filter, streaming algorithm}
}

@InProceedings{naor_oved,
    author="Naor, Moni
    and Oved, Noa",
    editor="Kiltz, Eike
    and Vaikuntanathan, Vinod",
    title="Bet-or-Pass: Adversarially Robust Bloom Filters",
    booktitle="Theory of Cryptography",
    year="2022",
    publisher="Springer Nature Switzerland",
    address="Cham",
    pages="777--808"
}

@INPROCEEDINGS{reviriego_2021,
  author={Reviriego, Pedro and Alberto Hernández, José and Dai, Zhenwei and Shrivastava, Anshumali},
  booktitle={2021 IEEE 22nd International Conference on High Performance Switching and Routing (HPSR)}, 
  title={Learned Bloom Filters in Adversarial Environments: A Malicious URL Detection Use-Case}, 
  year={2021},
  volume={},
  number={},
  pages={1-6},
  doi={10.1109/HPSR52026.2021.9481857}}

@article{spooky,
    author = {Dayan, Niv and Weiss, Tamar and Dashevsky, Shmuel and Pan, Michael and Bortnikov, Edward and Twitto, Moshe},
    title = {Spooky: granulating LSM-tree compactions correctly},
    year = {2022},
    issue_date = {July 2022},
    publisher = {VLDB Endowment},
    volume = {15},
    number = {11},
    issn = {2150-8097},
    url = {https://doi.org/10.14778/3551793.3551853},
    doi = {10.14778/3551793.3551853},
    journal = {Proc. VLDB Endow.},
    month = jul,
    pages = {3071–3084},
    numpages = {14}
}

@inproceedings{thakkar_2024,
    author = {Thakkar, Viraj and Sukumar, Madhumitha and Dai, Jiaxin and Singh, Kaushiki and Cao, Zhichao},
    title = {Can Modern LLMs Tune and Configure LSM-based Key-Value Stores?},
    year = {2024},
    isbn = {9798400706301},
    publisher = {Association for Computing Machinery},
    address = {New York, NY, USA},
    url = {https://doi.org/10.1145/3655038.3665954},
    doi = {10.1145/3655038.3665954},
    booktitle = {Proceedings of the 16th ACM Workshop on Hot Topics in Storage and File Systems},
    pages = {116–123},
    numpages = {8},
    keywords = {Automatic Tuning and Configuration, LSM-KVS, Large Language Models},
    location = {Santa Clara, CA, USA},
    series = {HotStorage '24}
}

@inproceedings{zhu_et_al_2024,
author = {Zhu, Zichen and Saha, Arpita and Athanassoulis, Manos and Sarkar, Subhadeep},
title = {KVBench: A Key-Value Benchmarking Suite},
year = {2024},
isbn = {9798400706691},
publisher = {Association for Computing Machinery},
address = {New York, NY, USA},
url = {https://doi.org/10.1145/3662165.3662765},
doi = {10.1145/3662165.3662765},
booktitle = {Proceedings of the Tenth International Workshop on Testing Database Systems},
pages = {9–15},
numpages = {7},
location = {Santiago, AA, Chile},
series = {DBTest '24}
}

