@inproceedings{filic_2024,
    title = {Deletions and Dishonesty: Probabilistic Data Structures in Adversarial Settings},
    author = {Filić, Mia and Kocher, Keran and Kummer, Ella and Unnikrishnan, Anupama},
    language = {en},
    booktitle = {{Asiacrypt} '24},
    month = dec,
    year = {2024},
    keywords = {mypapers},
    publisher={IACR}
}

@misc{pass_shelat,
    author = {Pass, Rafael and Shelat, Abhi},
    title = {A Course in Cryptography},
    howpublished = {Lecture Notes},
    year = {2010},
    note = {Available at: https://www.cs.cornell.edu/courses/cs4830/2010fa/lecnotes.pdf}
}

@inproceedings{filic_2022,
    title = {Adversarial {Correctness} and {Privacy} for {Probabilistic} {Data} {Structures}},
    language = {en},
    booktitle = {{CCS} '22},
    author = {Filić, Mia and Paterson, Kenneth and Unnikrishnan, Anupama and Virdia, Fernando},
    month = nov,
    year = {2022},
    keywords = {mypapers},
    pages = {1037--1050},
    publisher = {Association for Computing Machinery}
}

@misc{lindell_2016,
      author = {Yehuda Lindell},
      title = {How To Simulate It - A Tutorial on the Simulation Proof Technique},
      howpublished = {Cryptology {ePrint} Archive, Paper 2016/046},
      year = {2016},
      url = {https://eprint.iacr.org/2016/046}
}

@misc{hayder_2024,
      author = {Allison Bishop and Hayder Tirmazi},
      title = {Adversary Resilient Learned Bloom Filters},
      howpublished = {Cryptology {ePrint} Archive, Paper 2024/754},
      year = {2024},
      url = {https://eprint.iacr.org/2024/754}
}

@misc{hayder_2025,
      author = {Hayder Tirmazi},
      title = {A Privacy Model for Classical \& Learned Bloom Filters},
      howpublished = {Cryptology {ePrint} Archive, Paper 2025/125},
      year = {2025},
      url = {https://eprint.iacr.org/2025/125}
}

@inproceedings{clayton_2019,
    author = {Clayton, David and Patton, Christopher and Shrimpton, Thomas},
    title = {Probabilistic Data Structures in Adversarial Environments},
    year = {2019},
    isbn = {9781450367479},
    publisher = {Association for Computing Machinery},
    address = {New York, NY, USA},
    url = {https://doi.org/10.1145/3319535.3354235},
    doi = {10.1145/3319535.3354235},
    booktitle = {Proceedings of the 2019 ACM SIGSAC Conference on Computer and Communications Security},
    pages = {1317–1334},
    numpages = {18},
    keywords = {data structures, counting bloom filters, count min-sketches, bloom filters},
    location = {London, United Kingdom},
    series = {CCS '19}
}


@INPROCEEDINGS{reviriego_2021,
  author={Reviriego, Pedro and Alberto Hernández, José and Dai, Zhenwei and Shrivastava, Anshumali},
  booktitle={2021 IEEE 22nd International Conference on High Performance Switching and Routing (HPSR)}, 
  title={Learned Bloom Filters in Adversarial Environments: A Malicious URL Detection Use-Case}, 
  year={2021},
  volume={},
  number={},
  pages={1-6},
  doi={10.1109/HPSR52026.2021.9481857}}


@article{naor_eylon,
    author = {Naor, Moni and Eylon, Yogev},
    title = {Bloom Filters in Adversarial Environments},
    year = {2019},
    issue_date = {July 2019},
    publisher = {Association for Computing Machinery},
    address = {New York, NY, USA},
    volume = {15},
    number = {3},
    issn = {1549-6325},
    url = {https://doi.org/10.1145/3306193},
    doi = {10.1145/3306193},
    journal = {ACM Trans. Algorithms},
    month = {jun},
    articleno = {35},
    numpages = {30},
    keywords = {pseudorandom functions, adaptive inputs, Bloom filter, streaming algorithm}
}

@InProceedings{naor_oved,
    author="Naor, Moni
    and Oved, Noa",
    editor="Kiltz, Eike
    and Vaikuntanathan, Vinod",
    title="Bet-or-Pass: Adversarially Robust Bloom Filters",
    booktitle="Theory of Cryptography",
    year="2022",
    publisher="Springer Nature Switzerland",
    address="Cham",
    pages="777--808"
}

@INPROCEEDINGS{gerbet_2015,
  author={Gerbet, Thomas and Kumar, Amrit and Lauradoux, Cédric},
  booktitle={2015 45th Annual IEEE/IFIP International Conference on Dependable Systems and Networks}, 
  title={The Power of Evil Choices in Bloom Filters}, 
  publisher={IEEE},
  year={2015},
  volume={},
  number={},
  pages={101-112},
  doi={10.1109/DSN.2015.21}
}

@inproceedings{monkey,
    author = {Dayan, Niv and Athanassoulis, Manos and Idreos, Stratos},
    title = {Monkey: Optimal Navigable Key-Value Store},
    year = {2017},
    isbn = {9781450341974},
    publisher = {Association for Computing Machinery},
    address = {New York, NY, USA},
    url = {https://doi.org/10.1145/3035918.3064054},
    doi = {10.1145/3035918.3064054},
    booktitle = {Proceedings of the 2017 ACM International Conference on Management of Data},
    pages = {79–94},
    numpages = {16},
    keywords = {read/write/memory trade-off, point queries, point lookups, memory hierarchy, lsm-tree, log-structured merge-tree, key-value store, bloom filters, auto-tuning, adaptivity},
    location = {Chicago, Illinois, USA},
    series = {SIGMOD '17}
}

@article{spooky,
    author = {Dayan, Niv and Weiss, Tamar and Dashevsky, Shmuel and Pan, Michael and Bortnikov, Edward and Twitto, Moshe},
    title = {Spooky: granulating LSM-tree compactions correctly},
    year = {2022},
    issue_date = {July 2022},
    publisher = {VLDB Endowment},
    volume = {15},
    number = {11},
    issn = {2150-8097},
    url = {https://doi.org/10.14778/3551793.3551853},
    doi = {10.14778/3551793.3551853},
    journal = {Proc. VLDB Endow.},
    month = jul,
    pages = {3071–3084},
    numpages = {14}
}

@article{bloom_1970,
    author = {Bloom, Burton H.},
    title = {Space/time trade-offs in hash coding with allowable errors},
    year = {1970},
    issue_date = {July 1970},
    publisher = {Association for Computing Machinery},
    address = {New York, NY, USA},
    volume = {13},
    number = {7},
    issn = {0001-0782},
    url = {https://doi.org/10.1145/362686.362692},
    doi = {10.1145/362686.362692},
    journal = {Commun. ACM},
    month = jul,
    pages = {422–426},
    numpages = {5},
    keywords = {hash addressing, hash coding, retrieval efficiency, retrieval trade-offs, scatter storage, searching, storage efficiency, storage layout}
}

@article{mitzenmacher_broder,
    author = {Andrei Broder and Michael Mitzenmacher},
    title = {{Network Applications of Bloom Filters: A Survey}},
    volume = {1},
    journal = {Internet Mathematics},
    number = {4},
    publisher = {A K Peters, Ltd.},
    pages = {485 -- 509},
    year = {2003},
}

@inproceedings{wacky,
    author = {Dayan, Niv and Idreos, Stratos},
    title = {The Log-Structured Merge-Bush \& the Wacky Continuum},
    year = {2019},
    isbn = {9781450356435},
    publisher = {Association for Computing Machinery},
    address = {New York, NY, USA},
    url = {https://doi.org/10.1145/3299869.3319903},
    doi = {10.1145/3299869.3319903},
    booktitle = {Proceedings of the 2019 International Conference on Management of Data},
    pages = {449–466},
    numpages = {18},
    keywords = {bloom filters, log-structured merge},
    location = {Amsterdam, Netherlands},
    series = {SIGMOD '19}
}

@inproceedings{bLSM,
    author = {Sears, Russell and Ramakrishnan, Raghu},
    title = {bLSM: a general purpose log structured merge tree},
    year = {2012},
    isbn = {9781450312479},
    publisher = {Association for Computing Machinery},
    address = {New York, NY, USA},
    url = {https://doi.org/10.1145/2213836.2213862},
    doi = {10.1145/2213836.2213862},
    booktitle = {Proceedings of the 2012 ACM SIGMOD International Conference on Management of Data},
    pages = {217–228},
    numpages = {12},
    keywords = {log structured merge tree, merge scheduling, read amplification, read fanout, write amplification},
    location = {Scottsdale, Arizona, USA},
    series = {SIGMOD '12}
}

@misc{wired_tiger,
    title="Wired Tiger",
    author = "MongoDB",
    howpublished = "\url{https://github.com/wiredtiger/wiredtiger}",
    year="2025"
}

@misc{rocks_db,
    title="RocksDB",
    author = "Meta",
    howpublished = "\url{https://github.com/facebook/rocksdb}",
    year="2025"
}

@misc{level_db,
    title="LevelDB",
    author="Google",
    howpublished="\url{https://github.com/google/leveldb/}",
    year = "2025"
}

@misc{hbase,
    title = "HBase",
    author = "Apache",
    howpublished = "\url{http://hbase.apache.org/}",
    year = "2025"
}

@misc{cassandra,
    title = "Cassandra",
    author = "Apache",
    howpublished = "\url{https://cassandra.apache.org/}",
    year = "2025"
}


@misc{badgerdb,
    title = "BadgerDB",
    author = "DGraph",
    howpublished = "\url{https://github.com/hypermodeinc/badger}",
    year = "2025"
}

@misc{hayder_lsm_implementation,
    title = "Source code",
    howpublished = "\url{https://github.com/jadidbourbaki/db_attacks}",
    year = "2025"
}

@book{katz_lindell_2014,
    author = {Katz, Jonathan and Lindell, Yehuda},
    title = {Introduction to Modern Cryptography, Second Edition},
    year = {2014},
    isbn = {1466570261},
    publisher = {Chapman \& Hall/CRC},
    edition = {2nd},
    address = "n/a",
}

@inproceedings{shubham_subhadeep_2024,
    author = {Kaushik, Shubham and Sarkar, Subhadeep},
    title = {Anatomy of the LSM Memory Buffer: Insights \& Implications},
    year = {2024},
    isbn = {9798400706691},
    publisher = {Association for Computing Machinery},
    address = {New York, NY, USA},
    url = {https://doi.org/10.1145/3662165.3662766},
    doi = {10.1145/3662165.3662766},
    booktitle = {Proceedings of the Tenth International Workshop on Testing Database Systems},
    pages = {23–29},
    numpages = {7},
    location = {Santiago, AA, Chile},
    series = {DBTest '24}
}

@inproceedings{thakkar_2024,
    author = {Thakkar, Viraj and Sukumar, Madhumitha and Dai, Jiaxin and Singh, Kaushiki and Cao, Zhichao},
    title = {Can Modern LLMs Tune and Configure LSM-based Key-Value Stores?},
    year = {2024},
    isbn = {9798400706301},
    publisher = {Association for Computing Machinery},
    address = {New York, NY, USA},
    url = {https://doi.org/10.1145/3655038.3665954},
    doi = {10.1145/3655038.3665954},
    booktitle = {Proceedings of the 16th ACM Workshop on Hot Topics in Storage and File Systems},
    pages = {116–123},
    numpages = {8},
    keywords = {Automatic Tuning and Configuration, LSM-KVS, Large Language Models},
    location = {Santa Clara, CA, USA},
    series = {HotStorage '24}
}

@inproceedings{dai_shrivastava_2020,
    author = {Dai, Zhenwei and Shrivastava, Anshumali},
    booktitle = {Advances in Neural Information Processing Systems},
    editor = {H. Larochelle and M. Ranzato and R. Hadsell and M.F. Balcan and H. Lin},
    pages = {11700--11710},
    publisher = {Curran Associates, Inc.},
    title = {Adaptive Learned Bloom Filter (Ada-BF): Efficient Utilization of the Classifier with Application to Real-Time Information Filtering on the Web},
    url = {https://proceedings.neurips.cc/paper_files/paper/2020/file/86b94dae7c6517ec1ac767fd2c136580-Paper.pdf},
    volume = {33},
    year = {2020}
}

@article{huynh_et_al_2022,
    author = {Huynh, Andy and Chaudhari, Harshal A. and Terzi, Evimaria and Athanassoulis, Manos},
    title = {Endure: a robust tuning paradigm for LSM trees under workload uncertainty},
    year = {2022},
    issue_date = {April 2022},
    publisher = {VLDB Endowment},
    volume = {15},
    number = {8},
    issn = {2150-8097},
    url = {https://doi.org/10.14778/3529337.3529345},
    doi = {10.14778/3529337.3529345},
    journal = {Proc. VLDB Endow.},
    month = apr,
    pages = {1605–1618},
    numpages = {14}
}

@inproceedings{zhu_et_al_2024,
author = {Zhu, Zichen and Saha, Arpita and Athanassoulis, Manos and Sarkar, Subhadeep},
title = {KVBench: A Key-Value Benchmarking Suite},
year = {2024},
isbn = {9798400706691},
publisher = {Association for Computing Machinery},
address = {New York, NY, USA},
url = {https://doi.org/10.1145/3662165.3662765},
doi = {10.1145/3662165.3662765},
booktitle = {Proceedings of the Tenth International Workshop on Testing Database Systems},
pages = {9–15},
numpages = {7},
location = {Santiago, AA, Chile},
series = {DBTest '24}
}

@inproceedings{cLSM,
author = {Golan-Gueta, Guy and Bortnikov, Edward and Hillel, Eshcar and Keidar, Idit},
title = {Scaling concurrent log-structured data stores},
year = {2015},
isbn = {9781450332385},
publisher = {Association for Computing Machinery},
address = {New York, NY, USA},
url = {https://doi.org/10.1145/2741948.2741973},
doi = {10.1145/2741948.2741973},
booktitle = {Proceedings of the Tenth European Conference on Computer Systems},
articleno = {32},
numpages = {14},
location = {Bordeaux, France},
series = {EuroSys '15}
}