@article{B-LoRA,
  title={Implicit Style-Content Separation using B-LoRA},
  author={Frenkel, Yarden and Vinker, Yael and Shamir, Ariel and Cohen-Or, Daniel},
  journal={arXiv preprint arXiv:2403.14572},
  year={2024}
}

@article{LoRA,
  title={Lora: Low-rank adaptation of large language models},
  author={Hu, Edward J and Shen, Yelong and Wallis, Phillip and Allen-Zhu, Zeyuan and Li, Yuanzhi and Wang, Shean and Wang, Lu and Chen, Weizhu},
  journal={arXiv preprint arXiv:2106.09685},
  year={2021}
}

@article{LoRA-Composer,
  title={LoRA-Composer: Leveraging Low-Rank Adaptation for Multi-Concept Customization in Training-Free Diffusion Models},
  author={Yang, Yang and Wang, Wen and Peng, Liang and Song, Chaotian and Chen, Yao and Li, Hengjia and Yang, Xiaolong and Lu, Qinglin and Cai, Deng and Wu, Boxi and others},
  journal={arXiv preprint arXiv:2403.11627},
  year={2024}
}

@misc{Mergingloras,
  author       = {Simo Ryu.},
  title        = {Merging loras},
  howpublished = {https://github.com/cloneofsimo/lora},
  year = {2023}
}

@article{Multi-LoRAComposition,
    title={Multi-LoRA Composition for Image Generation},
    author={Zhong, Ming and Shen, Yelong and Wang, Shuohang and Lu, Yadong and Jiao, Yizhu and Ouyang, Siru and Yu, Donghan and Han, Jiawei and Chen, Weizhu},
    journal={arXiv preprint arXiv:2402.16843},
    year={2024}
}

@inproceedings{ZipLoRA,
  title={ZipLoRA: Any subject in any style by effectively merging loras},
  author={Shah, Viraj and Ruiz, Nataniel and Cole, Forrester and Lu, Erika and Lazebnik, Svetlana and Li, Yuanzhen and Jampani, Varun},
  booktitle={European Conference on Computer Vision},
  pages={422--438},
  year={2024},
  organization={Springer}
}

@article{alaluf2023neural,
  title={A neural space-time representation for text-to-image personalization},
  author={Alaluf, Yuval and Richardson, Elad and Metzer, Gal and Cohen-Or, Daniel},
  journal={ACM Transactions on Graphics (TOG)},
  volume={42},
  number={6},
  pages={1--10},
  year={2023},
  publisher={ACM New York, NY, USA}
}

@inproceedings{avrahami2023break,
  title={Break-a-scene: Extracting multiple concepts from a single image},
  author={Avrahami, Omri and Aberman, Kfir and Fried, Ohad and Cohen-Or, Daniel and Lischinski, Dani},
  booktitle={SIGGRAPH Asia 2023 Conference Papers},
  pages={1--12},
  year={2023}
}

@article{dong2024continually,
  title={How to Continually Adapt Text-to-Image Diffusion Models for Flexible Customization?},
  author={Dong, Jiahua and Liang, Wenqi and Li, Hongliu and Zhang, Duzhen and Cao, Meng and Ding, Henghui and Khan, Salman and Khan, Fahad Shahbaz},
  journal={arXiv preprint arXiv:2410.17594},
  year={2024}
}

@article{gu2024mix,
  title={Mix-of-show: Decentralized low-rank adaptation for multi-concept customization of diffusion models},
  author={Gu, Yuchao and Wang, Xintao and Wu, Jay Zhangjie and Shi, Yujun and Chen, Yunpeng and Fan, Zihan and Xiao, Wuyou and Zhao, Rui and Chang, Shuning and Wu, Weijia and others},
  journal={Advances in Neural Information Processing Systems},
  volume={36},
  year={2024}
}

@article{hayou2024lora+,
  title={Lora+: Efficient low rank adaptation of large models},
  author={Hayou, Soufiane and Ghosh, Nikhil and Yu, Bin},
  journal={arXiv preprint arXiv:2402.12354},
  year={2024}
}

@article{jiang2024mc,
  title={MC$^2$: Multi-concept Guidance for Customized Multi-concept Generation},
  author={Jiang, Jiaxiu and Zhang, Yabo and Feng, Kailai and Wu, Xiaohe and Zuo, Wangmeng},
  journal={arXiv preprint arXiv:2404.05268},
  year={2024}
}

@article{kopiczko2023vera,
  title={Vera: Vector-based random matrix adaptation},
  author={Kopiczko, Dawid J and Blankevoort, Tijmen and Asano, Yuki M},
  journal={arXiv preprint arXiv:2310.11454},
  year={2023}
}

@inproceedings{kumari2023multi,
  title={Multi-concept customization of text-to-image diffusion},
  author={Kumari, Nupur and Zhang, Bingliang and Zhang, Richard and Shechtman, Eli and Zhu, Jun-Yan},
  booktitle={Proceedings of the IEEE/CVF Conference on Computer Vision and Pattern Recognition},
  pages={1931--1941},
  year={2023}
}

@article{liu2023cones,
  title={Cones: Concept neurons in diffusion models for customized generation},
  author={Liu, Zhiheng and Feng, Ruili and Zhu, Kai and Zhang, Yifei and Zheng, Kecheng and Liu, Yu and Zhao, Deli and Zhou, Jingren and Cao, Yang},
  journal={arXiv preprint arXiv:2303.05125},
  year={2023}
}

@inproceedings{ren2024melora,
  title={MELoRA: Mini-Ensemble Low-Rank Adapters for Parameter-Efficient Fine-Tuning},
  author={Ren, Pengjie and Shi, Chengshun and Wu, Shiguang and Zhang, Mengqi and Ren, Zhaochun and Rijke, Maarten and Chen, Zhumin and Pei, Jiahuan},
  booktitle={Proceedings of the 62nd Annual Meeting of the Association for Computational Linguistics (Volume 1: Long Papers)},
  pages={3052--3064},
  year={2024}
}

@inproceedings{rombach2022high,
  title={High-resolution image synthesis with latent diffusion models},
  author={Rombach, Robin and Blattmann, Andreas and Lorenz, Dominik and Esser, Patrick and Ommer, Bj{\"o}rn},
  booktitle={Proceedings of the IEEE/CVF conference on computer vision and pattern recognition},
  pages={10684--10695},
  year={2022}
}

@inproceedings{ruiz2023dreambooth,
  title={Dreambooth: Fine tuning text-to-image diffusion models for subject-driven generation},
  author={Ruiz, Nataniel and Li, Yuanzhen and Jampani, Varun and Pritch, Yael and Rubinstein, Michael and Aberman, Kfir},
  booktitle={Proceedings of the IEEE/CVF Conference on Computer Vision and Pattern Recognition},
  year={2023}
}

@inproceedings{shi2024instantbooth,
  title={Instantbooth: Personalized text-to-image generation without test-time finetuning},
  author={Shi, Jing and Xiong, Wei and Lin, Zhe and Jung, Hyun Joon},
  booktitle={Proceedings of the IEEE/CVF Conference on Computer Vision and Pattern Recognition},
  pages={8543--8552},
  year={2024}
}

@article{voynov2023p+,
  title={p+: Extended textual conditioning in text-to-image generation},
  author={Voynov, Andrey and Chu, Qinghao and Cohen-Or, Daniel and Aberman, Kfir},
  journal={arXiv preprint arXiv:2303.09522},
  year={2023}
}

@article{wu2024mixture,
  title={Mixture-of-Subspaces in Low-Rank Adaptation},
  author={Wu, Taiqiang and Wang, Jiahao and Zhao, Zhe and Wong, Ngai},
  journal={arXiv preprint arXiv:2406.11909},
  year={2024}
}

@article{xiao2024fastcomposer,
  title={Fastcomposer: Tuning-free multi-subject image generation with localized attention},
  author={Xiao, Guangxuan and Yin, Tianwei and Freeman, William T and Durand, Fr{\'e}do and Han, Song},
  journal={International Journal of Computer Vision},
  pages={1--20},
  year={2024},
  publisher={Springer}
}

@inproceedings{xie2023smartbrush,
  title={Smartbrush: Text and shape guided object inpainting with diffusion model},
  author={Xie, Shaoan and Zhang, Zhifei and Lin, Zhe and Hinz, Tobias and Zhang, Kun},
  booktitle={Proceedings of the IEEE/CVF Conference on Computer Vision and Pattern Recognition},
  pages={22428--22437},
  year={2023}
}

@inproceedings{zhang2023inversion,
  title={Inversion-based style transfer with diffusion models},
  author={Zhang, Yuxin and Huang, Nisha and Tang, Fan and Huang, Haibin and Ma, Chongyang and Dong, Weiming and Xu, Changsheng},
  booktitle={Proceedings of the IEEE/CVF conference on computer vision and pattern recognition},
  pages={10146--10156},
  year={2023}
}

@article{zhang2023lora,
  title={Lora-fa: Memory-efficient low-rank adaptation for large language models fine-tuning},
  author={Zhang, Longteng and Zhang, Lin and Shi, Shaohuai and Chu, Xiaowen and Li, Bo},
  journal={arXiv preprint arXiv:2308.03303},
  year={2023}
}

@article{zhou2024lora,
  title={LoRA-drop: Efficient LoRA Parameter Pruning based on Output Evaluation},
  author={Zhou, Hongyun and Lu, Xiangyu and Xu, Wang and Zhu, Conghui and Zhao, Tiejun},
  journal={arXiv preprint arXiv:2402.07721},
  year={2024}
}

@article{zi2023delta,
  title={Delta-lora: Fine-tuning high-rank parameters with the delta of low-rank matrices},
  author={Zi, Bojia and Qi, Xianbiao and Wang, Lingzhi and Wang, Jianan and Wong, Kam-Fai and Zhang, Lei},
  journal={arXiv preprint arXiv:2309.02411},
  year={2023}
}

