@String(PAMI = {IEEE Trans. Pattern Anal. Mach. Intell.})
@String(IJCV = {Int. J. Comput. Vis.})
@String(CVPR= {IEEE Conf. Comput. Vis. Pattern Recog.})
@String(ICCV= {Int. Conf. Comput. Vis.})
@String(ECCV= {Eur. Conf. Comput. Vis.})
@String(NIPS= {Adv. Neural Inform. Process. Syst.})
@String(ICPR = {Int. Conf. Pattern Recog.})
@String(BMVC= {Brit. Mach. Vis. Conf.})
@String(TOG= {ACM Trans. Graph.})
@String(TIP  = {IEEE Trans. Image Process.})
@String(TVCG  = {IEEE Trans. Vis. Comput. Graph.})
@String(TMM  = {IEEE Trans. Multimedia})
@String(ACMMM= {ACM Int. Conf. Multimedia})
@String(ICME = {Int. Conf. Multimedia and Expo})
@String(ICASSP=	{ICASSP})
@String(ICIP = {IEEE Int. Conf. Image Process.})
@String(ACCV  = {ACCV})
@String(ICLR = {Int. Conf. Learn. Represent.})
@String(IJCAI = {IJCAI})
@String(PR   = {Pattern Recognition})
@String(AAAI = {AAAI})
@String(CVPRW= {IEEE Conf. Comput. Vis. Pattern Recog. Worksh.})
@String(CSVT = {IEEE Trans. Circuit Syst. Video Technol.})

@String(SPL	= {IEEE Sign. Process. Letters})
@String(VR   = {Vis. Res.})
@String(JOV	 = {J. Vis.})
@String(TVC  = {The Vis. Comput.})
@String(JCST  = {J. Comput. Sci. Tech.})
@String(CGF  = {Comput. Graph. Forum})
@String(CVM = {Computational Visual Media})


@String(PAMI  = {IEEE TPAMI})
@String(IJCV  = {IJCV})
@String(CVPR  = {CVPR})
@String(ICCV  = {ICCV})
@String(ECCV  = {ECCV})
@String(NIPS  = {NeurIPS})
@String(ICPR  = {ICPR})
@String(BMVC  =	{BMVC})
@String(TOG   = {ACM TOG})
@String(TIP   = {IEEE TIP})
@String(TVCG  = {IEEE TVCG})
@String(TCSVT = {IEEE TCSVT})
@String(TMM   =	{IEEE TMM})
@String(ACMMM = {ACM MM})
@String(ICME  =	{ICME})
@String(ICASSP=	{ICASSP})
@String(ICIP  = {ICIP})
@String(ACCV  = {ACCV})
@String(ICLR  = {ICLR})
@String(IJCAI = {IJCAI})
@String(PR = {PR})
@String(AAAI = {AAAI})
@String(CVPRW= {CVPRW})
@String(CSVT = {IEEE TCSVT})


@inproceedings{ZipLoRA,
  title={ZipLoRA: Any subject in any style by effectively merging loras},
  author={Shah, Viraj and Ruiz, Nataniel and Cole, Forrester and Lu, Erika and Lazebnik, Svetlana and Li, Yuanzhen and Jampani, Varun},
  booktitle={European Conference on Computer Vision},
  pages={422--438},
  year={2024},
  organization={Springer}
}
@article{xing2024csgo,
  title={Csgo: Content-style composition in text-to-image generation},
  author={Xing, Peng and Wang, Haofan and Sun, Yanpeng and Wang, Qixun and Bai, Xu and Ai, Hao and Huang, Renyuan and Li, Zechao},
  journal={arXiv preprint arXiv:2408.16766},
  year={2024}
}
@article{zhou2024magictailor,
  title={MagicTailor: Component-Controllable Personalization in Text-to-Image Diffusion Models},
  author={Zhou, Donghao and Huang, Jiancheng and Bai, Jinbin and Wang, Jiaze and Chen, Hao and Chen, Guangyong and Hu, Xiaowei and Heng, Pheng-Ann},
  journal={arXiv preprint arXiv:2410.13370},
  year={2024}
}

@article{LoRA-Composer,
  title={LoRA-Composer: Leveraging Low-Rank Adaptation for Multi-Concept Customization in Training-Free Diffusion Models},
  author={Yang, Yang and Wang, Wen and Peng, Liang and Song, Chaotian and Chen, Yao and Li, Hengjia and Yang, Xiaolong and Lu, Qinglin and Cai, Deng and Wu, Boxi and others},
  journal={arXiv preprint arXiv:2403.11627},
  year={2024}
}

@article{B-LoRA,
  title={Implicit Style-Content Separation using B-LoRA},
  author={Frenkel, Yarden and Vinker, Yael and Shamir, Ariel and Cohen-Or, Daniel},
  journal={arXiv preprint arXiv:2403.14572},
  year={2024}
}
@inproceedings{huang2017arbitrary,
  title={Arbitrary style transfer in real-time with adaptive instance normalization},
  author={Huang, Xun and Belongie, Serge},
  booktitle={Proceedings of the IEEE international conference on computer vision},
  pages={1501--1510},
  year={2017}
}

@article{LoRA,
  title={Lora: Low-rank adaptation of large language models},
  author={Hu, Edward J and Shen, Yelong and Wallis, Phillip and Allen-Zhu, Zeyuan and Li, Yuanzhi and Wang, Shean and Wang, Lu and Chen, Weizhu},
  journal={arXiv preprint arXiv:2106.09685},
  year={2021}
}
@inproceedings{chen2017stylebank,
  title={Stylebank: An explicit representation for neural image style transfer},
  author={Chen, Dongdong and Yuan, Lu and Liao, Jing and Yu, Nenghai and Hua, Gang},
  booktitle={Proceedings of the IEEE conference on computer vision and pattern recognition},
  pages={1897--1906},
  year={2017}
}
@inproceedings{gatys2016image,
  title={Image style transfer using convolutional neural networks},
  author={Gatys, Leon A and Ecker, Alexander S and Bethge, Matthias},
  booktitle={Proceedings of the IEEE conference on computer vision and pattern recognition},
  pages={2414--2423},
  year={2016}
}
@article{liu2023cones,
  title={Cones: Concept neurons in diffusion models for customized generation},
  author={Liu, Zhiheng and Feng, Ruili and Zhu, Kai and Zhang, Yifei and Zheng, Kecheng and Liu, Yu and Zhao, Deli and Zhou, Jingren and Cao, Yang},
  journal={arXiv preprint arXiv:2303.05125},
  year={2023}
}

@inproceedings{photomaker,
  title={PhotoMaker: Customizing Realistic Human Photos via Stacked ID Embedding},
  author={Li, Zhen and Cao, Mingdeng and Wang, Xintao and Qi, Zhongang and Cheng, Ming-Ming and Shan, Ying},
  booktitle={IEEE Conference on Computer Vision and Pattern Recognition (CVPR)},
  year={2024}
}

@inproceedings{deng2020arbitrary,
  title={Arbitrary style transfer via multi-adaptation network},
  author={Deng, Yingying and Tang, Fan and Dong, Weiming and Sun, Wen and Huang, Feiyue and Xu, Changsheng},
  booktitle={Proceedings of the 28th ACM international conference on multimedia},
  pages={2719--2727},
  year={2020}
}

@article{sohn2023styledrop,
  title={Styledrop: Text-to-image generation in any style},
  author={Sohn, Kihyuk and Ruiz, Nataniel and Lee, Kimin and Chin, Daniel Castro and Blok, Irina and Chang, Huiwen and Barber, Jarred and Jiang, Lu and Entis, Glenn and Li, Yuanzhen and others},
  journal={arXiv preprint arXiv:2306.00983},
  year={2023}
}
@inproceedings{ruiz2023dreambooth,
  title={Dreambooth: Fine tuning text-to-image diffusion models for subject-driven generation},
  author={Ruiz, Nataniel and Li, Yuanzhen and Jampani, Varun and Pritch, Yael and Rubinstein, Michael and Aberman, Kfir},
  booktitle={Proceedings of the IEEE/CVF Conference on Computer Vision and Pattern Recognition},
  year={2023}
}

@misc{Mergingloras,
  author       = {Simo Ryu.},
  title        = {Merging loras},
  howpublished = {https://github.com/cloneofsimo/lora},
  year = {2023}
}

@misc{flux,
  author       = {black-forest-labs},
  title        = {FLUX.1},
  howpublished = {https://github.com/black-forest-labs/flux},
  year = {2024}
}

@article{jiang2024mc,
  title={MC$^2$: Multi-concept Guidance for Customized Multi-concept Generation},
  author={Jiang, Jiaxiu and Zhang, Yabo and Feng, Kailai and Wu, Xiaohe and Zuo, Wangmeng},
  journal={arXiv preprint arXiv:2404.05268},
  year={2024}
}

@article{alaluf2023neural,
  title={A neural space-time representation for text-to-image personalization},
  author={Alaluf, Yuval and Richardson, Elad and Metzer, Gal and Cohen-Or, Daniel},
  journal={ACM Transactions on Graphics (TOG)},
  volume={42},
  number={6},
  pages={1--10},
  year={2023},
  publisher={ACM New York, NY, USA}
}
@article{ProSpect,
  title={ProSpect: Prompt Spectrum for Attribute-Aware Personalization of Diffusion Models},
  author={Yu-xin Zhang and Weiming Dong and Fan Tang and Nisha Huang and Haibin Huang and Chongyang Ma and Tong-Yee Lee and Oliver Deussen and Changsheng Xu},
  journal={ACM Transactions on Graphics (TOG)},
  year={2023},
  volume={42},
  pages={1 - 14},
  url={https://api.semanticscholar.org/CorpusID:258887639}
}
@article{Multi-LoRAComposition,
    title={Multi-LoRA Composition for Image Generation},
    author={Zhong, Ming and Shen, Yelong and Wang, Shuohang and Lu, Yadong and Jiao, Yizhu and Ouyang, Siru and Yu, Donghan and Han, Jiawei and Chen, Weizhu},
    journal={arXiv preprint arXiv:2402.16843},
    year={2024}
}

@article{gal2022image,
  title={An image is worth one word: Personalizing text-to-image generation using textual inversion},
  author={Gal, Rinon and Alaluf, Yuval and Atzmon, Yuval and Patashnik, Or and Bermano, Amit H and Chechik, Gal and Cohen-Or, Daniel},
  journal={arXiv preprint arXiv:2208.01618},
  year={2022}
}
@article{voynov2023p+,
  title={p+: Extended textual conditioning in text-to-image generation},
  author={Voynov, Andrey and Chu, Qinghao and Cohen-Or, Daniel and Aberman, Kfir},
  journal={arXiv preprint arXiv:2303.09522},
  year={2023}
}
@inproceedings{zhang2023inversion,
  title={Inversion-based style transfer with diffusion models},
  author={Zhang, Yuxin and Huang, Nisha and Tang, Fan and Huang, Haibin and Ma, Chongyang and Dong, Weiming and Xu, Changsheng},
  booktitle={Proceedings of the IEEE/CVF conference on computer vision and pattern recognition},
  pages={10146--10156},
  year={2023}
}
@inproceedings{houlsby2019parameter,
  title={Parameter-efficient transfer learning for NLP},
  author={Houlsby, Neil and Giurgiu, Andrei and Jastrzebski, Stanislaw and Morrone, Bruna and De Laroussilhe, Quentin and Gesmundo, Andrea and Attariyan, Mona and Gelly, Sylvain},
  booktitle={International conference on machine learning},
  pages={2790--2799},
  year={2019},
  organization={PMLR}
}
@article{marczak2024magmax,
  title={Magmax: Leveraging model merging for seamless continual learning},
  author={Marczak, Daniel and Twardowski, Bart{\l}omiej and Trzci{\'n}ski, Tomasz and Cygert, Sebastian},
  journal={arXiv preprint arXiv:2407.06322},
  year={2024}
}
@article{smith2023continual,
  title={Continual diffusion: Continual customization of text-to-image diffusion with c-lora},
  author={Smith, James Seale and Hsu, Yen-Chang and Zhang, Lingyu and Hua, Ting and Kira, Zsolt and Shen, Yilin and Jin, Hongxia},
  journal={arXiv preprint arXiv:2304.06027},
  year={2023}
}
@article{kingma2014adam,
  title={Adam: A method for stochastic optimization},
  author={Kingma, Diederik P},
  journal={arXiv preprint arXiv:1412.6980},
  year={2014}
}
@article{kopiczko2023vera,
  title={Vera: Vector-based random matrix adaptation},
  author={Kopiczko, Dawid J and Blankevoort, Tijmen and Asano, Yuki M},
  journal={arXiv preprint arXiv:2310.11454},
  year={2023}
}
@article{wu2024mixture,
  title={Mixture-of-Subspaces in Low-Rank Adaptation},
  author={Wu, Taiqiang and Wang, Jiahao and Zhao, Zhe and Wong, Ngai},
  journal={arXiv preprint arXiv:2406.11909},
  year={2024}
}

@inproceedings{rombach2022high,
  title={High-resolution image synthesis with latent diffusion models},
  author={Rombach, Robin and Blattmann, Andreas and Lorenz, Dominik and Esser, Patrick and Ommer, Bj{\"o}rn},
  booktitle={Proceedings of the IEEE/CVF conference on computer vision and pattern recognition},
  pages={10684--10695},
  year={2022}
}
@inproceedings{yang2024multi,
  title={Multi-Task Dense Prediction via Mixture of Low-Rank Experts},
  author={Yang, Yuqi and Jiang, Peng-Tao and Hou, Qibin and Zhang, Hao and Chen, Jinwei and Li, Bo},
  booktitle={Proceedings of the IEEE/CVF Conference on Computer Vision and Pattern Recognition},
  pages={27927--27937},
  year={2024}
}

@article{liu2024learning,
  title={Learning Attentional Mixture of LoRAs for Language Model Continual Learning},
  author={Liu, Jialin and Wu, Jianhua and Liu, Jie and Duan, Yutai},
  journal={arXiv preprint arXiv:2409.19611},
  year={2024}
}
@inproceedings{ren2024melora,
  title={MELoRA: Mini-Ensemble Low-Rank Adapters for Parameter-Efficient Fine-Tuning},
  author={Ren, Pengjie and Shi, Chengshun and Wu, Shiguang and Zhang, Mengqi and Ren, Zhaochun and Rijke, Maarten and Chen, Zhumin and Pei, Jiahuan},
  booktitle={Proceedings of the 62nd Annual Meeting of the Association for Computational Linguistics (Volume 1: Long Papers)},
  pages={3052--3064},
  year={2024}
}

@article{dhariwal2021diffusion,
  title={Diffusion models beat gans on image synthesis},
  author={Dhariwal, Prafulla and Nichol, Alexander},
  journal={Advances in neural information processing systems},
  volume={34},
  pages={8780--8794},
  year={2021}
}
@article{ye2023ip,
  title={Ip-adapter: Text compatible image prompt adapter for text-to-image diffusion models},
  author={Ye, Hu and Zhang, Jun and Liu, Sibo and Han, Xiao and Yang, Wei},
  journal={arXiv preprint arXiv:2308.06721},
  year={2023}
}

@ARTICLE{2023arXiv231209008C,
       author = {{Chung}, Jiwoo and {Hyun}, Sangeek and {Heo}, Jae-Pil},
        title = "{Style Injection in Diffusion: A Training-free Approach for Adapting Large-scale Diffusion Models for Style Transfer}",
      journal = {arXiv e-prints},
     keywords = {Computer Science - Computer Vision and Pattern Recognition},
         year = 2023,
        month = dec,
          eid = {arXiv:2312.09008},
        pages = {arXiv:2312.09008},
          doi = {10.48550/arXiv.2312.09008},
archivePrefix = {arXiv},
       eprint = {2312.09008},
 primaryClass = {cs.CV},
       adsurl = {https://ui.adsabs.harvard.edu/abs/2023arXiv231209008C},
      adsnote = {Provided by the SAO/NASA Astrophysics Data System}
}



@article{saharia2022photorealistic,
  title={Photorealistic text-to-image diffusion models with deep language understanding},
  author={Saharia, Chitwan and Chan, William and Saxena, Saurabh and Li, Lala and Whang, Jay and Denton, Emily L and Ghasemipour, Kamyar and Gontijo Lopes, Raphael and Karagol Ayan, Burcu and Salimans, Tim and others},
  journal={Advances in neural information processing systems},
  volume={35},
  pages={36479--36494},
  year={2022}
}


@article{ho2020denoising,
  title={Denoising diffusion probabilistic models},
  author={Ho, Jonathan and Jain, Ajay and Abbeel, Pieter},
  journal={Advances in neural information processing systems},
  volume={33},
  pages={6840--6851},
  year={2020}
}

@article{xu2024freetuner,
  title={FreeTuner: Any Subject in Any Style with Training-free Diffusion},
  author={Xu, Youcan and Wang, Zhen and Xiao, Jun and Liu, Wei and Chen, Long},
  journal={arXiv preprint arXiv:2405.14201},
  year={2024}
}

@article{gu2024mix,
  title={Mix-of-show: Decentralized low-rank adaptation for multi-concept customization of diffusion models},
  author={Gu, Yuchao and Wang, Xintao and Wu, Jay Zhangjie and Shi, Yujun and Chen, Yunpeng and Fan, Zihan and Xiao, Wuyou and Zhao, Rui and Chang, Shuning and Wu, Weijia and others},
  journal={Advances in Neural Information Processing Systems},
  volume={36},
  year={2024}
}

@inproceedings{kumari2023multi,
  title={Multi-concept customization of text-to-image diffusion},
  author={Kumari, Nupur and Zhang, Bingliang and Zhang, Richard and Shechtman, Eli and Zhu, Jun-Yan},
  booktitle={Proceedings of the IEEE/CVF Conference on Computer Vision and Pattern Recognition},
  pages={1931--1941},
  year={2023}
}

@article{zhang2023lora,
  title={Lora-fa: Memory-efficient low-rank adaptation for large language models fine-tuning},
  author={Zhang, Longteng and Zhang, Lin and Shi, Shaohuai and Chu, Xiaowen and Li, Bo},
  journal={arXiv preprint arXiv:2308.03303},
  year={2023}
}
@article{hayou2024lora+,
  title={Lora+: Efficient low rank adaptation of large models},
  author={Hayou, Soufiane and Ghosh, Nikhil and Yu, Bin},
  journal={arXiv preprint arXiv:2402.12354},
  year={2024}
}

@article{zhou2024lora,
  title={LoRA-drop: Efficient LoRA Parameter Pruning based on Output Evaluation},
  author={Zhou, Hongyun and Lu, Xiangyu and Xu, Wang and Zhu, Conghui and Zhao, Tiejun},
  journal={arXiv preprint arXiv:2402.07721},
  year={2024}
}
@article{zhang2023adalora,
  title={AdaLoRA: Adaptive budget allocation for parameter-efficient fine-tuning},
  author={Zhang, Qingru and Chen, Minshuo and Bukharin, Alexander and Karampatziakis, Nikos and He, Pengcheng and Cheng, Yu and Chen, Weizhu and Zhao, Tuo},
  journal={arXiv preprint arXiv:2303.10512},
  year={2023}
}
@article{zi2023delta,
  title={Delta-lora: Fine-tuning high-rank parameters with the delta of low-rank matrices},
  author={Zi, Bojia and Qi, Xianbiao and Wang, Lingzhi and Wang, Jianan and Wong, Kam-Fai and Zhang, Lei},
  journal={arXiv preprint arXiv:2309.02411},
  year={2023}
}

@inproceedings{patashnik2023localizing,
  title={Localizing object-level shape variations with text-to-image diffusion models},
  author={Patashnik, Or and Garibi, Daniel and Azuri, Idan and Averbuch-Elor, Hadar and Cohen-Or, Daniel},
  booktitle={Proceedings of the IEEE/CVF International Conference on Computer Vision},
  pages={23051--23061},
  year={2023}
}

@article{dong2024continually,
  title={How to Continually Adapt Text-to-Image Diffusion Models for Flexible Customization?},
  author={Dong, Jiahua and Liang, Wenqi and Li, Hongliu and Zhang, Duzhen and Cao, Meng and Ding, Henghui and Khan, Salman and Khan, Fahad Shahbaz},
  journal={arXiv preprint arXiv:2410.17594},
  year={2024}
}

@inproceedings{clip,
  title={Learning transferable visual models from natural language supervision},
  author={Radford, Alec and Kim, Jong Wook and Hallacy, Chris and Ramesh, Aditya and Goh, Gabriel and Agarwal, Sandhini and Sastry, Girish and Askell, Amanda and Mishkin, Pamela and Clark, Jack and others},
  booktitle={International conference on machine learning},
  pages={8748--8763},
  year={2021},
  organization={PMLR}
}

@article{zhang2022dino,
  title={Dino: Detr with improved denoising anchor boxes for end-to-end object detection},
  author={Zhang, Hao and Li, Feng and Liu, Shilong and Zhang, Lei and Su, Hang and Zhu, Jun and Ni, Lionel M and Shum, Heung-Yeung},
  journal={arXiv preprint arXiv:2203.03605},
  year={2022}
} 
  organization={PMLR}
}

@inproceedings{xie2023smartbrush,
  title={Smartbrush: Text and shape guided object inpainting with diffusion model},
  author={Xie, Shaoan and Zhang, Zhifei and Lin, Zhe and Hinz, Tobias and Zhang, Kun},
  booktitle={Proceedings of the IEEE/CVF Conference on Computer Vision and Pattern Recognition},
  pages={22428--22437},
  year={2023}
}
@article{xiao2024fastcomposer,
  title={Fastcomposer: Tuning-free multi-subject image generation with localized attention},
  author={Xiao, Guangxuan and Yin, Tianwei and Freeman, William T and Durand, Fr{\'e}do and Han, Song},
  journal={International Journal of Computer Vision},
  pages={1--20},
  year={2024},
  publisher={Springer}
}
@inproceedings{avrahami2023break,
  title={Break-a-scene: Extracting multiple concepts from a single image},
  author={Avrahami, Omri and Aberman, Kfir and Fried, Ohad and Cohen-Or, Daniel and Lischinski, Dani},
  booktitle={SIGGRAPH Asia 2023 Conference Papers},
  pages={1--12},
  year={2023}
}
@inproceedings{shi2024instantbooth,
  title={Instantbooth: Personalized text-to-image generation without test-time finetuning},
  author={Shi, Jing and Xiong, Wei and Lin, Zhe and Jung, Hyun Joon},
  booktitle={Proceedings of the IEEE/CVF Conference on Computer Vision and Pattern Recognition},
  pages={8543--8552},
  year={2024}
}
