@String(PAMI  = {IEEE TPAMI})
@String(IJCV  = {IJCV})
@String(CVPR  = {CVPR})
@String(ICCV  = {ICCV})
@String(ECCV  = {ECCV})
@String(NIPS  = {NeurIPS})
@String(ICPR  = {ICPR})
@String(BMVC  =	{BMVC})
@String(TOG   = {ACM TOG})
@String(TIP   = {IEEE TIP})
@String(TVCG  = {IEEE TVCG})
@String(TCSVT = {IEEE TCSVT})
@String(TMM   =	{IEEE TMM})
@String(ACMMM = {ACM MM})
@String(ICME  =	{ICME})
@String(ICASSP=	{ICASSP})
@String(ICIP  = {ICIP})
@String(ACCV  = {ACCV})
@String(ICLR  = {ICLR})
@String(IJCAI = {IJCAI})
@String(PR = {PR})
@String(AAAI = {AAAI})
@String(CVPRW= {CVPRW})
@String(CSVT = {IEEE TCSVT})


@inproceedings{basicvsrpp,
  author = {Chan, Kelvin C.K. and Zhou, Shangchen and Xu, Xiangyu and Loy, Chen Change},
  title = {{BasicVSR++}: Improving video super-resolution with enhanced propagation and alignment},
  booktitle = CVPR,
  year = {2022}
}

@InProceedings{fftformer,
    author    = {Kong, Lingshun and Dong, Jiangxin and Ge, Jianjun and Li, Mingqiang and Pan, Jinshan},
    title     = {Efficient Frequency Domain-Based Transformers for High-Quality Image Deblurring},
    booktitle = CVPR,
    year      = {2023},
}

@InProceedings{dark_channel,
author = {Pan, Jinshan and Sun, Deqing and Pfister, Hanspeter and Yang, Ming-Hsuan},
title = {Blind Image Deblurring Using Dark Channel Prior},
booktitle = {CVPR},
year = {2016}
}
@ARTICLE{L0,
  author={Pan, Jinshan and Hu, Zhe and Su, Zhixun and Yang, Ming-Hsuan},
  journal={IEEE Transactions on Pattern Analysis and Machine Intelligence}, 
  title={$L_0$ -Regularized Intensity and Gradient Prior for Deblurring Text Images and Beyond}, 
  year={2017},
  volume={39},
  number={2},
  pages={342-355},
  doi={10.1109/TPAMI.2016.2551244}}

@inproceedings{GoPro,
  title={Deep Multi-scale Convolutional Neural Network for Dynamic Scene Deblurring},
  author={Seungjun Nah and Tae Hyun Kim and Kyoung Mu Lee},
  booktitle={CVPR},
  year={2017}
}

@inproceedings{HIDE,
  title={Human-Aware Motion Deblurring},
  author={Ziyi Shen and Wenguan Wang and Xiankai Lu and Jianbing Shen and Haibin Ling and Tingfa Xu and Ling Shao},
  booktitle={ICCV},
  year={2019}
}

@inproceedings{Adam,
  title={Adam: A Method for Stochastic Optimization},
  author={Kingma, Diederik P and Ba, Jimmy},
  booktitle={ICLR},
  year={2015}
}

@inproceedings{Realblur,
  title={Real-World Blur Dataset for Learning and Benchmarking Deblurring Algorithms},
  author={Jaesung Rim and Haeyun Lee and Jucheol Won and Sunghyun Cho},
  booktitle={ECCV},
  year={2020}
}

@inproceedings{MIMO,
  title={Rethinking Coarse-To-Fine Approach in Single Image Deblurring},
  author={Sung-Jin Cho and Seo-Won Ji and Jun-Pyo Hong and Seung-Won Jung and Sung-Jea Ko},
  booktitle={ICCV},
  year={2021}
}

@inproceedings{Restormer,
    title={Restormer: Efficient Transformer for High-Resolution Image Restoration}, 
    author={Syed Waqas Zamir and Aditya Arora and Salman Khan and Munawar Hayat 
            and Fahad Shahbaz Khan and Ming-Hsuan Yang},
    booktitle={CVPR},
    year={2022}
}

@inproceedings{NAFNet,
  title={Simple Baselines for Image Restoration},
  author={Chen, Liangyu and Chu, Xiaojie and Zhang, Xiangyu and Sun, Jian},
  booktitle={ECCV},
  year={2022}
}

@InProceedings{Uformer,
    author    = {Wang, Zhendong and Cun, Xiaodong and Bao, Jianmin and Zhou, Wengang and Liu, Jianzhuang and Li, Houqiang},
    title     = {Uformer: A General U-Shaped Transformer for Image Restoration},
    booktitle = {CVPR},
    year      = {2022}
}

@inproceedings{MPRNet,
    title={Multi-Stage Progressive Image Restoration},
    author={Syed Waqas Zamir and Aditya Arora and Salman Khan and Munawar Hayat
            and Fahad Shahbaz Khan and Ming-Hsuan Yang and Ling Shao},
    booktitle={CVPR},
    year={2021}
}

@inproceedings{TLC,
  title={Improving Image Restoration by Revisiting Global Information Aggregation},
  author={Chu, Xiaojie and Chen, Liangyu and and Chen, Chengpeng and Lu, Xin},
  booktitle={ECCV},
  year={2022}
}

@inproceedings{SRN,
  title={Scale-Recurrent Network for Deep Image Deblurring},
  author={Xin Tao and Hongyun Gao and Xiaoyong Shen and Jue Wang and Jiaya Jia},
  booktitle={CVPR},
  year={2018}
}

@inproceedings{DeblurGAN,
  title={DeblurGAN: Blind Motion Deblurring Using Conditional Adversarial Networks},
  author={Orest Kupyn and Volodymyr Budzan and Mykola Mykhailych and Dmytro Mishkin and Jiri Matas},
  booktitle={CVPR},
  year={2018}
}

@inproceedings{DeblurGANv2,
  title={DeblurGAN-v2: Deblurring (Orders-of-Magnitude) Faster and Better},
  author={Orest Kupyn and Tetiana Martyniuk and Junru Wu and Zhangyang Wang},
  booktitle={ICCV},
  year={2019}
}

@inproceedings{DMPHN,
  title={Deep Stacked Hierarchical Multi-patch Network for Image Deblurring},
  author={Hongguang Zhang and Yuchao Dai and Hongdong Li and Piotr Koniusz},
  booktitle={CVPR},
  year={2019}
}

@inproceedings{SAPHN,
  title={Spatially-Attentive Patch-Hierarchical Network for Adaptive Motion Deblurring},
  author={Maitreya Suin and Kuldeep Purohit and A. N. Rajagopalan},
  booktitle={CVPR},
  year={2020}
}

@inproceedings{IPT,
  title={Pre-Trained Image Processing Transformer},
  author={Hanting Chen and Yunhe Wang and Tianyu Guo and Chang Xu and Yiping Deng and Zhenhua Liu and Siwei Ma and Chunjing Xu and Chao Xu and Wen Gao},
  booktitle={CVPR},
  year={2021}
}

@inproceedings{Unet,
  title={U-net: Convolutional networks for biomedical image segmentation},
  author={Ronneberger, Olaf and Fischer, Philipp and Brox, Thomas},
  booktitle={MICCAI},
  year={2015},
}
 
@inproceedings{how,
  title={How Do Vision Transformers Work?},
  author={Namuk Park and Songkuk Kim},
  booktitle={ICLR},
  year={2022}
}

@inproceedings{Stripformer,
  title={Stripformer: Strip Transformer for Fast Image Deblurring},
  author={Fu-Jen Tsai and Yan-Tsung Peng and Yen-Yu Lin and Chung-Chi Tsai and Chia-Wen Lin},
  booktitle={ECCV},
  year={2022}
}

@inproceedings{BANet,
  title={BANet: Blur-aware Attention Networks for Dynamic Scene Deblurring.},
  author={Fu-Jen Tsai and Yan-Tsung Peng and Yen-Yu Lin and Chung-Chi Tsai and Chia-Wen Lin},
  booktitle={CVPR},
  year={2021}
}

@inproceedings{Transformer,
  title={Attention is All you Need},
  author={Ashish Vaswani and Noam Shazeer and Niki Parmar and Jakob Uszkoreit and Llion Jones and Aidan N. Gomez and Lukasz Kaiser and Illia Polosukhin},
  booktitle={NIPS},
  year={2017}
}

@article{GLU,
  title={Glu variants improve transformer},
  author={Shazeer, Noam},
  journal={arXiv preprint arXiv:2002.05202},
  year={2020}
}

@inproceedings{Less,
  title={Less is more: Pay less attention in vision transformers},
  author={Pan, Zizheng and Zhuang, Bohan and He, Haoyu and Liu, Jing and Cai, Jianfei},
  booktitle={AAAI},
  year={2022}
}

@article{TRT,
  title={TRT-ViT: TensorRT-oriented Vision Transformer},
  author={Xia, Xin and Li, Jiashi and Wu, Jie and Wang, Xing and Wang, Mingkai and Xiao, Xuefeng and Zheng, Min and Wang, Rui},
  journal={arXiv preprint arXiv:2205.09579},
  year={2022}
}

@inproceedings{Swin,
  title={Swin Transformer: Hierarchical Vision Transformer using Shifted Windows},
  author={Liu, Ze and Lin, Yutong and Cao, Yue and Hu, Han and Wei, Yixuan and Zhang, Zheng and Lin, Stephen and Guo, Baining},
  booktitle={ICCV},
  year={2021}
}


@inproceedings{MultiTemporal,
  title={Multi-Temporal Recurrent Neural Networks For Progressive Non-Uniform Single Image Deblurring With Incremental Temporal Training},
  author={Dongwon Park and Dong Un Kang and Ji Soo Kim and Se Young Chun},
  booktitle={ECCV},
  year={2020}
}



@inproceedings{AlexeyDosovitskiy2020AnII,
  title={An Image is Worth 16x16 Words: Transformers for Image Recognition at Scale},
  author={Alexey Dosovitskiy and Lucas Beyer and Alexander Kolesnikov and Dirk Weissenborn and Xiaohua Zhai and Thomas Unterthiner and Mostafa Dehghani and Matthias Minderer and Georg Heigold and Sylvain Gelly and Jakob Uszkoreit and Neil Houlsby},
  booktitle={ICLR},
  year={2021}
}

@inproceedings{Object_Detection,
  title={End-to-End Object Detection with Transformers},
  author={Nicolas Carion and Francisco Massa and Gabriel Synnaeve and Nicolas Usunier and Alexander Kirillov and Sergey Zagoruyko},
  booktitle={ECCV},
  year={2020}
}

@inproceedings{Object_Detection_2,
  title={Learning Generative Vision Transformer with Energy-Based Latent Space for Saliency Prediction},
  author={Zhang, Jing and Xie, Jianwen and Barnes, Nick and Li, Ping},
  booktitle={NeurIPS},
  year={2021}
}

@inproceedings{Segmentation,
  title={Rethinking Semantic Segmentation from a Sequence-to-Sequence Perspective with Transformers},
  author={Sixiao Zheng and Jiachen Lu and Hengshuang Zhao and Xiatian Zhu and Zekun Luo and Yabiao Wang and Yanwei Fu and Jianfeng Feng and Tao Xiang and Philip H. S. Torr and Li Zhang},
  booktitle={CVPR},
  year={2021}
}

@inproceedings{Segmentation_2,
  title={Multi-class Token Transformer for Weakly Supervised Semantic Segmentation},
  author={Xu, Lian and Ouyang, Wanli and Bennamoun, Mohammed and Boussaid, Farid and Xu, Dan},
  booktitle={CVPR},
  year={2022}
}

@inproceedings{SwinIR,
  title={SwinIR: Image Restoration Using Swin Transformer},
  author={Jingyun Liang and Jiezhang Cao and Guolei Sun and Kai Zhang and Luc Van Gool and Radu Timofte},
  booktitle={ICCV Workshops},
  year={2021}
}


@article{Deeprft,
  title={Deep Residual Fourier Transformation for Single Image Deblurring},
  author={Xintian Mao and Yiming Liu and Wei Shen and Qingli Li and Yan Wang},
  journal={arXiv preprint arXiv:2111.11745},
  year={2021}
}

@inproceedings{SSN,
  title={Dynamic scene deblurring with parameter selective sharing and nested skip connections},
  author={Gao, Hongyun and Tao, Xin and Shen, Xiaoyong and Jia, Jiaya},
  booktitle={CVPR},
  year={2019}
}

@article{physicgan,
    author  = {Jinshan Pan and Jiangxin Dong and Yang Liu and Jiawei Zhang and Jimmy S. J. Ren and Jinhui Tang and Yu-Wing Tai  and Ming-Hsuan Yang},
    title   = {Physics-based generative adversarial models for image restoration and beyond},
    journal = {IEEE TPAMI},  
    year    = {2021},
    volume  = {43},
    number  = {7},
    pages   = {2449-2462}
}

@inproceedings{svrnn,
  title={Dynamic Scene Deblurring Using Spatially Variant Recurrent Neural Networks},
  author={Jiawei Zhang and Jinshan Pan and Jimmy Ren and Yibing Song and Linchao Bao and Rynson W. H. Lau and Ming-Hsuan Yang},
  booktitle={CVPR},
  year={2018}
}

@inproceedings{PyramidVIT,
  title={Pyramid Vision Transformer: A Versatile Backbone for Dense Prediction without Convolutions},
  author={Wenhai Wang and Enze Xie and Xiang Li and Deng-Ping Fan and Kaitao Song and Ding Liang and Tong Lu and Ping Luo and Ling Shao},
  booktitle={ICCV},
  year={2021}
}

@inproceedings{cotransformer,
  title={Co-Scale Conv-Attentional Image Transformers},
  author={Weijian Xu and Yifan Xu and Tyler A. Chang and Zhuowen Tu},
  booktitle={ICCV},
  year={2021}
}

@inproceedings{maxim,
  title={MAXIM: Multi-Axis MLP for Image Processing},
  author={Tu, Zhengzhong and Talebi, Hossein and Zhang, Han and Yang, Feng and Milanfar, Peyman and Bovik, Alan and Li, Yinxiao},
  booktitle={CVPR},
  year={2022},
}

@inproceedings{S4,
  title={Efficiently Modeling Long Sequences with Structured State Spaces},
  author={Albert Gu and Karan Goel and Christopher R'e},
  booktitle={ICLR},
  year={2022},

}

@inproceedings{LSSL,
 author = {Gu, Albert and Johnson, Isys and Goel, Karan and Saab, Khaled and Dao, Tri and Rudra, Atri and R\'{e}, Christopher},
 booktitle = {NeurIPS},
 title = {Combining Recurrent, Convolutional, and Continuous-time Models with Linear State Space Layers},
 year = {2021}
}

@article{mamba,
  title={Mamba: Linear-time sequence modeling with selective state spaces},
  author={Gu, Albert and Dao, Tri},
  journal={arXiv preprint arXiv:2312.00752},
  year={2023}
}

@inproceedings{HiPPO,
 author = {Gu, Albert and Dao, Tri and Ermon, Stefano and Rudra, Atri and R\'{e}, Christopher},
 booktitle = {NeurIPS},
 title = {HiPPO: Recurrent Memory with Optimal Polynomial Projections},
 year = {2020}
}

@article{VmambaIR,
  title={Vmambair: Visual state space model for image restoration},
  author={Shi, Yuan and Xia, Bin and Jin, Xiaoyu and Wang, Xing and Zhao, Tianyu and Xia, Xin and Xiao, Xuefeng and Yang, Wenming},
  journal={arXiv preprint arXiv:2403.11423},
  year={2024}
}

@article{ALGNet,
  title={Aggregating Local and Global Features via Selective State Spaces Model for Efficient Image Deblurring},
  author={Gao, Hu and Dang, Depeng},
  journal={arXiv preprint arXiv:2403.20106},
  year={2024}
}

@article{CU-Mamba,
  title={CU-Mamba: Selective State Space Models with Channel Learning for Image Restoration},
  author={Deng, Rui and Gu, Tianpei},
  journal={arXiv preprint arXiv:2404.11778},
  year={2024}
}

@article{MambaIR,
  title={MambaIR: A Simple Baseline for Image Restoration with State-Space Model},
  author={Guo, Hang and Li, Jinmin and Dai, Tao and Ouyang, Zhihao and Ren, Xudong and Xia, Shu-Tao},
  journal={arXiv preprint arXiv:2402.15648},
  year={2024}
}

@article{Vmamba,
  title={VMamba: Visual State Space Model},
  author={Liu, Yue and Tian, Yunjie and Zhao, Yuzhong and Yu, Hongtian and Xie, Lingxi and Wang, Yaowei and Ye, Qixiang and Liu, Yunfan},
  journal={arXiv preprint arXiv:2401.10166},
  year={2024}
}

@INPROCEEDINGS{DDN,
  author={Fu, Xueyang and Huang, Jiabin and Zeng, Delu and Huang, Yue and Ding, Xinghao and Paisley, John},
  booktitle={CVPR}, 
  title={Removing Rain from Single Images via a Deep Detail Network}, 
  year={2017},
}

@inproceedings{RESCAN,  
    title={Recurrent Squeeze-and-Excitation Context Aggregation Net for Single Image Deraining},  
    author={Li, Xia and Wu, Jianlong and Lin, Zhouchen and Liu, Hong and Zha, Hongbin},  
    booktitle={ECCV},  
    year={2018},  
}

 @inproceedings{PReNet,
   title={Progressive Image Deraining Networks: A Better and Simpler Baseline},
   author={Ren, Dongwei and Zuo, Wangmeng and Hu, Qinghua and Zhu, Pengfei and Meng, Deyu},
   booktitle={CVPR},
   year={2019},
 }

@InProceedings{MSPFN,
	author = {Jiang, Kui and Wang, Zhongyuan and Yi, Peng and Chen, Chen and Huang, Baojin and Luo, Yimin and Ma, Jiayi and Jiang, Junjun},
	title = {Multi-Scale Progressive Fusion Network for Single Image Deraining},
	booktitle = {CVPR},
	year = {2020}
}

@INPROCEEDINGS{RCDNet,
  author={Wang, Hong and Xie, Qi and Zhao, Qian and Meng, Deyu},
  booktitle={CVPR}, 
  title={A Model-Driven Deep Neural Network for Single Image Rain Removal}, 
  year={2020},
}

@inproceedings{DualGCN,
  title={Rain streak removal via dual graph convolutional network},
  author={Fu, Xueyang and Qi, Qi and Zha, Zheng-Jun and Zhu, Yurui and Ding, Xinghao},
  booktitle={AAAI},
  year={2021}
}

@INPROCEEDINGS{SPDNet,
  author={Yi, Qiaosi and Li, Juncheng and Dai, Qinyan and Fang, Faming and Zhang, Guixu and Zeng, Tieyong},
  booktitle={ICCV}, 
  title={Structure-Preserving Deraining with Residue Channel Prior Guidance}, 
  year={2021},
}

@ARTICLE{IDT,
  author={Xiao, Jie and Fu, Xueyang and Liu, Aiping and Wu, Feng and Zha, Zheng-Jun},
  journal={IEEE TPAMI}, 
  title={Image De-Raining Transformer}, 
  year={2023},
}



@INPROCEEDINGS{DSC,
  author={Luo, Yu and Xu, Yong and Ji, Hui},
  booktitle={ICCV}, 
  title={Removing Rain from a Single Image via Discriminative Sparse Coding}, 
  year={2015},
}


@article{MIRNetv2,
title={Learning Enriched Features for Fast Image Restoration and Enhancement}, 
author={Syed Waqas Zamir and Aditya Arora and Salman Khan and Munawar Hayat 
        and Fahad Shahbaz Khan and Ming-Hsuan Yang and Ling Shao},
journal={IEEE TPAMI},
year={2022}
}

@INPROCEEDINGS{DPDNet,
  title={DPDnet: A robust people detector using deep learning with an overhead depth camera},
  author={David Fuentes-Jim{\'e}nez and Roberto Mart{\'i}n-L{\'o}pez and Cristina Losada-Guti{\'e}rrez and David Casillas-P{\'e}rez and Javier Macias-Guarasa and Carlos Andr{\'e}s Luna V{\'a}zquez and Daniel Pizarro-Perez},
  booktitle={ECCV}, 
  year={2020},
}

@INPROCEEDINGS{DRBNet,
  author={Ruan, Lingyan and Chen, Bin and Li, Jizhou and Lam, Miuling},
  booktitle={CVPR}, 
  title={Learning to Deblur using Light Field Generated and Real Defocus Images}, 
  year={2022},
}


@INPROCEEDINGS{SPA,
  author={Wang, Tianyu and Yang, Xin and Xu, Ke and Chen, Shaozhe and Zhang, Qiang and Lau, Rynson W.H.},
  booktitle={CVPR}, 
  title={Spatial Attentive Single-Image Deraining With a High Quality Real Rain Dataset}, 
  year={2019},
}

@inproceedings{GRL,
  title={Efficient and explicit modelling of image hierarchies for image restoration},
  author={Li, Yawei and Fan, Yuchen and Xiang, Xiaoyu and Demandolx, Denis and Ranjan, Rakesh and Timofte, Radu and Van Gool, Luc},
  booktitle={CVPR},
  year={2023}
}

@InProceedings{DRSformer,
    author={Chen, Xiang and Li, Hao and Li, Mingqiang and Pan, Jinshan}, 
    title={Learning a Sparse Transformer Network for Effective Image Deraining},
    booktitle={CVPR},
    year={2023},
}

@article{DCP,
  title={Single image haze removal using dark channel prior},
  author={He, Kaiming and Sun, Jian and Tang, Xiaoou},
  journal={IEEE TPAMI},
  year={2010},
}

@inproceedings{MSCNN,
  title={Single image dehazing via multi-scale convolutional neural networks},
  author={Ren, Wenqi and Liu, Si and Zhang, Hua and Pan, Jinshan and Cao, Xiaochun and Yang, Ming-Hsuan},
  booktitle={ECCV},
  year={2016},
}

@inproceedings{GFN,
  title={Gated fusion network for single image dehazing},
  author={Ren, Wenqi and Ma, Lin and Zhang, Jiawei and Pan, Jinshan and Cao, Xiaochun and Liu, Wei and Yang, Ming-Hsuan},
  booktitle={CVPR},
  year={2018}
}

@inproceedings{MSBDN,
  title={Multi-scale boosted dehazing network with dense feature fusion},
  author={Dong, Hang and Pan, Jinshan and Xiang, Lei and Hu, Zhe and Zhang, Xinyi and Wang, Fei and Yang, Ming-Hsuan},
  booktitle={CVPR},
  year={2020}
}

@inproceedings{PFDN,
  title={Physics-based feature dehazing networks},
  author={Dong, Jiangxin and Pan, Jinshan},
  booktitle={ECCV},
  year={2020},
}

@inproceedings{FFA-Net,
  title={FFA-Net: Feature fusion attention network for single image dehazing},
  author={Qin, Xu and Wang, Zhilin and Bai, Yuanchao and Xie, Xiaodong and Jia, Huizhu},
  booktitle={AAAI},
  year={2020}
}

@inproceedings{AECRNet,
  title={Contrastive learning for compact single image dehazing},
  author={Wu, Haiyan and Qu, Yanyun and Lin, Shaohui and Zhou, Jian and Qiao, Ruizhi and Zhang, Zhizhong and Xie, Yuan and Ma, Lizhuang},
  booktitle={CVPR},
  year={2021}
}

@article{DehazeFormer,
  title={Vision Transformers for Single Image Dehazing},
  author={Song, Yuda and He, Zhuqing and Qian, Hui and Du, Xin},
  journal={IEEE TIP},
  year={2023},
}

@article{RESIDE,
  title={Benchmarking single-image dehazing and beyond},
  author={Li, Boyi and Ren, Wenqi and Fu, Dengpan and Tao, Dacheng and Feng, Dan and Zeng, Wenjun and Wang, Zhangyang},
  journal={IEEE TIP},
  year={2018},
}

@inproceedings{SRFlow,
  title={SRFlow: Learning the Super-Resolution Space with Normalizing Flow},
  author={Lugmayr, Andreas and Danelljan, Martin and Van Gool, Luc and Timofte, Radu},
  booktitle={ECCV},
  year={2020}
}

@inproceedings{GAN_SR,
  title={Photo-realistic single image super-resolution using a generative adversarial network},
  author={Ledig, Christian and Theis, Lucas and Husz{\'a}r, Ferenc and Caballero, Jose and Cunningham, Andrew and Acosta, Alejandro and Aitken, Andrew and Tejani, Alykhan and Totz, Johannes and Wang, Zehan and others},
  booktitle={CVPR},
  year={2017}
}

@inproceedings{diffusion1,
  title={Diffusion models beat gans on image synthesis},
  author={Dhariwal, Prafulla and Nichol, Alexander},
  booktitle={NeurIPS},
  year={2021}
}

@inproceedings{DDPM,
  title={Denoising diffusion probabilistic models},
  author={Ho, Jonathan and Jain, Ajay and Abbeel, Pieter},
  booktitle={NeurIPS},
  year={2020}
}

@inproceedings{cdm,
  title={Multiscale structure guided diffusion for image deblurring},
  author={Ren, Mengwei and Delbracio, Mauricio and Talebi, Hossein and Gerig, Guido and Milanfar, Peyman},
  booktitle={CVPR},
  year={2023}
}

@inproceedings{resshift,
  title={Resshift: Efficient diffusion model for image super-resolution by residual shifting},
  author={Yue, Zongsheng and Wang, Jianyi and Loy, Chen Change},
  booktitle={NeurIPS},
  year={2024}
}

@inproceedings{diffbir,
  title={Diffbir: Toward blind image restoration with generative diffusion prior},
  author={Lin, Xinqi and He, Jingwen and Chen, Ziyan and Lyu, Zhaoyang and Dai, Bo and Yu, Fanghua and Qiao, Yu and Ouyang, Wanli and Dong, Chao},
  booktitle={ECCV},
  year={2025},
}

@inproceedings{pasd,
    title={Pixel-Aware Stable Diffusion for Realistic Image Super-Resolution and Personalized Stylization},
    author={Yang, Tao and Wu, Rongyuan and Ren, Peiran and Xie, Xuansong and Zhang, Lei},
    booktitle={ECCV},
    year={2024}
}

@inproceedings{stfan,
  title={Spatio-Temporal Filter Adaptive Network for Video Deblurring},
  author={Zhou, Shangchen and Zhang, Jiawei and Pan, Jinshan and Xie, Haozhe and  Zuo, Wangmeng and Ren, Jimmy},
  booktitle={ICCV},
  year={2019}
}

@inproceedings{sparse,
  title={Blind deconvolution using a normalized sparsity measure},
  author={Krishnan, Dilip and Tay, Terence and Fergus, Rob},
  booktitle={CVPR},
  year={2011},
}

@inproceedings{sd,
  title={High-resolution image synthesis with latent diffusion models},
  author={Rombach, Robin and Blattmann, Andreas and Lorenz, Dominik and Esser, Patrick and Ommer, Bj{\"o}rn},
  booktitle={CVPR},
  year={2022}
}


@inproceedings{controlnet,
  title={Adding conditional control to text-to-image diffusion models},
  author={Zhang, Lvmin and Rao, Anyi and Agrawala, Maneesh},
  booktitle={ICCV},
  year={2023}
}

@inproceedings{REDS,
  title={Ntire 2019 challenge on video deblurring and super-resolution: Dataset and study},
  author={Nah, Seungjun and Baik, Sungyong and Hong, Seokil and Moon, Gyeongsik and Son, Sanghyun and Timofte, Radu and Mu Lee, Kyoung},
  booktitle={CVPRW},
  year={2019}
}

@ARTICLE{MC-blur,
  author={Zhang, Kaihao and Wang, Tao and Luo, Wenhan and Ren, Wenqi and Stenger, Björn and Liu, Wei and Li, Hongdong and Yang, Ming-Hsuan},
  journal={IEEE Transactions on Circuits and Systems for Video Technology}, 
  title={MC-Blur: A Comprehensive Benchmark for Image Deblurring}, 
  year={2024},
  volume={34},
  number={5},
  pages={3755-3767},
}

@article{foundir,
      title={FoundIR: Unleashing Million-scale Training Data to Advance Foundation Models for Image Restoration},
      author={Li, Hao and Chen, Xiang and Dong, Jiangxin and Tang, Jinhui and Pan, Jinshan},
      journal={arXiv preprint arXiv:2412.01427},
      year={2024}
}

@inproceedings{dvd,
  author={Su, Shuochen and Delbracio, Mauricio and Wang, Jue and Sapiro, Guillermo and Heidrich, Wolfgang and Wang, Oliver},
  booktitle={CVPR}, 
  title={Deep Video Deblurring for Hand-Held Cameras}, 
  year={2017},
}

@inproceedings{RSBlur,
 title={Realistic Blur Synthesis for Learning Image Deblurring},
 author={Rim, Jaesung and Kim, Geonung and Kim, Jungeon and Lee, Junyong and Lee, Seungyong and Cho, Sunghyun},
 booktitle={ECCV},
 year={2022}
}


@article{NIQE,
  author={Zhang, Lin and Zhang, Lei and Bovik, Alan C.},
  journal={IEEE Transactions on Image Processing}, 
  title={A Feature-Enriched Completely Blind Image Quality Evaluator}, 
  year={2015},
  volume={24},
  number={8},
  pages={2579-2591},
}

@inproceedings{MANIQA,
  author={Yang, Sidi and Wu, Tianhe and Shi, Shuwei and Lao, Shanshan and Gong, Yuan and Cao, Mingdeng and Wang, Jiahao and Yang, Yujiu},
  booktitle={CVPR)}, 
  title={MANIQA: Multi-dimension Attention Network for No-Reference Image Quality Assessment}, 
  year={2022},
}

@INPROCEEDINGS{MUSIQ,
  author={Ke, Junjie and Wang, Qifei and Wang, Yilin and Milanfar, Peyman and Yang, Feng},
  booktitle={ICCV}, 
  title={MUSIQ: Multi-scale Image Quality Transformer}, 
  year={2021},
}

@inproceedings{CLIP-IQA,
    author = {Wang, Jianyi and Chan, Kelvin CK and Loy, Chen Change},
    title = {Exploring CLIP for Assessing the Look and Feel of Images},
    booktitle = {AAAI},
    year = {2023}
}

@inproceedings{FID,
  title={Gans trained by a two time-scale update rule converge to a local nash equilibrium},
  author={Martin, Heusel and Hubert, Ramsauer and Thomas, Unterthiner and Bernhard, Nessler and Sepp, Hochreiter},
  booktitle={NerrIPS},
  year={2017},
}

@article{real_image,
  title={Video deblurring for hand-held cameras using patch-based synthesis},
  author={Sunghyun Cho and Jue Wang and Seungyong Lee},
  journal={ACM Transactions on Graphics (TOG)},
  year={2012},
  volume={31},
  pages={1 - 9},
}

@inproceedings{lpips,
  title={The unreasonable effectiveness of deep features as a perceptual metric},
  author={Zhang, Richard and Isola, Phillip and Efros, Alexei A and Shechtman, Eli and Wang, Oliver},
  booktitle={CVPR},
  year={2018}
}

@INPROCEEDINGS{dbgan,
  author={Zhang, Kaihao and Luo, Wenhan and Zhong, Yiran and Ma, Lin and Stenger, Björn and Liu, Wei and Li, Hongdong},
  booktitle={CVPR}, 
  title={Deblurring by Realistic Blurring}, 
  year={2020},
}

@inproceedings{hidiff,
  title={Hierarchical Integration Diffusion Model for Realistic Image Deblurring}, 
  author={Chen, Zheng and Zhang, Yulun and Ding, Liu and Bin, Xia and Gu, Jinjin and Kong, Linghe and Yuan, Xin},
  booktitle={NeurIPS},
  year={2023}
}

@article{noise_deblur,
author = {Yuan, Lu and Sun, Jian and Quan, Long and Shum, Heung-Yeung},
title = {Image deblurring with blurred/noisy image pairs},
year = {2007},
issue_date = {July 2007},
publisher = {Association for Computing Machinery},
volume = {26},
number = {3},
journal = {ACM Trans. Graph.},
}

@article{noise_deblur_2,
  title={Modeling Dual-Exposure Quad-Bayer Patterns for Joint Denoising and Deblurring},
  author={Zhao, Yuzhi and Po, Lai-Man and Ye, Xin and Xu, Yongzhe and Yan, Qiong},
  journal={IEEE Transactions on Image Processing},
  year={2024},
  publisher={IEEE}
}

@ARTICLE{PSF,
author={Boracchi, G. and Foi, A.},
journal={Image Processing, IEEE Transactions on}, title={Modeling the Performance of Image Restoration From Motion Blur},
year={2012},
month={aug. },
volume={21},
number={8},
pages={3502 -3517},
}

@article{sam2,
  title={SAM 2: Segment Anything in Images and Videos},
  author={Ravi, Nikhila and Gabeur, Valentin and Hu, Yuan-Ting and Hu, Ronghang and Ryali, Chaitanya and Ma, Tengyu and Khedr, Haitham and R{\"a}dle, Roman and Rolland, Chloe and Gustafson, Laura and Mintun, Eric and Pan, Junting and Alwala, Kalyan Vasudev and Carion, Nicolas and Wu, Chao-Yuan and Girshick, Ross and Doll{\'a}r, Piotr and Feichtenhofer, Christoph},
  journal={arXiv preprint arXiv:2408.00714},
  year={2024}
}

@inproceedings{resnet,
  title={Deep residual learning for image recognition},
  author={He, Kaiming and Zhang, Xiangyu and Ren, Shaoqing and Sun, Jian},
  booktitle={CVPR},
  year={2016}
}