@inproceedings{DDPM,
  title={Denoising diffusion probabilistic models},
  author={Ho, Jonathan and Jain, Ajay and Abbeel, Pieter},
  booktitle={NeurIPS},
  year={2020}
}

@inproceedings{DMPHN,
  title={Deep Stacked Hierarchical Multi-patch Network for Image Deblurring},
  author={Hongguang Zhang and Yuchao Dai and Hongdong Li and Piotr Koniusz},
  booktitle={CVPR},
  year={2019}
}

@ARTICLE{L0,
  author={Pan, Jinshan and Hu, Zhe and Su, Zhixun and Yang, Ming-Hsuan},
  journal={IEEE Transactions on Pattern Analysis and Machine Intelligence}, 
  title={$L_0$ -Regularized Intensity and Gradient Prior for Deblurring Text Images and Beyond}, 
  year={2017},
  volume={39},
  number={2},
  pages={342-355},
  doi={10.1109/TPAMI.2016.2551244}}

@inproceedings{MIMO,
  title={Rethinking Coarse-To-Fine Approach in Single Image Deblurring},
  author={Sung-Jin Cho and Seo-Won Ji and Jun-Pyo Hong and Seung-Won Jung and Sung-Jea Ko},
  booktitle={ICCV},
  year={2021}
}

@inproceedings{MPRNet,
    title={Multi-Stage Progressive Image Restoration},
    author={Syed Waqas Zamir and Aditya Arora and Salman Khan and Munawar Hayat
            and Fahad Shahbaz Khan and Ming-Hsuan Yang and Ling Shao},
    booktitle={CVPR},
    year={2021}
}

@inproceedings{NAFNet,
  title={Simple Baselines for Image Restoration},
  author={Chen, Liangyu and Chu, Xiaojie and Zhang, Xiangyu and Sun, Jian},
  booktitle={ECCV},
  year={2022}
}

@inproceedings{Restormer,
    title={Restormer: Efficient Transformer for High-Resolution Image Restoration}, 
    author={Syed Waqas Zamir and Aditya Arora and Salman Khan and Munawar Hayat 
            and Fahad Shahbaz Khan and Ming-Hsuan Yang},
    booktitle={CVPR},
    year={2022}
}

@inproceedings{SRN,
  title={Scale-Recurrent Network for Deep Image Deblurring},
  author={Xin Tao and Hongyun Gao and Xiaoyong Shen and Jue Wang and Jiaya Jia},
  booktitle={CVPR},
  year={2018}
}

@InProceedings{Uformer,
    author    = {Wang, Zhendong and Cun, Xiaodong and Bao, Jianmin and Zhou, Wengang and Liu, Jianzhuang and Li, Houqiang},
    title     = {Uformer: A General U-Shaped Transformer for Image Restoration},
    booktitle = {CVPR},
    year      = {2022}
}

@inproceedings{cdm,
  title={Multiscale structure guided diffusion for image deblurring},
  author={Ren, Mengwei and Delbracio, Mauricio and Talebi, Hossein and Gerig, Guido and Milanfar, Peyman},
  booktitle={CVPR},
  year={2023}
}

@InProceedings{dark_channel,
author = {Pan, Jinshan and Sun, Deqing and Pfister, Hanspeter and Yang, Ming-Hsuan},
title = {Blind Image Deblurring Using Dark Channel Prior},
booktitle = {CVPR},
year = {2016}
}

@inproceedings{diffbir,
  title={Diffbir: Toward blind image restoration with generative diffusion prior},
  author={Lin, Xinqi and He, Jingwen and Chen, Ziyan and Lyu, Zhaoyang and Dai, Bo and Yu, Fanghua and Qiao, Yu and Ouyang, Wanli and Dong, Chao},
  booktitle={ECCV},
  year={2025},
}

@InProceedings{fftformer,
    author    = {Kong, Lingshun and Dong, Jiangxin and Ge, Jianjun and Li, Mingqiang and Pan, Jinshan},
    title     = {Efficient Frequency Domain-Based Transformers for High-Quality Image Deblurring},
    booktitle = CVPR,
    year      = {2023},
}

@inproceedings{hidiff,
  title={Hierarchical Integration Diffusion Model for Realistic Image Deblurring}, 
  author={Chen, Zheng and Zhang, Yulun and Ding, Liu and Bin, Xia and Gu, Jinjin and Kong, Linghe and Yuan, Xin},
  booktitle={NeurIPS},
  year={2023}
}

@inproceedings{pasd,
    title={Pixel-Aware Stable Diffusion for Realistic Image Super-Resolution and Personalized Stylization},
    author={Yang, Tao and Wu, Rongyuan and Ren, Peiran and Xie, Xuansong and Zhang, Lei},
    booktitle={ECCV},
    year={2024}
}

@inproceedings{resshift,
  title={Resshift: Efficient diffusion model for image super-resolution by residual shifting},
  author={Yue, Zongsheng and Wang, Jianyi and Loy, Chen Change},
  booktitle={NeurIPS},
  year={2024}
}

@inproceedings{sd,
  title={High-resolution image synthesis with latent diffusion models},
  author={Rombach, Robin and Blattmann, Andreas and Lorenz, Dominik and Esser, Patrick and Ommer, Bj{\"o}rn},
  booktitle={CVPR},
  year={2022}
}

@inproceedings{sparse,
  title={Blind deconvolution using a normalized sparsity measure},
  author={Krishnan, Dilip and Tay, Terence and Fergus, Rob},
  booktitle={CVPR},
  year={2011},
}

