@ARTICLE{ZeroTouchAI,
  author={Baccour, Emna and Allahham, Mhd Saria and Erbad, Aiman and Mohamed, Amr and Hussein, Ahmed Refaey and Hamdi, Mounir},
  journal={IEEE Communications Magazine}, 
  title={Zero Touch Realization of Pervasive Artificial Intelligence as a Service in 6G Networks}, 
  year={2023},
  volume={61},
  number={2},
  pages={110-116},
  keywords={6G mobile communication;Knowledge engineering;Costs;Prototypes;Standardization;Security;Resource management;Artificial intelligence},
  doi={10.1109/MCOM.001.2200508}}

@ARTICLE{Mal-AI,
  author={Gupta, Maanak and Akiri, Charankumar and Aryal, Kshitiz and Parker, Eli and Praharaj, Lopamudra},
  journal={IEEE Access}, 
  title={From ChatGPT to ThreatGPT: Impact of Generative AI in Cybersecurity and Privacy}, 
  year={2023},
  volume={11},
  number={},
  pages={80218-80245},
  keywords={Chatbots;Artificial intelligence;Computer security;Hidden Markov models;Privacy;Ethics;Switches;Generative adversarial networks;Generative AI;GenAI and cybersecurity;ChatGPT;Google bard;cyber offense;cyber defense;ethical GenAI;privacy;artificial intelligence;cybersecurity;jailbreaking},
  doi={10.1109/ACCESS.2023.3300381}}

@ARTICLE{ZTN-AI-Domains,
  author={Benzaid, Chafika and Taleb, Tarik},
  journal={IEEE Network}, 
  title={AI-Driven Zero Touch Network and Service Management in 5G and Beyond: Challenges and Research Directions}, 
  year={2020},
  volume={34},
  number={2},
  pages={186-194},
  keywords={5G mobile communication;Automation;Artificial intelligence;Network slicing;Cognition},
  doi={10.1109/MNET.001.1900252}}

 @misc{cisco, title={Reimagining the End-to-End Mobile Network in the 5G Era Rakuten finds success through disruptive thinking and actions The need for a new network model}, url={https://www.cisco.com/c/dam/en/us/products/collateral/cloud-systems-management/elastic-services-controller-esc/reimagining-mobile-network-white-paper.pdf}, author={Cisco Public and Rakuten and ALTIOSTAR}, year={2019} }