@misc{Ford_2023, title={IBM to pause hiring for “back-office” jobs that AI could kill}, url={https://www.bloomberg.com/news/articles/2023-05-01/ibm-to-pause-hiring-for-back-office-jobs-that-ai-could-kill#xj4y7vzkg?leadSource=uverify\%20wall}, journal={Bloomberg.com}, publisher={Bloomberg}, author={Ford, Brody}, year={2023}, month={May}} 

@ARTICLE{AI-NM,

  author={Nguyen, Giang and Dlugolinsky, Stefan and Tran, Viet and López García, Álvaro},

  journal={IEEE Access}, 

  title={Deep Learning for Proactive Network Monitoring and Security Protection}, 

  year={2020},

  volume={8},

  number={},

  pages={19696-19716},

  doi={10.1109/ACCESS.2020.2968718}}


@ARTICLE{AI-NM1,

  author={Zhang, Chaoyun and Patras, Paul and Haddadi, Hamed},

  journal={IEEE Communications Surveys & Tutorials}, 

  title={Deep Learning in Mobile and Wireless Networking: A Survey}, 

  year={2019},

  volume={21},

  number={3},

  pages={2224-2287},

  doi={10.1109/COMST.2019.2904897}}

@ARTICLE{AI-NM2,

  author={Luong, Nguyen Cong and Hoang, Dinh Thai and Gong, Shimin and Niyato, Dusit and Wang, Ping and Liang, Ying-Chang and Kim, Dong In},

  journal={IEEE Communications Surveys & Tutorials}, 

  title={Applications of Deep Reinforcement Learning in Communications and Networking: A Survey}, 

  year={2019},

  volume={21},

  number={4},

  pages={3133-3174},

  doi={10.1109/COMST.2019.2916583}}

@ARTICLE{Robot-1,

  author={Murphy, Robin and Woods, David D.},

  journal={IEEE Intelligent Systems}, 

  title={Beyond Asimov: The Three Laws of Responsible Robotics}, 

  year={2009},

  volume={24},

  number={4},

  pages={14-20},

  doi={10.1109/MIS.2009.69}}


@ARTICLE{LAW-1,

  author={Wallach, Wendell and Marchant, Gary},

  journal={Proceedings of the IEEE}, 

  title={Toward the Agile and Comprehensive International Governance of AI and Robotics [point of view]}, 

  year={2019},

  volume={107},

  number={3},

  pages={505-508},

  doi={10.1109/JPROC.2019.2899422}}

@misc{ai, 
    author={USA Gov, Biden-Harris Administration},
    
    title={Blueprint for an AI Bill of Rights},
    
    year={2022},
    
    url={https://www.whitehouse.gov/wp-content/uploads/2022/10/Blueprint-for-an-AI-Bill-of-Rights.pdf?ref=blog.hrflow.ai} } 

    
https://artificialintelligenceact.eu/

@misc{ai3, 
    author={European Union},
    
    title={The Artificial Intelligence Act},
    
    year={2021},
    
    url={https://artificialintelligenceact.eu/} } 
    
@misc{ai2, 
    author={Canadian Federal Gov.},
    title={The Artificial Intelligence and Data Act (AIDA) – Companion document},
    url={https://ised-isde.canada.ca/site/innovation-better-canada/en/artificial-intelligence-and-data-act-aida-companion-document},
    year={2023}, month={Mar}} 

@INPROCEEDINGS{robot-ai-1,

  author={Schaerer, Enrique and Kelley, Richard and Nicolescu, Monica},

  booktitle={RO-MAN 2009 - The 18th IEEE International Symposium on Robot and Human Interactive Communication}, 

  title={Robots as animals: A framework for liability and responsibility in human-robot interactions}, 

  year={2009},

  volume={},

  number={},

  pages={72-77},

  doi={10.1109/ROMAN.2009.5326244}}

@INPROCEEDINGS{robot-ai-2,

  author={Weng, Yueh-Hsuan and Hirata, Yasuhisa},

  booktitle={2018 IEEE International Conference on Intelligence and Safety for Robotics (ISR)}, 

  title={Ethically Aligned Design for Assistive Robotics}, 

  year={2018},

  volume={},

  number={},

  pages={286-290},

  doi={10.1109/IISR.2018.8535889}}

@ARTICLE{AI-Networking,

  author={Yang, Helin and Alphones, Arokiaswami and Xiong, Zehui and Niyato, Dusit and Zhao, Jun and Wu, Kaishun},

  journal={IEEE Network}, 

  title={Artificial-Intelligence-Enabled Intelligent 6G Networks}, 

  year={2020},

  volume={34},

  number={6},

  pages={272-280},

  doi={10.1109/MNET.011.2000195}}

@ARTICLE{AI-Networking-2,

  author={Coronado, Estefanía and Behravesh, Rasoul and Subramanya, Tejas and Fernàndez-Fernàndez, Adriana and Siddiqui, Muhammad Shuaib and Costa-Pérez, Xavier and Riggio, Roberto},

  journal={IEEE Communications Surveys & Tutorials}, 

  title={Zero Touch Management: A Survey of Network Automation Solutions for 5G and 6G Networks}, 

  year={2022},

  volume={24},

  number={4},

  pages={2535-2578},

  doi={10.1109/COMST.2022.3212586}}

@INPROCEEDINGS{NSF,

  author={Bakhshi, Bahador and Mangues-Bafalluy, Josep and Baranda, Jorge},

  booktitle={2021 IEEE Global Communications Conference (GLOBECOM)}, 

  title={R-Learning-Based Admission Control for Service Federation in Multi-domain 5G Networks}, 

  year={2021},

  volume={},

  number={},

  pages={1-6},

  doi={10.1109/GLOBECOM46510.2021.9685936}}
