@misc{AIGOV-CAD1, 
    author={Goverment of Canada},
    
    title={The Artificial Intelligence and Data Act (AIDA)},
    
    year={2023},
    
    url={https://ised-isde.canada.ca/site/innovation-better-canada/en/artificial-intelligence-and-data-act-aida-companion-document} }


@book{AIGOV-CAD, 
title={AIDA Bill C-27, the Digital Charter Implementation Act, 2022},
journal={Artificial Intelligence Act}, 
author = {{Parliament of Canada}},
publisher = {Govermnet of Canada},
year={2022}} 

https://www.whitehouse.gov/ostp/ai-bill-of-rights/


@misc{AIGOV-USA1, 
    author={United States of America Goverment},
    
    title={AI Bill of Rights},
    
    year={2023},
    
    url={https://www.whitehouse.gov/ostp/ai-bill-of-rights/} }

@book{AIGOV-USA, 
title={Blueprint for an AI Bill of Rights},
journal={Artificial Intelligence Act}, 
author = {{The White House}},
publisher = {Presidential Adminstartion of United States of America},
year={2022}} 

https://artificialintelligenceact.eu/

@misc{AIGOV-EU1, 
    author={European Union},
    title={Artifical Intelligence Act},
    
    year={2023},
    
    url={https://artificialintelligenceact.eu/} }

@book{AIGOV-EU, 
title={Artificial Intelligence Act Regulation (EU) 2024/1689},
journal={Artificial Intelligence Act}, 
author = {{European Union Parliament 2006}},
publisher = {EU Parliament},
year={2023}} 


@misc{3gpp_20221, 
title={5G System Overview}, 
url={https://www.3gpp.org/technologies/5g-system-overview}, 
journal={www.3gpp.org}, 
author={3GPP}, 
type = {Technical Specification (TS)},
 institution = {{3rd Generation Partnership Project (3GPP)}},
year={2022} }


@book{3gpp_2022,
	title = {5G System Overview 5G System Overview 21.915 Release 15 Description},
	publisher = {3rd Generation Partnership Project (3GPP)},
	author = {3GPP},
	date = {2022},
    url={https://www.3gpp.org/technologies/5g-system-overview}
}




‌
 @misc{cisco1, title={Reimagining the End-to-End Mobile Network in the 5G Era Rakuten finds success through disruptive thinking and actions The need for a new network model}, url={https://www.cisco.com/c/dam/en/us/products/collateral/cloud-systems-management/elastic-services-controller-esc/reimagining-mobile-network-white-paper.pdf}, author={Cisco Public and Rakuten and ALTIOSTAR}, year={2019} }







@ARTICLE{cisco,
  author={Tripathi, Sharda and Puligheddu, Corrado and Pramanik, Somreeta and Garcia-Saavedra, Andres and Chiasserini, Carla Fabiana},
  journal={IEEE Transactions on Mobile Computing}, 
  title={Fair and Scalable Orchestration of Network and Compute Resources for Virtual Edge Services}, 
  year={2024},
  volume={23},
  number={3},
  pages={2202-2218}}


 @misc{3gpp_NSM1, title={ 5G Network slice management }, url={https://www.3gpp.org/technologies/slice-management}, journal={3GPP}, author={3GPP}, year={2023} }


@book{3gpp_NSM,
	title = {5G Network Slice Management 28.530
 Management and Orchestration; Concepts, use cases and requirements},
	publisher = {3rd Generation Partnership Project (3GPP)},
	author = {3GPP},
	date = {2023},
    url={https://www.3gpp.org/technologies/slice-management}
}


@article{OpenSource-5G,
title = {Open, Programmable, and Virtualized 5G Networks: State-of-the-Art and the Road Ahead},
journal = {Computer Networks},
volume = {182},
pages = {107516},
year = {2020},
issn = {1389-1286},
doi = {https://doi.org/10.1016/j.comnet.2020.107516},
author = {Leonardo Bonati and Michele Polese and Salvatore D’Oro and Stefano Basagni and Tommaso Melodia}
}

@ARTICLE{CDR_Analysis,

  author={Rizwan, Ali and Jaber, Mona and Filali, Fethi and Imran, Ali and Abu-Dayya, Adnan},

  journal={IEEE Access}, 

  title={A Zero-Touch Network Service Management Approach Using AI-Enabled CDR Analysis}, 

  year={2021},

  volume={9},

  number={},

  pages={157699-157714},

  doi={10.1109/ACCESS.2021.3129281}}


@ARTICLE{ZTN-1,

  author={Baccour, Emna and Allahham, Mhd Saria and Erbad, Aiman and Mohamed, Amr and Hussein, Ahmed Refaey and Hamdi, Mounir},

  journal={IEEE Communications Magazine}, 

  title={Zero Touch Realization of Pervasive Artificial Intelligence as a Service in 6G Networks}, 

  year={2023},

  volume={61},

  number={2},

  pages={110-116},

  keywords={6G mobile communication;Knowledge engineering;Costs;Prototypes;Standardization;Security;Resource management;Artificial intelligence},

  doi={10.1109/MCOM.001.2200508}}


‌
‌@ARTICLE{ML-Healing,

  author={Qin, Meng and Yang, Qinghai and Cheng, Nan and Zhou, Haibo and Rao, Ramesh R. and Shen, Xuemin},

  journal={IEEE Transactions on Vehicular Technology}, 

  title={Machine Learning Aided Context-Aware Self-Healing Management for Ultra Dense Networks With QoS Provisions}, 

  year={2018},

  volume={67},

  number={12},

  pages={12339-12351},

  doi={10.1109/TVT.2018.2877910}}

@ARTICLE{AI-Energy,

  author={Chergui, Hatim and Blanco, Luis and Garrido, Luis A. and Ramantas, Kostas and Kukliński, Sławomir and Ksentini, Adlen and Verikoukis, Christos},

  journal={IEEE Network}, 

  title={Zero-Touch AI-Driven Distributed Management for Energy-Efficient 6G Massive Network Slicing}, 

  year={2021},

  volume={35},

  number={6},

  pages={43-49},

  doi={10.1109/MNET.111.2100322}}


@INPROCEEDINGS{ML-Enabled,
  author={Figetakis, Emanuel and Refaey, Ahmed},
  booktitle={GLOBECOM 2023 - 2023 IEEE Global Communications Conference}, 
  title={Autonomous MEC Selection in Federated Next-Gen Networks via Deep Reinforcement Learning}, 
  year={2023},
  volume={},
  number={},
  pages={2045-2050},
  keywords={Training;Costs;Computational modeling;Deep reinforcement learning;Resource management;Task analysis;Service level agreements;B5G/6G Networks;Federation;DRL;SLA;VNO;Next-G Networks;MEC},
  doi={10.1109/GLOBECOM54140.2023.10437048}}

@INPROCEEDINGS{robot-ai-2,

  author={Weng, Yueh-Hsuan and Hirata, Yasuhisa},

  booktitle={2018 IEEE International Conference on Intelligence and Safety for Robotics (ISR)}, 

  title={Ethically Aligned Design for Assistive Robotics}, 

  year={2018},

  volume={},

  number={},

  pages={286-290},

  doi={10.1109/IISR.2018.8535889}}


@article{robotics-1,
	author = {Ronald Leenes and Federica Lucivero},
	doi = {10.5235/17579961.6.2.193},
	eprint = {https://doi.org/10.5235/17579961.6.2.193},
	journal = {Law, Innovation and Technology},
	number = {2},
	pages = {193-220},
	publisher = {Routledge},
	title = {Laws on Robots, Laws by Robots, Laws in Robots: Regulating Robot Behaviour by Design},
	url = {https://doi.org/10.5235/17579961.6.2.193},
	volume = {6},
	year = {2014},
	bdsk-url-1 = {https://doi.org/10.5235/17579961.6.2.193}}


@article{robotics-2,
	author = {Alberto Pirni and Federica Lucivero},
	doi = {10.5235/17579961.5.2.147},
	eprint = {https://doi.org/10.5235/17579961.5.2.147},
	journal = {Law, Innovation and Technology},
	number = {2},
	pages = {147-171},
	publisher = {Routledge},
	title = {The `Robotic Divide' and the Framework of Recognition: Re-Articulating the Question of Fair Access to Robotic Technologies},
	url = {https://doi.org/10.5235/17579961.5.2.147},
	volume = {5},
	year = {2013},
	bdsk-url-1 = {https://doi.org/10.5235/17579961.5.2.147}}

 @book{etsi_2019, 
title={Zero-touch network and Service Management (ZSM) ETSI GS ZSM 002 V1.1.1}, 
author={ETSI}, 
year={2019}, 
publisher = {European Telecommunications Standards Institute}
}


@INPROCEEDINGS{ns_energy,
  author={Rezazadeh, Farhad and Chergui, Hatim and Christofi, Loizos and Verikoukis, Christos},
  booktitle={ICC 2021 - IEEE International Conference on Communications}, 
  title={Actor-Critic-Based Learning for Zero-touch Joint Resource and Energy Control in Network Slicing}, 
  year={2021},
  volume={},
  number={},
  pages={1-6},
  doi={10.1109/ICC42927.2021.9500265}}


@ARTICLE{Graph_Ranking,
  author={Wang, Meijia and Kang, Jian and Cao, Nan and Xia, Yinglong and Fan, Wei and Tong, Hanghang},
  journal={IEEE Transactions on Knowledge and Data Engineering}, 
  title={Graph Ranking Auditing: Problem Definition and Fast Solutions}, 
  year={2021},
  volume={33},
  number={10},
  pages={3366-3380},
  doi={10.1109/TKDE.2020.2969415}}

@misc{ARS-1,
      title={Simple random search provides a competitive approach to reinforcement learning}, 
      author={Horia Mania and Aurelia Guy and Benjamin Recht},
      year={2018},
      eprint={1803.07055},
      archivePrefix={arXiv},
      primaryClass={cs.LG}
}

@misc{RPPO,
      title={Generalization, Mayhems and Limits in Recurrent Proximal Policy Optimization}, 
      author={Marco Pleines and Matthias Pallasch and Frank Zimmer and Mike Preuss},
      year={2022},
      eprint={2205.11104},
      archivePrefix={arXiv},
      primaryClass={cs.LG}
}

@misc{QRDQN,
      title={Distributional Reinforcement Learning with Quantile Regression}, 
      author={Will Dabney and Mark Rowland and Marc G. Bellemare and Rémi Munos},
      year={2017},
      eprint={1710.10044},
      archivePrefix={arXiv},
      primaryClass={cs.AI}
}

@INPROCEEDINGS{GAN-Paper,
  author={Figetakis, Emanuel and Refaey, Ahmed},
  booktitle={2021 IEEE International Conference on Communications Workshops (ICC Workshops)}, 
  title={UAV Path Planning Using on-Board Ultrasound Transducer Arrays and Edge Support}, 
  year={2021},
  volume={},
  number={},
  pages={1-6},
  keywords={Ultrasonic imaging;Transducers;Ultrasonic variables measurement;Conferences;Psychology;Prediction algorithms;Unmanned aerial vehicles;Unmanned aerial vehicles;UAV;Collision Avoidance;Generative adversarial networks;GAN;MEC;Machine Learning},
  doi={10.1109/ICCWorkshops50388.2021.9473500}}

@misc{TRPO-1,
      title={Trust Region Policy Optimization}, 
      author={John Schulman and Sergey Levine and Philipp Moritz and Michael I. Jordan and Pieter Abbeel},
      year={2017},
      eprint={1502.05477},
      archivePrefix={arXiv},
      primaryClass={cs.LG}
}

@article{stable-baselines3,
  author  = {Antonin Raffin and Ashley Hill and Adam Gleave and Anssi Kanervisto and Maximilian Ernestus and Noah Dormann},
  title   = {Stable-Baselines3: Reliable Reinforcement Learning Implementations},
  journal = {Journal of Machine Learning Research},
  year    = {2021},
  volume  = {22},
  number  = {268},
  pages   = {1-8},
 
}

@INPROCEEDINGS{1,
  author={Abdelhay, Zeyad and Refaey, Ahmed},
  booktitle={2024 International Wireless Communications and Mobile Computing (IWCMC)}, 
  title={xG Security: Zero-Trust and Moving Target Defense in Decentralized Learning Environment}, 
  year={2024},
  volume={},
  number={},
  pages={1820-1825},
  keywords={Data privacy;Federated learning;Wireless networks;Authentication;Computer architecture;Data models;Security},
  doi={10.1109/IWCMC61514.2024.10592368}}

@ARTICLE{2,
  author={Meerja, Khalim Amjad and Shami, Abdallah and Refaey, Ahmed},
  journal={IEEE Wireless Communications}, 
  title={Hailing cloud empowered radio access networks}, 
  year={2015},
  volume={22},
  number={1},
  pages={122-129},
  keywords={Cloud computing;Femtocells;Interference;Macrocell networks;Radio access networks},
  doi={10.1109/MWC.2015.7054727}}

@ARTICLE{3,
  author={Bello, Yahuza and Abdellatif, Alaa Awad and Allahham, Mhd Saria and Hussein, Ahmed Refaey and Erbad, Aiman and Mohamed, Amr and Guizani, Mohsen},
  journal={IEEE Access}, 
  title={B5G: Predictive Container Auto-Scaling for Cellular Evolved Packet Core}, 
  year={2021},
  volume={9},
  number={},
  pages={158204-158214},
  keywords={Cloud computing;Task analysis;Scalability;Virtualization;Servers;Containers;Virtual machining;Evolved packet core;amazon web services;scaling;auto scaling group;optimization;container;virtual machine;implementation},
  doi={10.1109/ACCESS.2021.3126048}}