@inproceedings{abokhodairDissectingSocialBotnet2015,
     keywords = {fleeting},
	title = {Dissecting a {{Social Botnet}}: {{Growth}}, {{Content}} and {{Influence}} in {{Twitter}}},
	shorttitle = {Dissecting a {{Social Botnet}}},
	booktitle = {Proceedings of the 18th {{ACM Conference}} on {{Computer Supported Cooperative Work}} \& {{Social Computing}}},
	author = {Abokhodair, Norah and Yoo, Daisy and McDonald, David W.},
	year = 2015,
	month = feb,
	pages = {839--851},
	publisher = {ACM},
	address = {Vancouver BC Canada},
	doi = {10.1145/2675133.2675208},
	urldate = {2024-09-13},
	isbn = {978-1-4503-2922-4},
	langid = {english},
}
@inproceedings{ackermansEffectsExplicitIntention2020,
     keywords = {fleeting},
	title = {The {{Effects}} of {{Explicit Intention Communication}}, {{Conspicuous Sensors}}, and {{Pedestrian Attitude}} in {{Interactions}} with {{Automated Vehicles}}},
	booktitle = {Proceedings of the 2020 {{CHI Conference}} on {{Human Factors}} in {{Computing Systems}}},
	author = {Ackermans, Sander and Dey, Debargha and Ruijten, Peter and Cuijpers, Raymond H. and Pfleging, Bastian},
	year = 2020,
	month = apr,
	pages = {1--14},
	publisher = {ACM},
	address = {Honolulu HI USA},
	doi = {10.1145/3313831.3376197},
	urldate = {2024-09-13},
	isbn = {978-1-4503-6708-0},
	langid = {english}
}
@article{ahujaEduSensePracticalClassroom2019,
     keywords = {fleeting},
	title = {{{EduSense}}: {{Practical Classroom Sensing}} at {{Scale}}},
	shorttitle = {{EduSense}},
	author = {Ahuja, Karan and Kim, Dohyun and Xhakaj, Franceska and Varga, Virag and Xie, Anne and Zhang, Stanley and Townsend, Jay Eric and Harrison, Chris and Ogan, Amy and Agarwal, Yuvraj},
	year = 2019,
	month = sep,
	journal = {Proceedings of the ACM on Interactive, Mobile, Wearable and Ubiquitous Technologies},
	volume = 3,
	number = 3,
	pages = {1--26},
	issn = {2474-9567},
	doi = {10.1145/3351229},
	urldate = {2024-09-13},
	langid = {english},
}
@article{akashClassificationModelSensing2018,
     keywords = {fleeting},
	title = {A {{Classification Model}} for {{Sensing Human Trust}} in {{Machines Using EEG}} and {{GSR}}},
	author = {Akash, Kumar and Hu, Wan-Lin and Jain, Neera and Reid, Tahira},
	year = 2018,
	month = dec,
	journal = {ACM Transactions on Interactive Intelligent Systems},
	volume = 8,
	number = 4,
	pages = {1--20},
	issn = {2160-6455, 2160-6463},
	doi = {10.1145/3132743},
	urldate = {2024-09-13},
	langid = {english},
}
@inproceedings{alexanderGrandChallengesShapeChanging2018,
     keywords = {fleeting},
	title = {Grand {{Challenges}} in {{Shape-Changing Interface Research}}},
	booktitle = {Proceedings of the 2018 {{CHI Conference}} on {{Human Factors}} in {{Computing Systems}}},
	author = {Alexander, Jason and Roudaut, Anne and Steimle, J{\"u}rgen and Hornb{\ae}k, Kasper and Bruns Alonso, Miguel and Follmer, Sean and Merritt, Timothy},
	year = 2018,
	month = apr,
	pages = {1--14},
	publisher = {ACM},
	address = {Montreal QC Canada},
	doi = {10.1145/3173574.3173873},
	urldate = {2024-09-13},
	isbn = {978-1-4503-5620-6},
	langid = {english},
}
@inproceedings{altInteractionTechniquesCreating2013a,
     keywords = {fleeting},
	title = {Interaction Techniques for Creating and Exchanging Content with Public Displays},
	booktitle = {Proceedings of the {{SIGCHI Conference}} on {{Human Factors}} in {{Computing Systems}}},
	author = {Alt, Florian and Shirazi, Alireza Sahami and Kubitza, Thomas and Schmidt, Albrecht},
	year = 2013,
	month = apr,
	pages = {1709--1718},
	publisher = {ACM},
	address = {Paris France},
	doi = {10.1145/2470654.2466226},
	urldate = {2024-09-13},
	isbn = {978-1-4503-1899-0},
	langid = {english},
}
@inproceedings{altUsingEyetrackingSupport2014,
     keywords = {fleeting},
	title = {Using Eye-Tracking to Support Interaction with Layered {{3D}} Interfaces on Stereoscopic Displays},
	booktitle = {Proceedings of the 19th International Conference on {{Intelligent User Interfaces}}},
	author = {Alt, Florian and Schneegass, Stefan and Auda, Jonas and Rzayev, Rufat and Broy, Nora},
	year = 2014,
	month = feb,
	pages = {267--272},
	publisher = {ACM},
	address = {Haifa Israel},
	doi = {10.1145/2557500.2557518},
	urldate = {2024-09-13},
	isbn = {978-1-4503-2184-6},
	langid = {english},
}
@inproceedings{amoresEssenceOlfactoryInterfaces2017a,
     keywords = {fleeting},
	title = {Essence: {{Olfactory Interfaces}} for {{Unconscious Influence}} of {{Mood}} and {{Cognitive Performance}}},
	shorttitle = {Essence},
	booktitle = {Proceedings of the 2017 {{CHI Conference}} on {{Human Factors}} in {{Computing Systems}}},
	author = {Amores, Judith and Maes, Pattie},
	year = 2017,
	month = may,
	pages = {28--34},
	publisher = {ACM},
	address = {Denver Colorado USA},
	doi = {10.1145/3025453.3026004},
	urldate = {2024-09-13},
	isbn = {978-1-4503-4655-9},
	langid = {english}
}
@article{andersonInteractionsLookingBroadly2009,
     keywords = {fleeting},
	title = {{\emph{Interactions}}: Looking Broadly to the Future},
	shorttitle = {{\emph{Interactions}}},
	author = {Anderson, Richard and Kolko, Jon},
	year = 2009,
	month = sep,
	journal = {Interactions},
	volume = 16,
	number = 5,
	pages = {5--5},
	issn = {1072-5520, 1558-3449},
	doi = {10.1145/1572626.1572627},
	urldate = {2024-09-13},
	langid = {english}
}
@inproceedings{anjaniWhyPeopleWatch2020,
     keywords = {fleeting},
	title = {Why Do People Watch Others Eat Food? {{An Empirical Study}} on the {{Motivations}} and {{Practices}} of {{Mukbang Viewers}}},
	shorttitle = {Why Do People Watch Others Eat Food?},
	booktitle = {Proceedings of the 2020 {{CHI Conference}} on {{Human Factors}} in {{Computing Systems}}},
	author = {Anjani, Laurensia and Mok, Terrance and Tang, Anthony and Oehlberg, Lora and Goh, Wooi Boon},
	year = 2020,
	month = apr,
	pages = {1--13},
	publisher = {ACM},
	address = {Honolulu HI USA},
	doi = {10.1145/3313831.3376567},
	urldate = {2024-09-13},
	isbn = {978-1-4503-6708-0},
	langid = {english}
}
@inproceedings{anThermorphDemocratizing4D2018,
     keywords = {fleeting},
	title = {Thermorph: {{Democratizing 4D Printing}} of {{Self-Folding Materials}} and {{Interfaces}}},
	shorttitle = {Thermorph},
	booktitle = {Proceedings of the 2018 {{CHI Conference}} on {{Human Factors}} in {{Computing Systems}}},
	author = {An, Byoungkwon and Tao, Ye and Gu, Jianzhe and Cheng, Tingyu and Chen, Xiang 'Anthony' and Zhang, Xiaoxiao and Zhao, Wei and Do, Youngwook and Takahashi, Shigeo and Wu, Hsiang-Yun and Zhang, Teng and Yao, Lining},
	year = 2018,
	month = apr,
	pages = {1--12},
	publisher = {ACM},
	address = {Montreal QC Canada},
	doi = {10.1145/3173574.3173834},
	urldate = {2024-09-13},
	isbn = {978-1-4503-5620-6},
	langid = {english}
}
@article{baharinSonicAIRSupportingIndependent2015a,
     keywords = {fleeting},
	title = {{{SonicAIR}}: {{Supporting Independent Living}} with {{Reciprocal Ambient Audio Awareness}}},
	shorttitle = {{SonicAIR}},
	author = {Baharin, Hanif and Viller, Stephen and Rintel, Sean},
	year = 2015,
	month = jul,
	journal = {ACM Transactions on Computer-Human Interaction},
	volume = 22,
	number = 4,
	pages = {1--23},
	issn = {1073-0516, 1557-7325},
	doi = {10.1145/2754165},
	urldate = {2024-09-13},
	langid = {english},
}
@article{bakerSchoolsBackScaffolding2021,
     keywords = {fleeting},
	title = {School's {{Back}}: {{Scaffolding Reminiscence}} in {{Social Virtual Reality}} with {{Older Adults}}},
	shorttitle = {School's {{Back}}},
	author = {Baker, Steven and Kelly, Ryan M. and Waycott, Jenny and Carrasco, Romina and Bell, Roger and Joukhadar, Zaher and Hoang, Thuong and Ozanne, Elizabeth and Vetere, Frank},
	year = 2021,
	month = jan,
	journal = {Proceedings of the ACM on Human-Computer Interaction},
	volume = 4,
	number = {CSCW3},
	pages = {1--25},
	issn = {2573-0142},
	doi = {10.1145/3434176},
	urldate = {2024-09-13},
	langid = {english},
}
@article{bakerUnderstandingTrustRepair2018,
     keywords = {fleeting},
	title = {Toward an {{Understanding}} of {{Trust Repair}} in {{Human-Robot Interaction}}: {{Current Research}} and {{Future Directions}}},
	shorttitle = {Toward an {{Understanding}} of {{Trust Repair}} in {{Human-Robot Interaction}}},
	author = {Baker, Anthony L. and Phillips, Elizabeth K. and Ullman, Daniel and Keebler, Joseph R.},
	year = 2018,
	month = dec,
	journal = {ACM Transactions on Interactive Intelligent Systems},
	volume = 8,
	number = 4,
	pages = {1--30},
	issn = {2160-6455, 2160-6463},
	doi = {10.1145/3181671},
	urldate = {2024-09-13},
	langid = {english}
}
@article{bedriEarBitUsingWearable2017,
     keywords = {fleeting},
	title = {{{EarBit}}: {{Using Wearable Sensors}} to {{Detect Eating Episodes}} in {{Unconstrained Environments}}},
	shorttitle = {{EarBit}},
	author = {Bedri, Abdelkareem and Li, Richard and Haynes, Malcolm and Kosaraju, Raj Prateek and Grover, Ishaan and Prioleau, Temiloluwa and Beh, Min Yan and Goel, Mayank and Starner, Thad and Abowd, Gregory},
	year = 2017,
	month = sep,
	journal = {Proceedings of the ACM on Interactive, Mobile, Wearable and Ubiquitous Technologies},
	volume = 1,
	number = 3,
	pages = {1--20},
	issn = {2474-9567},
	doi = {10.1145/3130902},
	urldate = {2024-09-13},
	langid = {english},
}
@inproceedings{bedriFitByteAutomaticDiet2020,
     keywords = {fleeting},
	title = {{{FitByte}}: {{Automatic Diet Monitoring}} in {{Unconstrained Situations Using Multimodal Sensing}} on {{Eyeglasses}}},
	shorttitle = {{FitByte}},
	booktitle = {Proceedings of the 2020 {{CHI Conference}} on {{Human Factors}} in {{Computing Systems}}},
	author = {Bedri, Abdelkareem and Li, Diana and Khurana, Rushil and Bhuwalka, Kunal and Goel, Mayank},
	year = 2020,
	month = apr,
	pages = {1--12},
	publisher = {ACM},
	address = {Honolulu HI USA},
	doi = {10.1145/3313831.3376869},
	urldate = {2024-09-13},
	isbn = {978-1-4503-6708-0},
	langid = {english},
}
@inproceedings{bellUMeExploringHuman2023,
     keywords = {fleeting},
	title = {{{{\textmu}Me}}: {{Exploring}} the {{Human Microbiome}} as an {{Intimate Material}} for {{Living Interfaces}}},
	shorttitle = {{{\textmu}Me}},
	booktitle = {Proceedings of the 2023 {{ACM Designing Interactive Systems Conference}}},
	author = {Bell, Fiona and Ramsahoye, Michelle and Coffie, Joshua and Tung, Julia and Alistar, Mirela},
	year = 2023,
	month = jul,
	pages = {2019--2033},
	publisher = {ACM},
	address = {Pittsburgh PA USA},
	doi = {10.1145/3563657.3596133},
	urldate = {2024-09-13},
	isbn = {978-1-4503-9893-0},
	langid = {english},
}
@inproceedings{benkoSphereMultitouchInteractions2008,
     keywords = {fleeting},
	title = {Sphere: Multi-Touch Interactions on a Spherical Display},
	shorttitle = {Sphere},
	booktitle = {Proceedings of the 21st Annual {{ACM}} Symposium on {{User}} Interface Software and Technology},
	author = {Benko, Hrvoje and Wilson, Andrew D. and Balakrishnan, Ravin},
	year = 2008,
	month = oct,
	pages = {77--86},
	publisher = {ACM},
	address = {Monterey CA USA},
	doi = {10.1145/1449715.1449729},
	urldate = {2024-09-13},
	isbn = {978-1-59593-975-3},
	langid = {english}
}
@inproceedings{bermanHowDIYMetaDesignTools2021,
     keywords = {fleeting},
	title = {{{HowDIY}}: {{Towards Meta-Design Tools}} to {{Support Anyone}} to {{3D Print Anywhere}}},
	shorttitle = {{HowDIY}},
	booktitle = {26th {{International Conference}} on {{Intelligent User Interfaces}}},
	author = {Berman, Alexander and Thakare, Ketan and Howell, Joshua and Quek, Francis and Kim, Jeeeun},
	year = 2021,
	month = apr,
	pages = {491--503},
	publisher = {ACM},
	address = {College Station TX USA},
	doi = {10.1145/3397481.3450638},
	urldate = {2024-09-13},
	isbn = {978-1-4503-8017-1},
	langid = {english}
}
@inproceedings{bernsteinCrowdsTwoSeconds2011,
     keywords = {fleeting},
	title = {Crowds in Two Seconds: Enabling Realtime Crowd-Powered Interfaces},
	shorttitle = {Crowds in Two Seconds},
	booktitle = {Proceedings of the 24th Annual {{ACM}} Symposium on {{User}} Interface Software and Technology},
	author = {Bernstein, Michael S. and Brandt, Joel and Miller, Robert C. and Karger, David R.},
	year = 2011,
	month = oct,
	pages = {33--42},
	publisher = {ACM},
	address = {Santa Barbara California USA},
	doi = {10.1145/2047196.2047201},
	urldate = {2024-09-13},
	isbn = {978-1-4503-0716-1},
	langid = {english},
}
@inproceedings{besmerMovingUntaggingPhoto2010a,
     keywords = {fleeting},
	title = {Moving beyond Untagging: Photo Privacy in a Tagged World},
	shorttitle = {Moving beyond Untagging},
	booktitle = {Proceedings of the {{SIGCHI Conference}} on {{Human Factors}} in {{Computing Systems}}},
	author = {Besmer, Andrew and Richter Lipford, Heather},
	year = 2010,
	month = apr,
	pages = {1563--1572},
	publisher = {ACM},
	address = {Atlanta Georgia USA},
	doi = {10.1145/1753326.1753560},
	urldate = {2024-09-13},
	isbn = {978-1-60558-929-9},
	langid = {english}
}
@article{bhatWeAreHalfdoctors2023,
     keywords = {fleeting},
	title = {"{{We}} Are Half-Doctors": {{Family Caregivers}} as {{Boundary Actors}} in {{Chronic Disease Management}}},
	shorttitle = {"{{We}} Are Half-Doctors"},
	author = {Bhat, Karthik S. and Hall, Amanda K. and Kuo, Tiffany and Kumar, Neha},
	year = 2023,
	month = apr,
	journal = {Proceedings of the ACM on Human-Computer Interaction},
	volume = 7,
	number = {CSCW1},
	pages = {1--29},
	issn = {2573-0142},
	doi = {10.1145/3579545},
	urldate = {2024-09-13},
	langid = {english},
}
@inproceedings{boringTouchProjectorMobile2010,
     keywords = {fleeting},
	title = {Touch Projector: Mobile Interaction through Video},
	shorttitle = {Touch Projector},
	booktitle = {Proceedings of the {{SIGCHI Conference}} on {{Human Factors}} in {{Computing Systems}}},
	author = {Boring, Sebastian and Baur, Dominikus and Butz, Andreas and Gustafson, Sean and Baudisch, Patrick},
	year = 2010,
	month = apr,
	pages = {2287--2296},
	publisher = {ACM},
	address = {Atlanta Georgia USA},
	doi = {10.1145/1753326.1753671},
	urldate = {2024-09-13},
	isbn = {978-1-60558-929-9},
	langid = {english}
}
@article{breidebandHomeLifeWorkRhythm2022a,
     keywords = {fleeting},
	title = {Home-{{Life}} and {{Work Rhythm Diversity}} in {{Distributed Teamwork}}: {{A Study}} with {{Information Workers}} during the {{COVID-19 Pandemic}}},
	shorttitle = {Home-{{Life}} and {{Work Rhythm Diversity}} in {{Distributed Teamwork}}},
	author = {Breideband, Thomas and Talkad Sukumar, Poorna and Mark, Gloria and Caruso, Megan and D'Mello, Sidney and Striegel, Aaron D.},
	year = 2022,
	month = mar,
	journal = {Proceedings of the ACM on Human-Computer Interaction},
	volume = 6,
	number = {CSCW1},
	pages = {1--23},
	issn = {2573-0142},
	doi = {10.1145/3512942},
	urldate = {2024-09-13},
	langid = {english},
}
@inproceedings{brownTroubleAutopilotsAssisted2017,
     keywords = {fleeting},
	title = {The {{Trouble}} with {{Autopilots}}: {{Assisted}} and {{Autonomous Driving}} on the {{Social Road}}},
	shorttitle = {The {{Trouble}} with {{Autopilots}}},
	booktitle = {Proceedings of the 2017 {{CHI Conference}} on {{Human Factors}} in {{Computing Systems}}},
	author = {Brown, Barry and Laurier, Eric},
	year = 2017,
	month = may,
	pages = {416--429},
	publisher = {ACM},
	address = {Denver Colorado USA},
	doi = {10.1145/3025453.3025462},
	urldate = {2024-09-13},
	isbn = {978-1-4503-4655-9},
	langid = {english}
}
@inproceedings{brubakerFocusingSharedExperiences2012,
     keywords = {fleeting},
	title = {Focusing on Shared Experiences: Moving beyond the Camera in Video Communication},
	shorttitle = {Focusing on Shared Experiences},
	booktitle = {Proceedings of the {{Designing Interactive Systems Conference}}},
	author = {Brubaker, Jed R. and Venolia, Gina and Tang, John C.},
	year = 2012,
	month = jun,
	pages = {96--105},
	publisher = {ACM},
	address = {Newcastle Upon Tyne United Kingdom},
	doi = {10.1145/2317956.2317973},
	urldate = {2024-09-13},
	isbn = {978-1-4503-1210-3},
	langid = {english}
}
@inproceedings{brudySurfaceFleetExploringDistributed2020,
     keywords = {fleeting},
	title = {{{SurfaceFleet}}: {{Exploring Distributed Interactions Unbounded}} from {{Device}}, {{Application}}, {{User}}, and {{Time}}},
	shorttitle = {{SurfaceFleet}},
	booktitle = {Proceedings of the 33rd {{Annual ACM Symposium}} on {{User Interface Software}} and {{Technology}}},
	author = {Brudy, Frederik and Ledo, David and Pahud, Michel and Henry Riche, Nathalie and Holz, Christian and Waghmare, Anand and Surale, Hemant Bhaskar and Peinado, Marcus and Zhang, Xiaokuan and Joyner, Shannon and Chandramouli, Badrish and Minhas, Umar Farooq and Goldstein, Jonathan and Buxton, William and Hinckley, Ken},
	year = 2020,
	month = oct,
	pages = {7--21},
	publisher = {ACM},
	address = {Virtual Event USA},
	doi = {10.1145/3379337.3415874},
	urldate = {2024-09-13},
	isbn = {978-1-4503-7514-6},
	langid = {english}
}
@inproceedings{brushDigitalNeighborhoodWatch2013,
     keywords = {fleeting},
	title = {Digital Neighborhood Watch: Investigating the Sharing of Camera Data amongst Neighbors},
	shorttitle = {Digital Neighborhood Watch},
	booktitle = {Proceedings of the 2013 Conference on {{Computer}} Supported Cooperative Work},
	author = {Brush, A.J. Bernheim and Jung, Jaeyeon and Mahajan, Ratul and Martinez, Frank},
	year = 2013,
	month = feb,
	pages = {693--700},
	publisher = {ACM},
	address = {San Antonio Texas USA},
	doi = {10.1145/2441776.2441853},
	urldate = {2024-09-13},
	isbn = {978-1-4503-1331-5},
	langid = {english}
}
@inproceedings{burgessHealthcareAITreatment2023,
     keywords = {fleeting},
	title = {Healthcare {{AI Treatment Decision Support}}: {{Design Principles}} to {{Enhance Clinician Adoption}} and {{Trust}}},
	shorttitle = {Healthcare {{AI Treatment Decision Support}}},
	booktitle = {Proceedings of the 2023 {{CHI Conference}} on {{Human Factors}} in {{Computing Systems}}},
	author = {Burgess, Eleanor R. and Jankovic, Ivana and Austin, Melissa and Cai, Nancy and Kapu{\'s}ci{\'n}ska, Adela and Currie, Suzanne and Overhage, J. Marc and Poole, Erika S and Kaye, Jofish},
	year = 2023,
	month = apr,
	pages = {1--19},
	publisher = {ACM},
	address = {Hamburg Germany},
	doi = {10.1145/3544548.3581251},
	urldate = {2024-09-13},
	isbn = {978-1-4503-9421-5},
	langid = {english},
}
@inproceedings{buschelMIRIAMixedReality2021,
     keywords = {fleeting},
	title = {{{MIRIA}}: {{A Mixed Reality Toolkit}} for the {{In-Situ Visualization}} and {{Analysis}} of {{Spatio-Temporal Interaction Data}}},
	shorttitle = {{MIRIA}},
	booktitle = {Proceedings of the 2021 {{CHI Conference}} on {{Human Factors}} in {{Computing Systems}}},
	author = {B{\"u}schel, Wolfgang and Lehmann, Anke and Dachselt, Raimund},
	year = 2021,
	month = may,
	pages = {1--15},
	publisher = {ACM},
	address = {Yokohama Japan},
	doi = {10.1145/3411764.3445651},
	urldate = {2024-09-13},
	isbn = {978-1-4503-8096-6},
	langid = {english},
}
@inproceedings{caoLargeScaleAnalysis2021a,
     keywords = {fleeting},
	title = {Large {{Scale Analysis}} of {{Multitasking Behavior During Remote Meetings}}},
	booktitle = {Proceedings of the 2021 {{CHI Conference}} on {{Human Factors}} in {{Computing Systems}}},
	author = {Cao, Hancheng and Lee, Chia-Jung and Iqbal, Shamsi and Czerwinski, Mary and Wong, Priscilla N Y and Rintel, Sean and Hecht, Brent and Teevan, Jaime and Yang, Longqi},
	year = 2021,
	month = may,
	pages = {1--13},
	publisher = {ACM},
	address = {Yokohama Japan},
	doi = {10.1145/3411764.3445243},
	urldate = {2024-09-13},
	isbn = {978-1-4503-8096-6},
	langid = {english},
}
@article{chancellorWhoHumanHumanCentered2019,
     keywords = {fleeting},
	title = {Who Is the "{{Human}}" in {{Human-Centered Machine Learning}}: {{The Case}} of {{Predicting Mental Health}} from {{Social Media}}},
	shorttitle = {Who Is the "{{Human}}" in {{Human-Centered Machine Learning}}},
	author = {Chancellor, Stevie and Baumer, Eric P. S. and De Choudhury, Munmun},
	year = 2019,
	month = nov,
	journal = {Proceedings of the ACM on Human-Computer Interaction},
	volume = 3,
	number = {CSCW},
	pages = {1--32},
	issn = {2573-0142},
	doi = {10.1145/3359249},
	urldate = {2024-09-13},
	langid = {english},
}
@inproceedings{chandrasekharanBagCommunitiesIdentifying2017,
     keywords = {fleeting},
	title = {The {{Bag}} of {{Communities}}: {{Identifying Abusive Behavior Online}} with {{Preexisting Internet Data}}},
	shorttitle = {The {{Bag}} of {{Communities}}},
	booktitle = {Proceedings of the 2017 {{CHI Conference}} on {{Human Factors}} in {{Computing Systems}}},
	author = {Chandrasekharan, Eshwar and Samory, Mattia and Srinivasan, Anirudh and Gilbert, Eric},
	year = 2017,
	month = may,
	pages = {3175--3187},
	publisher = {ACM},
	address = {Denver Colorado USA},
	doi = {10.1145/3025453.3026018},
	urldate = {2024-09-13},
	isbn = {978-1-4503-4655-9},
	langid = {english}
}
@inproceedings{chenCaringCaregiversDesigning2013,
     keywords = {fleeting},
	title = {Caring for Caregivers: Designing for Integrality},
	shorttitle = {Caring for Caregivers},
	booktitle = {Proceedings of the 2013 Conference on {{Computer}} Supported Cooperative Work},
	author = {Chen, Yunan and Ngo, Victor and Park, Sun Young},
	year = 2013,
	month = feb,
	pages = {91--102},
	publisher = {ACM},
	address = {San Antonio Texas USA},
	doi = {10.1145/2441776.2441789},
	urldate = {2024-09-13},
	isbn = {978-1-4503-1331-5},
	langid = {english}
}
@inproceedings{chenDuetExploringJoint2014,
     keywords = {fleeting},
	title = {Duet: Exploring Joint Interactions on a Smart Phone and a Smart Watch},
	shorttitle = {Duet},
	booktitle = {Proceedings of the {{SIGCHI Conference}} on {{Human Factors}} in {{Computing Systems}}},
	author = {Chen, Xiang 'Anthony' and Grossman, Tovi and Wigdor, Daniel J. and Fitzmaurice, George},
	year = 2014,
	month = apr,
	pages = {159--168},
	publisher = {ACM},
	address = {Toronto Ontario Canada},
	doi = {10.1145/2556288.2556955},
	urldate = {2024-09-13},
	isbn = {978-1-4503-2473-1},
	langid = {english}
}
@inproceedings{chenFinexusTrackingPrecise2016,
     keywords = {fleeting},
	title = {Finexus: {{Tracking Precise Motions}} of {{Multiple Fingertips Using Magnetic Sensing}}},
	shorttitle = {Finexus},
	booktitle = {Proceedings of the 2016 {{CHI Conference}} on {{Human Factors}} in {{Computing Systems}}},
	author = {Chen, Ke-Yu and Patel, Shwetak N. and Keller, Sean},
	year = 2016,
	month = may,
	pages = {1504--1514},
	publisher = {ACM},
	address = {San Jose California USA},
	doi = {10.1145/2858036.2858125},
	urldate = {2024-09-13},
	isbn = {978-1-4503-3362-7},
	langid = {english}
}
@inproceedings{chiouDesigningAIExploration2023,
     keywords = {fleeting},
	title = {Designing with {{AI}}: {{An Exploration}} of {{Co-Ideation}} with {{Image Generators}}},
	shorttitle = {Designing with {{AI}}},
	booktitle = {Proceedings of the 2023 {{ACM Designing Interactive Systems Conference}}},
	author = {Chiou, Li-Yuan and Hung, Peng-Kai and Liang, Rung-Huei and Wang, Chun-Teng},
	year = 2023,
	month = jul,
	pages = {1941--1954},
	publisher = {ACM},
	address = {Pittsburgh PA USA},
	doi = {10.1145/3563657.3596001},
	urldate = {2024-09-13},
	isbn = {978-1-4503-9893-0},
	langid = {english}
}
@article{churchillTeachingLearningHumancomputer2013,
     keywords = {fleeting},
	title = {Teaching and Learning Human-Computer Interaction: Past, Present, and Future},
	shorttitle = {Teaching and Learning Human-Computer Interaction},
	author = {Churchill, Elizabeth F. and Bowser, Anne and Preece, Jennifer},
	year = 2013,
	month = mar,
	journal = {Interactions},
	volume = 20,
	number = 2,
	pages = {44--53},
	issn = {1072-5520, 1558-3449},
	doi = {10.1145/2427076.2427086},
	urldate = {2024-09-13},
	langid = {english}
}
@inproceedings{conversyVizirDomainSpecificGraphical2018,
     keywords = {fleeting},
	title = {Vizir: {{A Domain-Specific Graphical Language}} for {{Authoring}} and {{Operating Airport Automations}}},
	shorttitle = {Vizir},
	booktitle = {Proceedings of the 31st {{Annual ACM Symposium}} on {{User Interface Software}} and {{Technology}}},
	author = {Conversy, St{\'e}phane and Garcia, Jeremie and Buisan, Guilhem and Cousy, Mathieu and Poirier, Mathieu and Saporito, Nicolas and Taurino, Damiano and Frau, Giuseppe and Debattista, Johan},
	year = 2018,
	month = oct,
	pages = {261--273},
	publisher = {ACM},
	address = {Berlin Germany},
	doi = {10.1145/3242587.3242623},
	urldate = {2024-09-13},
	isbn = {978-1-4503-5948-1},
	langid = {english},
}
@inproceedings{correllEthicalDimensionsVisualization2019a,
     keywords = {fleeting},
	title = {Ethical {{Dimensions}} of {{Visualization Research}}},
	booktitle = {Proceedings of the 2019 {{CHI Conference}} on {{Human Factors}} in {{Computing Systems}}},
	author = {Correll, Michael},
	year = 2019,
	month = may,
	pages = {1--13},
	publisher = {ACM},
	address = {Glasgow Scotland Uk},
	doi = {10.1145/3290605.3300418},
	urldate = {2024-09-13},
	isbn = {978-1-4503-5970-2},
	langid = {english},
}
@inproceedings{dangTextGenerationSupporting2022,
     keywords = {fleeting},
	title = {Beyond {{Text Generation}}: {{Supporting Writers}} with {{Continuous Automatic Text Summaries}}},
	shorttitle = {Beyond {{Text Generation}}},
	booktitle = {Proceedings of the 35th {{Annual ACM Symposium}} on {{User Interface Software}} and {{Technology}}},
	author = {Dang, Hai and Benharrak, Karim and Lehmann, Florian and Buschek, Daniel},
	year = 2022,
	month = oct,
	pages = {1--13},
	publisher = {ACM},
	address = {Bend OR USA},
	doi = {10.1145/3526113.3545672},
	urldate = {2024-09-13},
	isbn = {978-1-4503-9320-1},
	langid = {english},
}
@article{danzicoDesignSerendipityNot2010,
     keywords = {fleeting},
	title = {The Design of Serendipity Is Not by Chance},
	author = {Danzico, Liz},
	year = 2010,
	month = sep,
	journal = {Interactions},
	volume = 17,
	number = 5,
	pages = {16--18},
	issn = {1072-5520, 1558-3449},
	doi = {10.1145/1836216.1836220},
	urldate = {2024-09-13},
	langid = {english}
}
@inproceedings{dasswainAlgorithmicPowerPunishment2023,
     keywords = {fleeting},
	title = {Algorithmic {{Power}} or {{Punishment}}: {{Information Worker Perspectives}} on {{Passive Sensing Enabled AI Phenotyping}} of {{Performance}} and {{Wellbeing}}},
	shorttitle = {Algorithmic {{Power}} or {{Punishment}}},
	booktitle = {Proceedings of the 2023 {{CHI Conference}} on {{Human Factors}} in {{Computing Systems}}},
	author = {Das Swain, Vedant and Gao, Lan and Wood, William A and Matli, Srikruthi C and Abowd, Gregory D. and De Choudhury, Munmun},
	year = 2023,
	month = apr,
	pages = {1--17},
	publisher = {ACM},
	address = {Hamburg Germany},
	doi = {10.1145/3544548.3581376},
	urldate = {2024-09-13},
	isbn = {978-1-4503-9421-5},
	langid = {english},
}
@inproceedings{dekaZIPTZeroIntegrationPerformance2017,
     keywords = {fleeting},
	title = {{{ZIPT}}: {{Zero-Integration Performance Testing}} of {{Mobile App Designs}}},
	shorttitle = {{ZIPT}},
	booktitle = {Proceedings of the 30th {{Annual ACM Symposium}} on {{User Interface Software}} and {{Technology}}},
	author = {Deka, Biplab and Huang, Zifeng and Franzen, Chad and Nichols, Jeffrey and Li, Yang and Kumar, Ranjitha},
	year = 2017,
	month = oct,
	pages = {727--736},
	publisher = {ACM},
	address = {Qu{\'e}bec City QC Canada},
	doi = {10.1145/3126594.3126647},
	urldate = {2024-09-13},
	isbn = {978-1-4503-4981-9},
	langid = {english},
}
@article{dementyevDualBlinkWearableDevice2017,
     keywords = {fleeting},
	title = {{{DualBlink}}: {{A Wearable Device}} to {{Continuously Detect}}, {{Track}}, and {{Actuate Blinking For Alleviating Dry Eyes}} and {{Computer Vision Syndrome}}},
	shorttitle = {{DualBlink}},
	author = {Dementyev, Artem and Holz, Christian},
	year = 2017,
	month = mar,
	journal = {Proceedings of the ACM on Interactive, Mobile, Wearable and Ubiquitous Technologies},
	volume = 1,
	number = 1,
	pages = {1--19},
	issn = {2474-9567},
	doi = {10.1145/3053330},
	urldate = {2024-09-13},
	langid = {english}
}
@inproceedings{dementyevRovablesMiniatureBody2016,
     keywords = {fleeting},
	title = {Rovables: {{Miniature On-Body Robots}} as {{Mobile Wearables}}},
	shorttitle = {Rovables},
	booktitle = {Proceedings of the 29th {{Annual Symposium}} on {{User Interface Software}} and {{Technology}}},
	author = {Dementyev, Artem and Kao, Hsin-Liu (Cindy) and Choi, Inrak and Ajilo, Deborah and Xu, Maggie and Paradiso, Joseph A. and Schmandt, Chris and Follmer, Sean},
	year = 2016,
	month = oct,
	pages = {111--120},
	publisher = {ACM},
	address = {Tokyo Japan},
	doi = {10.1145/2984511.2984531},
	urldate = {2024-09-13},
	isbn = {978-1-4503-4189-9},
	langid = {english},
}
@inproceedings{dementyevSensorTapeModularProgrammable2015,
     keywords = {fleeting},
	title = {{{SensorTape}}: {{Modular}} and {{Programmable 3D-Aware Dense Sensor Network}} on a {{Tape}}},
	shorttitle = {{SensorTape}},
	booktitle = {Proceedings of the 28th {{Annual ACM Symposium}} on {{User Interface Software}} \& {{Technology}}},
	author = {Dementyev, Artem and Kao, Hsin-Liu (Cindy) and Paradiso, Joseph A.},
	year = 2015,
	month = nov,
	pages = {649--658},
	publisher = {ACM},
	address = {Charlotte NC USA},
	doi = {10.1145/2807442.2807507},
	urldate = {2024-09-13},
	isbn = {978-1-4503-3779-3},
	langid = {english},
}
@inproceedings{dementyevWristFlexLowpowerGesture2014,
     keywords = {fleeting},
	title = {{{WristFlex}}: Low-Power Gesture Input with Wrist-Worn Pressure Sensors},
	shorttitle = {{WristFlex}},
	booktitle = {Proceedings of the 27th Annual {{ACM}} Symposium on {{User}} Interface Software and Technology},
	author = {Dementyev, Artem and Paradiso, Joseph A.},
	year = 2014,
	month = oct,
	pages = {161--166},
	publisher = {ACM},
	address = {Honolulu Hawaii USA},
	doi = {10.1145/2642918.2647396},
	urldate = {2024-09-13},
	isbn = {978-1-4503-3069-5},
	langid = {english},
}
@article{devitoHowTransfeminineTikTok2022,
     keywords = {fleeting},
	title = {How {{Transfeminine TikTok Creators Navigate}} the {{Algorithmic Trap}} of {{Visibility Via Folk Theorization}}},
	author = {DeVito, Michael Ann},
	year = 2022,
	month = nov,
	journal = {Proceedings of the ACM on Human-Computer Interaction},
	volume = 6,
	number = {CSCW2},
	pages = {1--31},
	issn = {2573-0142},
	doi = {10.1145/3555105},
	urldate = {2024-09-13},
	langid = {english},
}
@inproceedings{disalvoFruitAreHeavy2017a,
     keywords = {fleeting},
	title = {Fruit {{Are Heavy}}: {{A Prototype Public IoT System}} to {{Support Urban Foraging}}},
	shorttitle = {Fruit {{Are Heavy}}},
	booktitle = {Proceedings of the 2017 {{Conference}} on {{Designing Interactive Systems}}},
	author = {DiSalvo, Carl and Jenkins, Tom},
	year = 2017,
	month = jun,
	pages = {541--553},
	publisher = {ACM},
	address = {Edinburgh United Kingdom},
	doi = {10.1145/3064663.3064748},
	urldate = {2024-09-13},
	isbn = {978-1-4503-4922-2},
	langid = {english},
}
@article{disalvoNavigatingTerrainSustainable2010,
     keywords = {fleeting},
	title = {Navigating the Terrain of Sustainable {{HCI}}},
	author = {DiSalvo, Carl and Sengers, Phoebe and Brynjarsd{\'o}ttir, Hr{\"o}nn},
	year = 2010,
	month = jul,
	journal = {Interactions},
	volume = 17,
	number = 4,
	pages = {22--25},
	issn = {1072-5520, 1558-3449},
	doi = {10.1145/1806491.1806497},
	urldate = {2024-09-13},
	langid = {english}
}
@inproceedings{dodgeExplainingModelsEmpirical2019,
     keywords = {fleeting},
	title = {Explaining Models: An Empirical Study of How Explanations Impact Fairness Judgment},
	shorttitle = {Explaining Models},
	booktitle = {Proceedings of the 24th {{International Conference}} on {{Intelligent User Interfaces}}},
	author = {Dodge, Jonathan and Liao, Q. Vera and Zhang, Yunfeng and Bellamy, Rachel K. E. and Dugan, Casey},
	year = 2019,
	month = mar,
	pages = {275--285},
	publisher = {ACM},
	address = {Marina del Ray California},
	doi = {10.1145/3301275.3302310},
	urldate = {2024-09-13},
	isbn = {978-1-4503-6272-6},
	langid = {english},
}
@inproceedings{doveUXDesignInnovation2017,
     keywords = {fleeting},
	title = {{{UX Design Innovation}}: {{Challenges}} for {{Working}} with {{Machine Learning}} as a {{Design Material}}},
	shorttitle = {{UX Design Innovation}},
	booktitle = {Proceedings of the 2017 {{CHI Conference}} on {{Human Factors}} in {{Computing Systems}}},
	author = {Dove, Graham and Halskov, Kim and Forlizzi, Jodi and Zimmerman, John},
	year = 2017,
	month = may,
	pages = {278--288},
	publisher = {ACM},
	address = {Denver Colorado USA},
	doi = {10.1145/3025453.3025739},
	urldate = {2024-09-13},
	isbn = {978-1-4503-4655-9},
	langid = {english}
}
@inproceedings{duDepthLabRealtime3D2020,
     keywords = {fleeting},
	title = {{{DepthLab}}: {{Real-time 3D Interaction}} with {{Depth Maps}} for {{Mobile Augmented Reality}}},
	shorttitle = {{DepthLab}},
	booktitle = {Proceedings of the 33rd {{Annual ACM Symposium}} on {{User Interface Software}} and {{Technology}}},
	author = {Du, Ruofei and Turner, Eric and Dzitsiuk, Maksym and Prasso, Luca and Duarte, Ivo and Dourgarian, Jason and Afonso, Joao and Pascoal, Jose and Gladstone, Josh and Cruces, Nuno and Izadi, Shahram and Kowdle, Adarsh and Tsotsos, Konstantine and Kim, David},
	year = 2020,
	month = oct,
	pages = {829--843},
	publisher = {ACM},
	address = {Virtual Event USA},
	doi = {10.1145/3379337.3415881},
	urldate = {2024-09-13},
	isbn = {978-1-4503-7514-6},
	langid = {english},
}
@inproceedings{ehsanAutomatedRationaleGeneration2019a,
     keywords = {fleeting},
	title = {Automated Rationale Generation: A Technique for Explainable {{AI}} and Its Effects on Human Perceptions},
	shorttitle = {Automated Rationale Generation},
	booktitle = {Proceedings of the 24th {{International Conference}} on {{Intelligent User Interfaces}}},
	author = {Ehsan, Upol and Tambwekar, Pradyumna and Chan, Larry and Harrison, Brent and Riedl, Mark O.},
	year = 2019,
	month = mar,
	pages = {263--274},
	publisher = {ACM},
	address = {Marina del Ray California},
	doi = {10.1145/3301275.3302316},
	urldate = {2024-09-13},
	isbn = {978-1-4503-6272-6},
	langid = {english},
}
@inproceedings{ekhtiarGoalsGoalSetting2023,
     keywords = {fleeting},
	title = {Goals for {{Goal Setting}}: {{A Scoping Review}} on {{Personal Informatics}}},
	shorttitle = {Goals for {{Goal Setting}}},
	booktitle = {Proceedings of the 2023 {{ACM Designing Interactive Systems Conference}}},
	author = {Ekhtiar, Tina and Karahano{\u g}lu, Arma{\u g}an and Gouveia, R{\'u}ben and Ludden, Geke},
	year = 2023,
	month = jul,
	pages = {2625--2641},
	publisher = {ACM},
	address = {Pittsburgh PA USA},
	doi = {10.1145/3563657.3596087},
	urldate = {2024-09-13},
	isbn = {978-1-4503-9893-0},
	langid = {english},
}
@inproceedings{elkinAlignedRankTransform2021,
     keywords = {fleeting},
	title = {An {{Aligned Rank Transform Procedure}} for {{Multifactor Contrast Tests}}},
	booktitle = {The 34th {{Annual ACM Symposium}} on {{User Interface Software}} and {{Technology}}},
	author = {Elkin, Lisa A. and Kay, Matthew and Higgins, James J. and Wobbrock, Jacob O.},
	year = 2021,
	month = oct,
	pages = {754--768},
	publisher = {ACM},
	address = {Virtual Event USA},
	doi = {10.1145/3472749.3474784},
	urldate = {2024-09-13},
	isbn = {978-1-4503-8635-7},
	langid = {english},
}
@inproceedings{elsdenMakingSenseBlockchain2018,
     keywords = {fleeting},
	title = {Making {{Sense}} of {{Blockchain Applications}}: {{A Typology}} for {{HCI}}},
	shorttitle = {Making {{Sense}} of {{Blockchain Applications}}},
	booktitle = {Proceedings of the 2018 {{CHI Conference}} on {{Human Factors}} in {{Computing Systems}}},
	author = {Elsden, Chris and Manohar, Arthi and Briggs, Jo and Harding, Mike and Speed, Chris and Vines, John},
	year = 2018,
	month = apr,
	pages = {1--14},
	publisher = {ACM},
	address = {Montreal QC Canada},
	doi = {10.1145/3173574.3174032},
	urldate = {2024-09-13},
	isbn = {978-1-4503-5620-6},
	langid = {english},
}
@article{engelbutzederSurplusScarcityAbundance2023,
     keywords = {fleeting},
	title = {From {{Surplus}} and {{Scarcity}} toward {{Abundance}}: {{Understanding}} the {{Use}} of {{ICT}} in {{Food Resource Sharing Practices}}},
	shorttitle = {From {{Surplus}} and {{Scarcity}} toward {{Abundance}}},
	author = {Engelbutzeder, Philip and Randell, Dave and Landwehr, Marvin and Aal, Konstantin and Stevens, Gunnar and Wulf, Volker},
	year = 2023,
	month = oct,
	journal = {ACM Transactions on Computer-Human Interaction},
	volume = 30,
	number = 5,
	pages = {1--31},
	issn = {1073-0516, 1557-7325},
	doi = {10.1145/3589957},
	urldate = {2024-09-13},
	langid = {english},
}
@article{epsteinSuppressingSearchEngine2017,
     keywords = {fleeting},
	title = {Suppressing the {{Search Engine Manipulation Effect}} ({{SEME}})},
	author = {Epstein, Robert and Robertson, Ronald E. and Lazer, David and Wilson, Christo},
	year = 2017,
	month = dec,
	journal = {Proceedings of the ACM on Human-Computer Interaction},
	volume = 1,
	number = {CSCW},
	pages = {1--22},
	issn = {2573-0142},
	doi = {10.1145/3134677},
	urldate = {2024-09-13},
	langid = {english}
}
@article{ernalaLinguisticMarkersIndicating2017,
     keywords = {fleeting},
	title = {Linguistic {{Markers Indicating Therapeutic Outcomes}} of {{Social Media Disclosures}} of {{Schizophrenia}}},
	author = {Ernala, Sindhu Kiranmai and Rizvi, Asra F. and Birnbaum, Michael L. and Kane, John M. and De Choudhury, Munmun},
	year = 2017,
	month = dec,
	journal = {Proceedings of the ACM on Human-Computer Interaction},
	volume = 1,
	number = {CSCW},
	pages = {1--27},
	issn = {2573-0142},
	doi = {10.1145/3134678},
	urldate = {2024-09-13},
	langid = {english}
}
@inproceedings{estevesOrbitsGazeInteraction2015,
     keywords = {fleeting},
	title = {Orbits: {{Gaze Interaction}} for {{Smart Watches}} Using {{Smooth Pursuit Eye Movements}}},
	shorttitle = {Orbits},
	booktitle = {Proceedings of the 28th {{Annual ACM Symposium}} on {{User Interface Software}} \& {{Technology}}},
	author = {Esteves, Augusto and Velloso, Eduardo and Bulling, Andreas and Gellersen, Hans},
	year = 2015,
	month = nov,
	pages = {457--466},
	publisher = {ACM},
	address = {Charlotte NC USA},
	doi = {10.1145/2807442.2807499},
	urldate = {2024-09-13},
	isbn = {978-1-4503-3779-3},
	langid = {english}
}
@inproceedings{fastMetaEnablingProgramming2016,
     keywords = {fleeting},
	title = {Meta: {{Enabling Programming Languages}} to {{Learn}} from the {{Crowd}}},
	shorttitle = {Meta},
	booktitle = {Proceedings of the 29th {{Annual Symposium}} on {{User Interface Software}} and {{Technology}}},
	author = {Fast, Ethan and Bernstein, Michael S.},
	year = 2016,
	month = oct,
	pages = {259--270},
	publisher = {ACM},
	address = {Tokyo Japan},
	doi = {10.1145/2984511.2984532},
	urldate = {2024-09-13},
	isbn = {978-1-4503-4189-9},
	langid = {english}
}
@inproceedings{feitEverydayGazeInput2017,
     keywords = {fleeting},
	title = {Toward {{Everyday Gaze Input}}: {{Accuracy}} and {{Precision}} of {{Eye Tracking}} and {{Implications}} for {{Design}}},
	shorttitle = {Toward {{Everyday Gaze Input}}},
	booktitle = {Proceedings of the 2017 {{CHI Conference}} on {{Human Factors}} in {{Computing Systems}}},
	author = {Feit, Anna Maria and Williams, Shane and Toledo, Arturo and Paradiso, Ann and Kulkarni, Harish and Kane, Shaun and Morris, Meredith Ringel},
	year = 2017,
	month = may,
	pages = {1118--1130},
	publisher = {ACM},
	address = {Denver Colorado USA},
	doi = {10.1145/3025453.3025599},
	urldate = {2024-09-13},
	isbn = {978-1-4503-4655-9},
	langid = {english},
}
@inproceedings{fenderCausalitypreservingAsynchronousReality2022a,
     keywords = {fleeting},
	title = {Causality-Preserving {{Asynchronous Reality}}},
	booktitle = {{{CHI Conference}} on {{Human Factors}} in {{Computing Systems}}},
	author = {Fender, Andreas Rene and Holz, Christian},
	year = 2022,
	month = apr,
	pages = {1--15},
	publisher = {ACM},
	address = {New Orleans LA USA},
	doi = {10.1145/3491102.3501836},
	urldate = {2024-09-13},
	isbn = {978-1-4503-9157-3},
	langid = {english},
}
@inproceedings{fengHowUXPractitioners2023,
     keywords = {fleeting},
	title = {How {{Do UX Practitioners Communicate AI}} as a {{Design Material}}? {{Artifacts}}, {{Conceptions}}, and {{Propositions}}},
	shorttitle = {How {{Do UX Practitioners Communicate AI}} as a {{Design Material}}?},
	booktitle = {Proceedings of the 2023 {{ACM Designing Interactive Systems Conference}}},
	author = {Feng, K. J. Kevin and Coppock, Maxwell James and McDonald, David W.},
	year = 2023,
	month = jul,
	pages = {2263--2280},
	publisher = {ACM},
	address = {Pittsburgh PA USA},
	doi = {10.1145/3563657.3596101},
	urldate = {2024-09-13},
	isbn = {978-1-4503-9893-0},
	langid = {english},
}
@inproceedings{feuchtnerExtendingBodyInteraction2017,
     keywords = {fleeting},
	title = {Extending the {{Body}} for {{Interaction}} with {{Reality}}},
	booktitle = {Proceedings of the 2017 {{CHI Conference}} on {{Human Factors}} in {{Computing Systems}}},
	author = {Feuchtner, Tiare and M{\"u}ller, J{\"o}rg},
	year = 2017,
	month = may,
	pages = {5145--5157},
	publisher = {ACM},
	address = {Denver Colorado USA},
	doi = {10.1145/3025453.3025689},
	urldate = {2024-09-13},
	isbn = {978-1-4503-4655-9},
	langid = {english},
}
@inproceedings{fischerRecommendingEnergyTariffs2013,
     keywords = {fleeting},
	title = {Recommending Energy Tariffs and Load Shifting Based on Smart Household Usage Profiling},
	booktitle = {Proceedings of the 2013 International Conference on {{Intelligent}} User Interfaces},
	author = {Fischer, Joel E. and Ramchurn, Sarvapali D. and Osborne, Michael and Parson, Oliver and Huynh, Trung Dong and Alam, Muddasser and Pantidi, Nadia and Moran, Stuart and Bachour, Khaled and Reece, Steve and Costanza, Enrico and Rodden, Tom and Jennings, Nicholas R.},
	year = 2013,
	month = mar,
	pages = {383--394},
	publisher = {ACM},
	address = {Santa Monica California USA},
	doi = {10.1145/2449396.2449446},
	urldate = {2024-09-13},
	isbn = {978-1-4503-1965-2},
	langid = {english},
}
@inproceedings{follmerInFORMDynamicPhysical2013,
     keywords = {fleeting},
	title = {{{inFORM}}: Dynamic Physical Affordances and Constraints through Shape and Object Actuation},
	shorttitle = {{inFORM}},
	booktitle = {Proceedings of the 26th Annual {{ACM}} Symposium on {{User}} Interface Software and Technology},
	author = {Follmer, Sean and Leithinger, Daniel and Olwal, Alex and Hogge, Akimitsu and Ishii, Hiroshi},
	year = 2013,
	month = oct,
	pages = {417--426},
	publisher = {ACM},
	address = {St. Andrews Scotland, United Kingdom},
	doi = {10.1145/2501988.2502032},
	urldate = {2024-09-13},
	isbn = {978-1-4503-2268-3},
	langid = {english},
}
@inproceedings{forlizziWhereShouldTurn2010,
     keywords = {fleeting},
	title = {Where Should i Turn: Moving from Individual to Collaborative Navigation Strategies to Inform the Interaction Design of Future Navigation Systems},
	shorttitle = {Where Should i Turn},
	booktitle = {Proceedings of the {{SIGCHI Conference}} on {{Human Factors}} in {{Computing Systems}}},
	author = {Forlizzi, Jodi and Barley, William C. and Seder, Thomas},
	year = 2010,
	month = apr,
	pages = {1261--1270},
	publisher = {ACM},
	address = {Atlanta Georgia USA},
	doi = {10.1145/1753326.1753516},
	urldate = {2024-09-13},
	isbn = {978-1-60558-929-9},
	langid = {english}
}
@article{foxPatchworkHiddenHuman2023,
     keywords = {fleeting},
	title = {Patchwork: {{The Hidden}}, {{Human Labor}} of {{AI Integration}} within {{Essential Work}}},
	shorttitle = {Patchwork},
	author = {Fox, Sarah E. and Shorey, Samantha and Kang, Esther Y. and Montiel Valle, Dominique and Rodriguez, Estefania},
	year = 2023,
	month = apr,
	journal = {Proceedings of the ACM on Human-Computer Interaction},
	volume = 7,
	number = {CSCW1},
	pages = {1--20},
	issn = {2573-0142},
	doi = {10.1145/3579514},
	urldate = {2024-09-13},
	langid = {english},
}
@inproceedings{freedStalkersParadiseHow2018,
     keywords = {fleeting},
	title = {``{{A Stalker}}'s {{Paradise}}'': {{How Intimate Partner Abusers Exploit Technology}}},
	shorttitle = {``{{A Stalker}}'s {{Paradise}}''},
	booktitle = {Proceedings of the 2018 {{CHI Conference}} on {{Human Factors}} in {{Computing Systems}}},
	author = {Freed, Diana and Palmer, Jackeline and Minchala, Diana and Levy, Karen and Ristenpart, Thomas and Dell, Nicola},
	year = 2018,
	month = apr,
	pages = {1--13},
	publisher = {ACM},
	address = {Montreal QC Canada},
	doi = {10.1145/3173574.3174241},
	urldate = {2024-09-13},
	isbn = {978-1-4503-5620-6},
	langid = {english}
}
@article{freemanWorkingTogetherApart2022,
     keywords = {fleeting},
	title = {Working {{Together Apart}} through {{Embodiment}}: {{Engaging}} in {{Everyday Collaborative Activities}} in {{Social Virtual Reality}}},
	shorttitle = {Working {{Together Apart}} through {{Embodiment}}},
	author = {Freeman, Guo and Acena, Dane and McNeese, Nathan J. and Schulenberg, Kelsea},
	year = 2022,
	month = jan,
	journal = {Proceedings of the ACM on Human-Computer Interaction},
	volume = 6,
	number = {GROUP},
	pages = {1--25},
	issn = {2573-0142},
	doi = {10.1145/3492836},
	urldate = {2024-09-13},
	langid = {english},
}
@inproceedings{freyBreezeSharingBiofeedback2018,
     keywords = {fleeting},
	title = {Breeze: {{Sharing Biofeedback}} through {{Wearable Technologies}}},
	shorttitle = {Breeze},
	booktitle = {Proceedings of the 2018 {{CHI Conference}} on {{Human Factors}} in {{Computing Systems}}},
	author = {Frey, J{\'e}r{\'e}my and Grabli, May and Slyper, Ronit and Cauchard, Jessica R.},
	year = 2018,
	month = apr,
	pages = {1--12},
	publisher = {ACM},
	address = {Montreal QC Canada},
	doi = {10.1145/3173574.3174219},
	urldate = {2024-09-13},
	isbn = {978-1-4503-5620-6},
	langid = {english},
}
@inproceedings{fridmanCognitiveLoadEstimation2018,
     keywords = {fleeting},
	title = {Cognitive {{Load Estimation}} in the {{Wild}}},
	booktitle = {Proceedings of the 2018 {{CHI Conference}} on {{Human Factors}} in {{Computing Systems}}},
	author = {Fridman, Lex and Reimer, Bryan and Mehler, Bruce and Freeman, William T.},
	year = 2018,
	month = apr,
	pages = {1--9},
	publisher = {ACM},
	address = {Montreal QC Canada},
	doi = {10.1145/3173574.3174226},
	urldate = {2024-09-13},
	isbn = {978-1-4503-5620-6},
	langid = {english},
}
@inproceedings{furloRethinkingDatingApps2021,
     keywords = {fleeting},
	title = {Rethinking {{Dating Apps}} as {{Sexual Consent Apps}}: {{A New Use Case}} for {{AI-Mediated Communication}}},
	shorttitle = {Rethinking {{Dating Apps}} as {{Sexual Consent Apps}}},
	booktitle = {Companion {{Publication}} of the 2021 {{Conference}} on {{Computer Supported Cooperative Work}} and {{Social Computing}}},
	author = {Furlo, Nicholas and Gleason, Jacob and Feun, Karen and Zytko, Douglas},
	year = 2021,
	month = oct,
	pages = {53--56},
	publisher = {ACM},
	address = {Virtual Event USA},
	doi = {10.1145/3462204.3481770},
	urldate = {2024-09-13},
	isbn = {978-1-4503-8479-7},
	langid = {english}
}
@inproceedings{geroSparksInspirationScience2022,
     keywords = {fleeting},
	title = {Sparks: {{Inspiration}} for {{Science Writing}} Using {{Language Models}}},
	shorttitle = {Sparks},
	booktitle = {Designing {{Interactive Systems Conference}}},
	author = {Gero, Katy Ilonka and Liu, Vivian and Chilton, Lydia},
	year = 2022,
	month = jun,
	pages = {1002--1019},
	publisher = {ACM},
	address = {Virtual Event Australia},
	doi = {10.1145/3532106.3533533},
	urldate = {2024-09-13},
	isbn = {978-1-4503-9358-4},
	langid = {english},
}
@inproceedings{gheranGesturesSmartRings2018,
     keywords = {fleeting},
	title = {Gestures for {{Smart Rings}}: {{Empirical Results}}, {{Insights}}, and {{Design Implications}}},
	shorttitle = {Gestures for {{Smart Rings}}},
	booktitle = {Proceedings of the 2018 {{Designing Interactive Systems Conference}}},
	author = {Gheran, Bogdan-Florin and Vanderdonckt, Jean and Vatavu, Radu-Daniel},
	year = 2018,
	month = jun,
	pages = {623--635},
	publisher = {ACM},
	address = {Hong Kong China},
	doi = {10.1145/3196709.3196741},
	urldate = {2024-09-13},
	isbn = {978-1-4503-5198-0},
	langid = {english}
}
@inproceedings{goedickeVROOMVirtualReality2018,
     keywords = {fleeting},
	title = {{{VR-OOM}}: {{Virtual Reality On-rOad}} Driving {{siMulation}}},
	shorttitle = {{VR-OOM}},
	booktitle = {Proceedings of the 2018 {{CHI Conference}} on {{Human Factors}} in {{Computing Systems}}},
	author = {Goedicke, David and Li, Jamy and Evers, Vanessa and Ju, Wendy},
	year = 2018,
	month = apr,
	pages = {1--11},
	publisher = {ACM},
	address = {Montreal QC Canada},
	doi = {10.1145/3173574.3173739},
	urldate = {2024-09-13},
	isbn = {978-1-4503-5620-6},
	langid = {english}
}
@inproceedings{gomesMorePhoneStudyActuated2013,
     keywords = {fleeting},
	title = {{{MorePhone}}: A Study of Actuated Shape Deformations for Flexible Thin-Film Smartphone Notifications},
	shorttitle = {{MorePhone}},
	booktitle = {Proceedings of the {{SIGCHI Conference}} on {{Human Factors}} in {{Computing Systems}}},
	author = {Gomes, Antonio and Nesbitt, Andrea and Vertegaal, Roel},
	year = 2013,
	month = apr,
	pages = {583--592},
	publisher = {ACM},
	address = {Paris France},
	doi = {10.1145/2470654.2470737},
	urldate = {2024-09-13},
	isbn = {978-1-4503-1899-0},
	langid = {english}
}
@article{grillAttitudesFolkTheories2022,
     keywords = {fleeting},
	title = {Attitudes and {{Folk Theories}} of {{Data Subjects}} on {{Transparency}} and {{Accuracy}} in {{Emotion Recognition}}},
	author = {Grill, Gabriel and Andalibi, Nazanin},
	year = 2022,
	month = mar,
	journal = {Proceedings of the ACM on Human-Computer Interaction},
	volume = 6,
	number = {CSCW1},
	pages = {1--35},
	issn = {2573-0142},
	doi = {10.1145/3512925},
	urldate = {2024-09-13},
	langid = {english}
}
@article{groegerObjectSkinAugmentingEveryday2018,
     keywords = {fleeting},
	title = {{{ObjectSkin}}: {{Augmenting Everyday Objects}} with {{Hydroprinted Touch Sensors}} and {{Displays}}},
	shorttitle = {{ObjectSkin}},
	author = {Groeger, Daniel and Steimle, J{\"u}rgen},
	year = 2018,
	month = jan,
	journal = {Proceedings of the ACM on Interactive, Mobile, Wearable and Ubiquitous Technologies},
	volume = 1,
	number = 4,
	pages = {1--23},
	issn = {2474-9567},
	doi = {10.1145/3161165},
	urldate = {2024-09-13},
	langid = {english}
}
@inproceedings{gugenheimerFaceTouchEnablingTouch2016,
     keywords = {fleeting},
	title = {{{FaceTouch}}: {{Enabling Touch Interaction}} in {{Display Fixed UIs}} for {{Mobile Virtual Reality}}},
	shorttitle = {{FaceTouch}},
	booktitle = {Proceedings of the 29th {{Annual Symposium}} on {{User Interface Software}} and {{Technology}}},
	author = {Gugenheimer, Jan and Dobbelstein, David and Winkler, Christian and Haas, Gabriel and Rukzio, Enrico},
	year = 2016,
	month = oct,
	pages = {49--60},
	publisher = {ACM},
	address = {Tokyo Japan},
	doi = {10.1145/2984511.2984576},
	urldate = {2024-09-13},
	isbn = {978-1-4503-4189-9},
	langid = {english}
}
@inproceedings{guoFacadeAutogeneratingTactile2017,
     keywords = {fleeting},
	title = {Facade: {{Auto-generating Tactile Interfaces}} to {{Appliances}}},
	shorttitle = {Facade},
	booktitle = {Proceedings of the 2017 {{CHI Conference}} on {{Human Factors}} in {{Computing Systems}}},
	author = {Guo, Anhong and Kim, Jeeeun and Chen, Xiang 'Anthony' and Yeh, Tom and Hudson, Scott E. and Mankoff, Jennifer and Bigham, Jeffrey P.},
	year = 2017,
	month = may,
	pages = {5826--5838},
	publisher = {ACM},
	address = {Denver Colorado USA},
	doi = {10.1145/3025453.3025845},
	urldate = {2024-09-13},
	isbn = {978-1-4503-4655-9},
	langid = {english}
}
@inproceedings{haeslerConnectedSelfOrganizedCitizens2021,
     keywords = {fleeting},
	title = {Connected {{Self-Organized Citizens}} in {{Crises}}: {{An Interdisciplinary Resilience Concept}} for {{Neighborhoods}}},
	shorttitle = {Connected {{Self-Organized Citizens}} in {{Crises}}},
	booktitle = {Companion {{Publication}} of the 2021 {{Conference}} on {{Computer Supported Cooperative Work}} and {{Social Computing}}},
	author = {Haesler, Steffen and Mogk, Ragnar and Putz, Florentin and Logan, Kevin T. and Thiessen, Nadja and Kleinschnitger, Katharina and Baumg{\"a}rtner, Lars and Stroscher, Jan-Philipp and Reuter, Christian and Knodt, Michele and Hollick, Matthias},
	year = 2021,
	month = oct,
	pages = {62--66},
	publisher = {ACM},
	address = {Virtual Event USA},
	doi = {10.1145/3462204.3481749},
	urldate = {2024-09-13},
	isbn = {978-1-4503-8479-7},
	langid = {english}
}
@inproceedings{hanHydroRingSupportingMixed2018,
     keywords = {fleeting},
	title = {{{HydroRing}}: {{Supporting Mixed Reality Haptics Using Liquid Flow}}},
	shorttitle = {{HydroRing}},
	booktitle = {Proceedings of the 31st {{Annual ACM Symposium}} on {{User Interface Software}} and {{Technology}}},
	author = {Han, Teng and Anderson, Fraser and Irani, Pourang and Grossman, Tovi},
	year = 2018,
	month = oct,
	pages = {913--925},
	publisher = {ACM},
	address = {Berlin Germany},
	doi = {10.1145/3242587.3242667},
	urldate = {2024-09-13},
	isbn = {978-1-4503-5948-1},
	langid = {english}
}
@article{hartikainenSafeSextingAdvice2021,
     keywords = {fleeting},
	title = {Safe {{Sexting}}: {{The Advice}} and {{Support Adolescents Receive}} from {{Peers}} Regarding {{Online Sexual Risks}}},
	shorttitle = {Safe {{Sexting}}},
	author = {Hartikainen, Heidi and Razi, Afsaneh and Wisniewski, Pamela},
	year = 2021,
	month = apr,
	journal = {Proceedings of the ACM on Human-Computer Interaction},
	volume = 5,
	number = {CSCW1},
	pages = {1--31},
	issn = {2573-0142},
	doi = {10.1145/3449116},
	urldate = {2024-09-13},
	langid = {english}
}
@article{hassanFootStrikerEMSbasedFoot2017,
     keywords = {fleeting},
	title = {{{FootStriker}}: {{An EMS-based Foot Strike Assistant}} for {{Running}}},
	shorttitle = {{FootStriker}},
	author = {Hassan, Mahmoud and Daiber, Florian and Wiehr, Frederik and Kosmalla, Felix and Kr{\"u}ger, Antonio},
	year = 2017,
	month = mar,
	journal = {Proceedings of the ACM on Interactive, Mobile, Wearable and Ubiquitous Technologies},
	volume = 1,
	number = 1,
	pages = {1--18},
	issn = {2474-9567},
	doi = {10.1145/3053332},
	urldate = {2024-09-13},
	langid = {english}
}
@inproceedings{hassibEmotionActuatorEmbodied2017,
     keywords = {fleeting},
	title = {Emotion {{Actuator}}: {{Embodied Emotional Feedback}} through {{Electroencephalography}} and {{Electrical Muscle Stimulation}}},
	shorttitle = {Emotion {{Actuator}}},
	booktitle = {Proceedings of the 2017 {{CHI Conference}} on {{Human Factors}} in {{Computing Systems}}},
	author = {Hassib, Mariam and Pfeiffer, Max and Schneegass, Stefan and Rohs, Michael and Alt, Florian},
	year = 2017,
	month = may,
	pages = {6133--6146},
	publisher = {ACM},
	address = {Denver Colorado USA},
	doi = {10.1145/3025453.3025953},
	urldate = {2024-09-13},
	isbn = {978-1-4503-4655-9},
	langid = {english}
}
@inproceedings{headAugmentingScientificPapers2021,
     keywords = {fleeting},
	title = {Augmenting {{Scientific Papers}} with {{Just-in-Time}}, {{Position-Sensitive Definitions}} of {{Terms}} and {{Symbols}}},
	booktitle = {Proceedings of the 2021 {{CHI Conference}} on {{Human Factors}} in {{Computing Systems}}},
	author = {Head, Andrew and Lo, Kyle and Kang, Dongyeop and Fok, Raymond and Skjonsberg, Sam and Weld, Daniel S. and Hearst, Marti A.},
	year = 2021,
	month = may,
	pages = {1--18},
	publisher = {ACM},
	address = {Yokohama Japan},
	doi = {10.1145/3411764.3445648},
	urldate = {2024-09-13},
	isbn = {978-1-4503-8096-6},
	langid = {english},
}
@inproceedings{held3DPuppetryKinectbased2012,
     keywords = {fleeting},
	title = {{{3D}} Puppetry: A Kinect-Based Interface for {{3D}} Animation},
	shorttitle = {{{3D}} Puppetry},
	booktitle = {Proceedings of the 25th Annual {{ACM}} Symposium on {{User}} Interface Software and Technology},
	author = {Held, Robert and Gupta, Ankit and Curless, Brian and Agrawala, Maneesh},
	year = 2012,
	month = oct,
	pages = {423--434},
	publisher = {ACM},
	address = {Cambridge Massachusetts USA},
	doi = {10.1145/2380116.2380170},
	urldate = {2024-09-13},
	isbn = {978-1-4503-1580-7},
	langid = {english}
}
@inproceedings{hewittAssessingPublicPerception2019,
     keywords = {fleeting},
	title = {Assessing Public Perception of Self-Driving Cars: The Autonomous Vehicle Acceptance Model},
	shorttitle = {Assessing Public Perception of Self-Driving Cars},
	booktitle = {Proceedings of the 24th {{International Conference}} on {{Intelligent User Interfaces}}},
	author = {Hewitt, Charlie and Politis, Ioannis and Amanatidis, Theocharis and Sarkar, Advait},
	year = 2019,
	month = mar,
	pages = {518--527},
	publisher = {ACM},
	address = {Marina del Ray California},
	doi = {10.1145/3301275.3302268},
	urldate = {2024-09-13},
	isbn = {978-1-4503-6272-6},
	langid = {english}
}
@article{hirschNothingCompilationHow2024,
     keywords = {fleeting},
	title = {Nothing {{Like Compilation}}: {{How Professional Digital Fabrication Workflows Go Beyond Extruding}}, {{Milling}}, and {{Machines}}},
	shorttitle = {Nothing {{Like Compilation}}},
	author = {Hirsch, Mare and Benabdallah, Gabrielle and Jacobs, Jennifer and Peek, Nadya},
	year = 2024,
	month = feb,
	journal = {ACM Transactions on Computer-Human Interaction},
	volume = 31,
	number = 1,
	pages = {1--45},
	issn = {1073-0516, 1557-7325},
	doi = {10.1145/3609328},
	urldate = {2024-09-13},
	langid = {english},
}
@inproceedings{hollanderTaxonomyVulnerableRoad2021,
     keywords = {fleeting},
	title = {A {{Taxonomy}} of {{Vulnerable Road Users}} for {{HCI Based On A Systematic Literature Review}}},
	booktitle = {Proceedings of the 2021 {{CHI Conference}} on {{Human Factors}} in {{Computing Systems}}},
	author = {Holl{\"a}nder, Kai and Colley, Mark and Rukzio, Enrico and Butz, Andreas},
	year = 2021,
	month = may,
	pages = {1--13},
	publisher = {ACM},
	address = {Yokohama Japan},
	doi = {10.1145/3411764.3445480},
	urldate = {2024-09-13},
	isbn = {978-1-4503-8096-6},
	langid = {english}
}
@inproceedings{hongSmartphonebasedSensingPlatform2014a,
     keywords = {fleeting},
	title = {A Smartphone-Based Sensing Platform to Model Aggressive Driving Behaviors},
	booktitle = {Proceedings of the {{SIGCHI Conference}} on {{Human Factors}} in {{Computing Systems}}},
	author = {Hong, Jin-Hyuk and Margines, Ben and Dey, Anind K.},
	year = 2014,
	month = apr,
	pages = {4047--4056},
	publisher = {ACM},
	address = {Toronto Ontario Canada},
	doi = {10.1145/2556288.2557321},
	urldate = {2024-09-13},
	isbn = {978-1-4503-2473-1},
	langid = {english},
}
@inproceedings{honnetPolySenseAugmentingTextiles2020,
     keywords = {fleeting},
	title = {{{PolySense}}: {{Augmenting Textiles}} with {{Electrical Functionality}} Using {{In-Situ Polymerization}}},
	shorttitle = {{PolySense}},
	booktitle = {Proceedings of the 2020 {{CHI Conference}} on {{Human Factors}} in {{Computing Systems}}},
	author = {Honnet, Cedric and {Perner-Wilson}, Hannah and Teyssier, Marc and Fruchard, Bruno and Steimle, J{\"u}rgen and Baptista, Ana C. and Strohmeier, Paul},
	year = 2020,
	month = apr,
	pages = {1--13},
	publisher = {ACM},
	address = {Honolulu HI USA},
	doi = {10.1145/3313831.3376841},
	urldate = {2024-09-13},
	isbn = {978-1-4503-6708-0},
	langid = {english},
}
@inproceedings{huangOrecchioExtendingBodyLanguage2018,
     keywords = {fleeting},
	title = {Orecchio: {{Extending Body-Language}} through {{Actuated Static}} and {{Dynamic Auricular Postures}}},
	shorttitle = {Orecchio},
	booktitle = {Proceedings of the 31st {{Annual ACM Symposium}} on {{User Interface Software}} and {{Technology}}},
	author = {Huang, Da-Yuan and Seyed, Teddy and Li, Linjun and Gong, Jun and Yao, Zhihao and Jiao, Yuchen and Chen, Xiang 'Anthony' and Yang, Xing-Dong},
	year = 2018,
	month = oct,
	pages = {697--710},
	publisher = {ACM},
	address = {Berlin Germany},
	doi = {10.1145/3242587.3242629},
	urldate = {2024-09-13},
	isbn = {978-1-4503-5948-1},
	langid = {english}
}
@inproceedings{huangWovenProbeProbingPossibilities2021,
     keywords = {fleeting},
	title = {{{WovenProbe}}: {{Probing Possibilities}} for {{Weaving Fully-Integrated On-Skin Systems Deployable}} in the {{Field}}},
	shorttitle = {{WovenProbe}},
	booktitle = {Designing {{Interactive Systems Conference}} 2021},
	author = {Huang, Kunpeng and Sun, Ruojia and Zhang, Ximeng and Islam Molla, Md. Tahmidul and Dunne, Margaret and Guimbretiere, Francois and Kao, Cindy Hsin-Liu},
	year = 2021,
	month = jun,
	pages = {1143--1158},
	publisher = {ACM},
	address = {Virtual Event USA},
	doi = {10.1145/3461778.3462105},
	urldate = {2024-09-13},
	isbn = {978-1-4503-8476-6},
	langid = {english}
}
@article{huhHealthVlogsSocial2014,
     keywords = {fleeting},
	title = {Health {{Vlogs}} as {{Social Support}} for {{Chronic Illness Management}}},
	author = {Huh, Jina and Liu, Leslie S. and Neogi, Tina and Inkpen, Kori and Pratt, Wanda},
	year = 2014,
	month = aug,
	journal = {ACM Transactions on Computer-Human Interaction},
	volume = 21,
	number = 4,
	pages = {1--31},
	issn = {1073-0516, 1557-7325},
	doi = {10.1145/2630067},
	urldate = {2024-09-13},
	langid = {english},
}
@inproceedings{hurstAutomaticallyDetectingPointing2008,
     keywords = {fleeting},
	title = {Automatically Detecting Pointing Performance},
	booktitle = {Proceedings of the 13th International Conference on {{Intelligent}} User Interfaces},
	author = {Hurst, Amy and Hudson, Scott E. and Mankoff, Jennifer and Trewin, Shari},
	year = 2008,
	month = jan,
	pages = {11--19},
	publisher = {ACM},
	address = {Gran Canaria Spain},
	doi = {10.1145/1378773.1378776},
	urldate = {2024-09-13},
	isbn = {978-1-59593-987-6},
	langid = {english},
}
@article{hwangSocialbotsVoicesFronts2012,
     keywords = {fleeting},
	title = {Socialbots: Voices from the Fronts},
	shorttitle = {Socialbots},
	author = {Hwang, Tim and Pearce, Ian and Nanis, Max},
	year = 2012,
	month = mar,
	journal = {Interactions},
	volume = 19,
	number = 2,
	pages = {38--45},
	issn = {1072-5520, 1558-3449},
	doi = {10.1145/2090150.2090161},
	urldate = {2024-09-13},
	langid = {english}
}
@article{iqbalOasisFrameworkLinking2010,
     keywords = {fleeting},
	title = {Oasis: {{A}} Framework for Linking Notification Delivery to the Perceptual Structure of Goal-Directed Tasks},
	shorttitle = {Oasis},
	author = {Iqbal, Shamsi T. and Bailey, Brian P.},
	year = 2010,
	month = dec,
	journal = {ACM Transactions on Computer-Human Interaction},
	volume = 17,
	number = 4,
	pages = {1--28},
	issn = {1073-0516, 1557-7325},
	doi = {10.1145/1879831.1879833},
	urldate = {2024-09-13},
	langid = {english}
}
@inproceedings{ishiiOpticalMarionetteGraphical2016,
     keywords = {fleeting},
	title = {Optical {{Marionette}}: {{Graphical Manipulation}} of {{Human}}'s {{Walking Direction}}},
	shorttitle = {Optical {{Marionette}}},
	booktitle = {Proceedings of the 29th {{Annual Symposium}} on {{User Interface Software}} and {{Technology}}},
	author = {Ishii, Akira and Suzuki, Ippei and Sakamoto, Shinji and Kanai, Keita and Takazawa, Kazuki and Doi, Hiraku and Ochiai, Yoichi},
	year = 2016,
	month = oct,
	pages = {705--716},
	publisher = {ACM},
	address = {Tokyo Japan},
	doi = {10.1145/2984511.2984545},
	urldate = {2024-09-13},
	isbn = {978-1-4503-4189-9},
	langid = {english}
}
@inproceedings{jainHeadMountedDisplayVisualizations2015,
     keywords = {fleeting},
	title = {Head-{{Mounted Display Visualizations}} to {{Support Sound Awareness}} for the {{Deaf}} and {{Hard}} of {{Hearing}}},
	booktitle = {Proceedings of the 33rd {{Annual ACM Conference}} on {{Human Factors}} in {{Computing Systems}}},
	author = {Jain, Dhruv and Findlater, Leah and Gilkeson, Jamie and Holland, Benjamin and Duraiswami, Ramani and Zotkin, Dmitry and Vogler, Christian and Froehlich, Jon E.},
	year = 2015,
	month = apr,
	pages = {241--250},
	publisher = {ACM},
	address = {Seoul Republic of Korea},
	doi = {10.1145/2702123.2702393},
	urldate = {2024-09-13},
	isbn = {978-1-4503-3145-6},
	langid = {english}
}
@inproceedings{jiangHandAvatarEmbodyingNonHumanoid2023,
     keywords = {fleeting},
	title = {{{HandAvatar}}: {{Embodying Non-Humanoid Virtual Avatars}} through {{Hands}}},
	shorttitle = {{HandAvatar}},
	booktitle = {Proceedings of the 2023 {{CHI Conference}} on {{Human Factors}} in {{Computing Systems}}},
	author = {Jiang, Yu and Li, Zhipeng and He, Mufei and Lindlbauer, David and Yan, Yukang},
	year = 2023,
	month = apr,
	pages = {1--17},
	publisher = {ACM},
	address = {Hamburg Germany},
	doi = {10.1145/3544548.3581027},
	urldate = {2024-09-13},
	isbn = {978-1-4503-9421-5},
	langid = {english}
}
@inproceedings{jokelaDiaryStudyCombining2015,
     keywords = {fleeting},
	title = {A {{Diary Study}} on {{Combining Multiple Information Devices}} in {{Everyday Activities}} and {{Tasks}}},
	booktitle = {Proceedings of the 33rd {{Annual ACM Conference}} on {{Human Factors}} in {{Computing Systems}}},
	author = {Jokela, Tero and Ojala, Jarno and Olsson, Thomas},
	year = 2015,
	month = apr,
	pages = {3903--3912},
	publisher = {ACM},
	address = {Seoul Republic of Korea},
	doi = {10.1145/2702123.2702211},
	urldate = {2024-09-13},
	isbn = {978-1-4503-3145-6},
	langid = {english}
}
@inproceedings{kaimotoSketchedRealitySketching2022,
     keywords = {fleeting},
	title = {Sketched {{Reality}}: {{Sketching Bi-Directional Interactions Between Virtual}} and {{Physical Worlds}} with {{AR}} and {{Actuated Tangible UI}}},
	shorttitle = {Sketched {{Reality}}},
	booktitle = {Proceedings of the 35th {{Annual ACM Symposium}} on {{User Interface Software}} and {{Technology}}},
	author = {Kaimoto, Hiroki and Monteiro, Kyzyl and Faridan, Mehrad and Li, Jiatong and Farajian, Samin and Kakehi, Yasuaki and Nakagaki, Ken and Suzuki, Ryo},
	year = 2022,
	month = oct,
	pages = {1--12},
	publisher = {ACM},
	address = {Bend OR USA},
	doi = {10.1145/3526113.3545626},
	urldate = {2024-09-13},
	isbn = {978-1-4503-9320-1},
	langid = {english},
}
@inproceedings{kaneAccessOverlaysImproving2011,
     keywords = {fleeting},
	title = {Access Overlays: Improving Non-Visual Access to Large Touch Screens for Blind Users},
	shorttitle = {Access Overlays},
	booktitle = {Proceedings of the 24th Annual {{ACM}} Symposium on {{User}} Interface Software and Technology},
	author = {Kane, Shaun K. and Morris, Meredith Ringel and Perkins, Annuska Z. and Wigdor, Daniel and Ladner, Richard E. and Wobbrock, Jacob O.},
	year = 2011,
	month = oct,
	pages = {273--282},
	publisher = {ACM},
	address = {Santa Barbara California USA},
	doi = {10.1145/2047196.2047232},
	urldate = {2024-09-13},
	isbn = {978-1-4503-0716-1},
	langid = {english}
}
@inproceedings{kapurAlterEgoPersonalizedWearable2018a,
     keywords = {fleeting},
	title = {{{AlterEgo}}: {{A Personalized Wearable Silent Speech Interface}}},
	shorttitle = {{AlterEgo}},
	booktitle = {23rd {{International Conference}} on {{Intelligent User Interfaces}}},
	author = {Kapur, Arnav and Kapur, Shreyas and Maes, Pattie},
	year = 2018,
	month = mar,
	pages = {43--53},
	publisher = {ACM},
	address = {Tokyo Japan},
	doi = {10.1145/3172944.3172977},
	urldate = {2024-09-13},
	isbn = {978-1-4503-4945-1},
	langid = {english}
}
@article{karranFrameworkPsychophysiologicalClassification2015,
     keywords = {fleeting},
	title = {A {{Framework}} for {{Psychophysiological Classification}} within a {{Cultural Heritage Context Using Interest}}},
	author = {Karran, Alexander J. and Fairclough, Stephen H. and Gilleade, Kiel},
	year = 2015,
	month = jan,
	journal = {ACM Transactions on Computer-Human Interaction},
	volume = 21,
	number = 6,
	pages = {1--19},
	issn = {1073-0516, 1557-7325},
	doi = {10.1145/2687925},
	urldate = {2024-09-13},
	langid = {english},
}
@inproceedings{khotUnderstandingPhysicalActivity2014,
     keywords = {fleeting},
	title = {Understanding Physical Activity through {{3D}} Printed Material Artifacts},
	booktitle = {Proceedings of the {{SIGCHI Conference}} on {{Human Factors}} in {{Computing Systems}}},
	author = {Khot, Rohit Ashok and Hjorth, Larissa and Mueller, Florian 'Floyd'},
	year = 2014,
	month = apr,
	pages = {3835--3844},
	publisher = {ACM},
	address = {Toronto Ontario Canada},
	doi = {10.1145/2556288.2557144},
	urldate = {2024-09-13},
	isbn = {978-1-4503-2473-1},
	langid = {english}
}
@inproceedings{kimCellsGeneratorsLenses2023,
     keywords = {fleeting},
	title = {Cells, {{Generators}}, and {{Lenses}}: {{Design Framework}} for {{Object-Oriented Interaction}} with {{Large Language Models}}},
	shorttitle = {Cells, {{Generators}}, and {{Lenses}}},
	booktitle = {Proceedings of the 36th {{Annual ACM Symposium}} on {{User Interface Software}} and {{Technology}}},
	author = {Kim, Tae Soo and Lee, Yoonjoo and Chang, Minsuk and Kim, Juho},
	year = 2023,
	month = oct,
	pages = {1--18},
	publisher = {ACM},
	address = {San Francisco CA USA},
	doi = {10.1145/3586183.3606833},
	urldate = {2024-09-13},
	isbn = 9798400701320,
	langid = {english},
}
@inproceedings{kimDatadrivenInteractionTechniques2014,
     keywords = {fleeting},
	title = {Data-Driven Interaction Techniques for Improving Navigation of Educational Videos},
	booktitle = {Proceedings of the 27th Annual {{ACM}} Symposium on {{User}} Interface Software and Technology},
	author = {Kim, Juho and Guo, Philip J. and Cai, Carrie J. and Li, Shang-Wen (Daniel) and Gajos, Krzysztof Z. and Miller, Robert C.},
	year = 2014,
	month = oct,
	pages = {563--572},
	publisher = {ACM},
	address = {Honolulu Hawaii USA},
	doi = {10.1145/2642918.2647389},
	urldate = {2024-09-13},
	isbn = {978-1-4503-3069-5},
	langid = {english},
}
@inproceedings{kimExploringChartQuestion2023a,
     keywords = {fleeting},
	title = {Exploring {{Chart Question Answering}} for {{Blind}} and {{Low Vision Users}}},
	booktitle = {Proceedings of the 2023 {{CHI Conference}} on {{Human Factors}} in {{Computing Systems}}},
	author = {Kim, Jiho and Srinivasan, Arjun and Kim, Nam Wook and Kim, Yea-Seul},
	year = 2023,
	month = apr,
	pages = {1--15},
	publisher = {ACM},
	address = {Hamburg Germany},
	doi = {10.1145/3544548.3581532},
	urldate = {2024-09-13},
	isbn = {978-1-4503-9421-5},
	langid = {english}
}
@inproceedings{kimInflatableMouseVolumeadjustable2008a,
     keywords = {fleeting},
	title = {Inflatable Mouse: Volume-Adjustable Mouse with Air-Pressure-Sensitive Input and Haptic Feedback},
	shorttitle = {Inflatable Mouse},
	booktitle = {Proceedings of the {{SIGCHI Conference}} on {{Human Factors}} in {{Computing Systems}}},
	author = {Kim, Seoktae and Kim, Hyunjung and Lee, Boram and Nam, Tek-Jin and Lee, Woohun},
	year = 2008,
	month = apr,
	pages = {211--224},
	publisher = {ACM},
	address = {Florence Italy},
	doi = {10.1145/1357054.1357090},
	urldate = {2024-09-13},
	isbn = {978-1-60558-011-1},
	langid = {english}
}
@article{kimOmniTrackFlexibleSelfTracking2017,
     keywords = {fleeting},
	title = {{{OmniTrack}}: {{A Flexible Self-Tracking Approach Leveraging Semi-Automated Tracking}}},
	shorttitle = {{OmniTrack}},
	author = {Kim, Young-Ho and Jeon, Jae Ho and Lee, Bongshin and Choe, Eun Kyoung and Seo, Jinwook},
	year = 2017,
	month = sep,
	journal = {Proceedings of the ACM on Interactive, Mobile, Wearable and Ubiquitous Technologies},
	volume = 1,
	number = 3,
	pages = {1--28},
	issn = {2474-9567},
	doi = {10.1145/3130930},
	urldate = {2024-09-13},
	langid = {english}
}
@inproceedings{kirkHomeVideoCommunication2010,
     keywords = {fleeting},
	title = {Home Video Communication: Mediating 'Closeness'},
	shorttitle = {Home Video Communication},
	booktitle = {Proceedings of the 2010 {{ACM}} Conference on {{Computer}} Supported Cooperative Work},
	author = {Kirk, David S. and Sellen, Abigail and Cao, Xiang},
	year = 2010,
	month = feb,
	pages = {135--144},
	publisher = {ACM},
	address = {Savannah Georgia USA},
	doi = {10.1145/1718918.1718945},
	urldate = {2024-09-13},
	isbn = {978-1-60558-795-0},
	langid = {english}
}
@article{kirkHumanRemainsValues2010,
     keywords = {fleeting},
	title = {On Human Remains: {{Values}} and Practice in the Home Archiving of Cherished Objects},
	shorttitle = {On Human Remains},
	author = {Kirk, David S. and Sellen, Abigail},
	year = 2010,
	month = jul,
	journal = {ACM Transactions on Computer-Human Interaction},
	volume = 17,
	number = 3,
	pages = {1--43},
	issn = {1073-0516, 1557-7325},
	doi = {10.1145/1806923.1806924},
	urldate = {2024-09-13},
	langid = {english}
}
@inproceedings{kirkOpeningFamilyArchive2010,
     keywords = {fleeting},
	title = {Opening up the Family Archive},
	booktitle = {Proceedings of the 2010 {{ACM}} Conference on {{Computer}} Supported Cooperative Work},
	author = {Kirk, David S. and Izadi, Shahram and Sellen, Abigail and Taylor, Stuart and Banks, Richard and Hilliges, Otmar},
	year = 2010,
	month = feb,
	pages = {261--270},
	publisher = {ACM},
	address = {Savannah Georgia USA},
	doi = {10.1145/1718918.1718968},
	urldate = {2024-09-13},
	isbn = {978-1-60558-795-0},
	langid = {english}
}
@inproceedings{kleinbergerSupportingElderConnectedness2019,
     keywords = {fleeting},
	title = {Supporting {{Elder Connectedness}} through {{Cognitively Sustainable Design Interactions}} with the {{Memory Music Box}}},
	booktitle = {Proceedings of the 32nd {{Annual ACM Symposium}} on {{User Interface Software}} and {{Technology}}},
	author = {Kleinberger, Rebecca and Rieger, Alexandra and Sands, Janelle and Baker, Janet},
	year = 2019,
	month = oct,
	pages = {355--369},
	publisher = {ACM},
	address = {New Orleans LA USA},
	doi = {10.1145/3332165.3347877},
	urldate = {2024-09-13},
	isbn = {978-1-4503-6816-2},
	langid = {english},
}
@inproceedings{klokmoseWebstratesShareableDynamic2015,
     keywords = {fleeting},
	title = {{\emph{Webstrates}}: {{Shareable Dynamic Media}}},
	shorttitle = {{\emph{Webstrates}}},
	booktitle = {Proceedings of the 28th {{Annual ACM Symposium}} on {{User Interface Software}} \& {{Technology}}},
	author = {Klokmose, Clemens N. and Eagan, James R. and Baader, Siemen and Mackay, Wendy and {Beaudouin-Lafon}, Michel},
	year = 2015,
	month = nov,
	pages = {280--290},
	publisher = {ACM},
	address = {Charlotte NC USA},
	doi = {10.1145/2807442.2807446},
	urldate = {2024-09-13},
	isbn = {978-1-4503-3779-3},
	langid = {english},
}
@article{kraemerBatteryfreeMakeCodeAccessible2022,
     keywords = {fleeting},
	title = {Battery-Free {{MakeCode}}: {{Accessible Programming}} for {{Intermittent Computing}}},
	shorttitle = {Battery-Free {{MakeCode}}},
	author = {Kraemer, Christopher and Guo, Amy and Ahmed, Saad and Hester, Josiah},
	year = 2022,
	month = mar,
	journal = {Proceedings of the ACM on Interactive, Mobile, Wearable and Ubiquitous Technologies},
	volume = 6,
	number = 1,
	pages = {1--35},
	issn = {2474-9567},
	doi = {10.1145/3517236},
	urldate = {2024-09-13},
	langid = {english}
}
@inproceedings{krumAllRoadsLead2008a,
     keywords = {fleeting},
	title = {All Roads Lead to {{CHI}}: Interaction in the Automobile},
	shorttitle = {All Roads Lead to {{CHI}}},
	booktitle = {{{CHI}} '08 {{Extended Abstracts}} on {{Human Factors}} in {{Computing Systems}}},
	author = {Krum, David M. and Faenger, Jens and Lathrop, Brian and Sison, Jo Ann and Lien, Annie},
	year = 2008,
	month = apr,
	pages = {2387--2390},
	publisher = {ACM},
	address = {Florence Italy},
	doi = {10.1145/1358628.1358691},
	urldate = {2024-09-13},
	isbn = {978-1-60558-012-8},
	langid = {english}
}
@inproceedings{kundingerDriverDrowsinessAutomated2020a,
     keywords = {fleeting},
	title = {Driver Drowsiness in Automated and Manual Driving: Insights from a Test Track Study},
	shorttitle = {Driver Drowsiness in Automated and Manual Driving},
	booktitle = {Proceedings of the 25th {{International Conference}} on {{Intelligent User Interfaces}}},
	author = {Kundinger, Thomas and Riener, Andreas and Sofra, Nikoletta and Weigl, Klemens},
	year = 2020,
	month = mar,
	pages = {369--379},
	publisher = {ACM},
	address = {Cagliari Italy},
	doi = {10.1145/3377325.3377506},
	urldate = {2024-09-13},
	isbn = {978-1-4503-7118-6},
	langid = {english}
}
@inproceedings{lafreniereCrowdsourcedFabrication2016,
     keywords = {fleeting},
	title = {Crowdsourced {{Fabrication}}},
	booktitle = {Proceedings of the 29th {{Annual Symposium}} on {{User Interface Software}} and {{Technology}}},
	author = {Lafreniere, Benjamin and Grossman, Tovi and Anderson, Fraser and Matejka, Justin and Kerrick, Heather and Nagy, Danil and Vasey, Lauren and Atherton, Evan and Beirne, Nicholas and Coelho, Marcelo H. and Cote, Nicholas and Li, Steven and Nogueira, Andy and Nguyen, Long and Schwinn, Tobias and Stoddart, James and Thomasson, David and Wang, Ray and White, Thomas and Benjamin, David and Conti, Maurice and Menges, Achim and Fitzmaurice, George},
	year = 2016,
	month = oct,
	pages = {15--28},
	publisher = {ACM},
	address = {Tokyo Japan},
	doi = {10.1145/2984511.2984553},
	urldate = {2024-09-13},
	isbn = {978-1-4503-4189-9},
	langid = {english}
}
@inproceedings{laputSensingFineGrainedHand2019,
     keywords = {fleeting},
	title = {Sensing {{Fine-Grained Hand Activity}} with {{Smartwatches}}},
	booktitle = {Proceedings of the 2019 {{CHI Conference}} on {{Human Factors}} in {{Computing Systems}}},
	author = {Laput, Gierad and Harrison, Chris},
	year = 2019,
	month = may,
	pages = {1--13},
	publisher = {ACM},
	address = {Glasgow Scotland Uk},
	doi = {10.1145/3290605.3300568},
	urldate = {2024-09-13},
	isbn = {978-1-4503-5970-2},
	langid = {english}
}
@inproceedings{lawsonProblematisingUpstreamTechnology2015a,
     keywords = {fleeting},
	title = {Problematising {{Upstream Technology}} through {{Speculative Design}}: {{The Case}} of {{Quantified Cats}} and {{Dogs}}},
	shorttitle = {Problematising {{Upstream Technology}} through {{Speculative Design}}},
	booktitle = {Proceedings of the 33rd {{Annual ACM Conference}} on {{Human Factors}} in {{Computing Systems}}},
	author = {Lawson, Shaun and Kirman, Ben and Linehan, Conor and Feltwell, Tom and Hopkins, Lisa},
	year = 2015,
	month = apr,
	pages = {2663--2672},
	publisher = {ACM},
	address = {Seoul Republic of Korea},
	doi = {10.1145/2702123.2702260},
	urldate = {2024-09-13},
	isbn = {978-1-4503-3145-6},
	langid = {english},
}
@inproceedings{leeSleepGuruPersonalizedSleep2022a,
     keywords = {fleeting},
	title = {{{SleepGuru}}: {{Personalized Sleep Planning System}} for {{Real-life Actionability}} and {{Negotiability}}},
	shorttitle = {{SleepGuru}},
	booktitle = {Proceedings of the 35th {{Annual ACM Symposium}} on {{User Interface Software}} and {{Technology}}},
	author = {Lee, Jungeun and Kim, Sungnam and Cheon, Minki and Ju, Hyojin and Lee, JaeEun and Hwang, Inseok},
	year = 2022,
	month = oct,
	pages = {1--16},
	publisher = {ACM},
	address = {Bend OR USA},
	doi = {10.1145/3526113.3545709},
	urldate = {2024-09-13},
	isbn = {978-1-4503-9320-1},
	langid = {english}
}
@inproceedings{leeZeroNMidairTangible2011,
     keywords = {fleeting},
	title = {{{ZeroN}}: Mid-Air Tangible Interaction Enabled by Computer Controlled Magnetic Levitation},
	shorttitle = {{ZeroN}},
	booktitle = {Proceedings of the 24th Annual {{ACM}} Symposium on {{User}} Interface Software and Technology},
	author = {Lee, Jinha and Post, Rehmi and Ishii, Hiroshi},
	year = 2011,
	month = oct,
	pages = {327--336},
	publisher = {ACM},
	address = {Santa Barbara California USA},
	doi = {10.1145/2047196.2047239},
	urldate = {2024-09-13},
	isbn = {978-1-4503-0716-1},
	langid = {english}
}
@inproceedings{leithingerPhysicalTelepresenceShape2014,
     keywords = {fleeting},
	title = {Physical Telepresence: Shape Capture and Display for Embodied, Computer-Mediated Remote Collaboration},
	shorttitle = {Physical Telepresence},
	booktitle = {Proceedings of the 27th Annual {{ACM}} Symposium on {{User}} Interface Software and Technology},
	author = {Leithinger, Daniel and Follmer, Sean and Olwal, Alex and Ishii, Hiroshi},
	year = 2014,
	month = oct,
	pages = {461--470},
	publisher = {ACM},
	address = {Honolulu Hawaii USA},
	doi = {10.1145/2642918.2647377},
	urldate = {2024-09-13},
	isbn = {978-1-4503-3069-5},
	langid = {english}
}
@inproceedings{leithingerSublimateStatechangingVirtual2013,
     keywords = {fleeting},
	title = {Sublimate: State-Changing Virtual and Physical Rendering to Augment Interaction with Shape Displays},
	shorttitle = {Sublimate},
	booktitle = {Proceedings of the {{SIGCHI Conference}} on {{Human Factors}} in {{Computing Systems}}},
	author = {Leithinger, Daniel and Follmer, Sean and Olwal, Alex and Luescher, Samuel and Hogge, Akimitsu and Lee, Jinha and Ishii, Hiroshi},
	year = 2013,
	month = apr,
	pages = {1441--1450},
	publisher = {ACM},
	address = {Paris France},
	doi = {10.1145/2470654.2466191},
	urldate = {2024-09-13},
	isbn = {978-1-4503-1899-0},
	langid = {english},
}
@inproceedings{liaoAllWorkNo2018,
     keywords = {fleeting},
	title = {All {{Work}} and {{No Play}}?},
	booktitle = {Proceedings of the 2018 {{CHI Conference}} on {{Human Factors}} in {{Computing Systems}}},
	author = {Liao, Q. Vera and {Mas-ud Hussain}, Muhammed and Chandar, Praveen and Davis, Matthew and Khazaeni, Yasaman and Crasso, Marco Patricio and Wang, Dakuo and Muller, Michael and Shami, N. Sadat and Geyer, Werner},
	year = 2018,
	month = apr,
	pages = {1--13},
	publisher = {ACM},
	address = {Montreal QC Canada},
	doi = {10.1145/3173574.3173577},
	urldate = {2024-09-13},
	isbn = {978-1-4503-5620-6},
	langid = {english}
}
@article{lightDigitalInterdependenceHow2011,
     keywords = {fleeting},
	title = {Digital Interdependence and How to Design for It},
	author = {Light, Ann},
	year = 2011,
	month = mar,
	journal = {Interactions},
	volume = 18,
	number = 2,
	pages = {34--39},
	issn = {1072-5520, 1558-3449},
	doi = {10.1145/1925820.1925829},
	urldate = {2024-09-13},
	langid = {english}
}
@inproceedings{liMeasuringUnderstandingPhoto2019,
     keywords = {fleeting},
	title = {Measuring and {{Understanding Photo Sharing Experiences}} in {{Social Virtual Reality}}},
	booktitle = {Proceedings of the 2019 {{CHI Conference}} on {{Human Factors}} in {{Computing Systems}}},
	author = {Li, Jie and Kong, Yiping and R{\"o}ggla, Thomas and De Simone, Francesca and Ananthanarayan, Swamy and De Ridder, Huib and El Ali, Abdallah and Cesar, Pablo},
	year = 2019,
	month = may,
	pages = {1--14},
	publisher = {ACM},
	address = {Glasgow Scotland Uk},
	doi = {10.1145/3290605.3300897},
	urldate = {2024-09-13},
	isbn = {978-1-4503-5970-2},
	langid = {english},
}
@inproceedings{linAdasaConversationalVehicle2018,
     keywords = {fleeting},
	title = {Adasa: {{A Conversational In-Vehicle Digital Assistant}} for {{Advanced Driver Assistance Features}}},
	shorttitle = {Adasa},
	booktitle = {Proceedings of the 31st {{Annual ACM Symposium}} on {{User Interface Software}} and {{Technology}}},
	author = {Lin, Shih-Chieh and Hsu, Chang-Hong and Talamonti, Walter and Zhang, Yunqi and Oney, Steve and Mars, Jason and Tang, Lingjia},
	year = 2018,
	month = oct,
	pages = {531--542},
	publisher = {ACM},
	address = {Berlin Germany},
	doi = {10.1145/3242587.3242593},
	urldate = {2024-09-13},
	isbn = {978-1-4503-5948-1},
	langid = {english}
}
@inproceedings{linSYNCCrowdsourcingPlatform2021a,
     keywords = {fleeting},
	title = {{{SYNC}}: {{A Crowdsourcing Platform}} for {{News Co-editing}}},
	shorttitle = {{SYNC}},
	booktitle = {Companion {{Publication}} of the 2021 {{Conference}} on {{Computer Supported Cooperative Work}} and {{Social Computing}}},
	author = {Lin, Jin-An and Hsu, Feng-Yi and Yao, Hsin-Yu and Lu, Shang-Hsun and Kuo, Tsai-Yu and Lin, Chieh-Kai and Chang, Yung-Ju},
	year = 2021,
	month = oct,
	pages = {126--129},
	publisher = {ACM},
	address = {Virtual Event USA},
	doi = {10.1145/3462204.3481775},
	urldate = {2024-09-13},
	isbn = {978-1-4503-8479-7},
	langid = {english}
}
@inproceedings{liTangibleGridTangibleWeb2022,
     keywords = {fleeting},
	title = {{{TangibleGrid}}: {{Tangible Web Layout Design}} for {{Blind Users}}},
	shorttitle = {{TangibleGrid}},
	booktitle = {Proceedings of the 35th {{Annual ACM Symposium}} on {{User Interface Software}} and {{Technology}}},
	author = {Li, Jiasheng and Yan, Zeyu and Jarjue, Ebrima Haddy and Shetty, Ashrith and Peng, Huaishu},
	year = 2022,
	month = oct,
	pages = {1--12},
	publisher = {ACM},
	address = {Bend OR USA},
	doi = {10.1145/3526113.3545627},
	urldate = {2024-09-13},
	isbn = {978-1-4503-9320-1},
	langid = {english},
}
@inproceedings{liu3DALLEIntegratingTextImage2023,
     keywords = {fleeting},
	title = {{{3DALL-E}}: {{Integrating Text-to-Image AI}} in {{3D Design Workflows}}},
	shorttitle = {{3DALL-E}},
	booktitle = {Proceedings of the 2023 {{ACM Designing Interactive Systems Conference}}},
	author = {Liu, Vivian and Vermeulen, Jo and Fitzmaurice, George and Matejka, Justin},
	year = 2023,
	month = jul,
	pages = {1955--1977},
	publisher = {ACM},
	address = {Pittsburgh PA USA},
	doi = {10.1145/3563657.3596098},
	urldate = {2024-09-13},
	isbn = {978-1-4503-9893-0},
	langid = {english},
}
@article{liuLivingHeritageHistoric2012,
     keywords = {fleeting},
	title = {The Living Heritage of Historic Crises: Curating the {{Bhopal}} Disaster in the Social Media Landscape},
	shorttitle = {The Living Heritage of Historic Crises},
	author = {Liu, Sophia B.},
	year = 2012,
	month = may,
	journal = {Interactions},
	volume = 19,
	number = 3,
	pages = {20--24},
	issn = {1072-5520, 1558-3449},
	doi = {10.1145/2168931.2168938},
	urldate = {2024-09-13},
	langid = {english}
}
@article{luceroMobileCollocatedInteractions2013,
     keywords = {fleeting},
	title = {Mobile Collocated Interactions: Taking an Offline Break Together},
	shorttitle = {Mobile Collocated Interactions},
	author = {Lucero, Andr{\'e}s and Jones, Matt and Jokela, Tero and Robinson, Simon},
	year = 2013,
	month = mar,
	journal = {Interactions},
	volume = 20,
	number = 2,
	pages = {26--32},
	issn = {1072-5520, 1558-3449},
	doi = {10.1145/2427076.2427083},
	urldate = {2024-09-13},
	langid = {english}
}
@inproceedings{lugerHavingReallyBad2016b,
     keywords = {fleeting},
	title = {"{{Like Having}} a {{Really Bad PA}}": {{The Gulf}} between {{User Expectation}} and {{Experience}} of {{Conversational Agents}}},
	shorttitle = {"{{Like Having}} a {{Really Bad PA}}"},
	booktitle = {Proceedings of the 2016 {{CHI Conference}} on {{Human Factors}} in {{Computing Systems}}},
	author = {Luger, Ewa and Sellen, Abigail},
	year = 2016,
	month = may,
	pages = {5286--5297},
	publisher = {ACM},
	address = {San Jose California USA},
	doi = {10.1145/2858036.2858288},
	urldate = {2024-09-13},
	isbn = {978-1-4503-3362-7},
	langid = {english}
}
@inproceedings{luParticipatoryNoticingPhotovoice2023,
     keywords = {fleeting},
	title = {Participatory {{Noticing}} through {{Photovoice}}: {{Engaging Arts-}} and {{Community-Based Approaches}} in {{Design Research}}},
	shorttitle = {Participatory {{Noticing}} through {{Photovoice}}},
	booktitle = {Proceedings of the 2023 {{ACM Designing Interactive Systems Conference}}},
	author = {Lu, Alex Jiahong and Sannon, Shruti and Moy, Cameron and Brewer, Savana and Green, Jaye and Jackson, Kisha N and Reeder, Daivon and Wafer, Camaria and Ackerman, Mark S. and Dillahunt, Tawanna R},
	year = 2023,
	month = jul,
	pages = {2489--2508},
	publisher = {ACM},
	address = {Pittsburgh PA USA},
	doi = {10.1145/3563657.3596041},
	urldate = {2024-09-13},
	isbn = {978-1-4503-9893-0},
	langid = {english},
}
@article{maloneyTalkingVoiceUnderstanding2020,
     keywords = {fleeting},
	title = {"{{Talking}} without a {{Voice}}": {{Understanding Non-verbal Communication}} in {{Social Virtual Reality}}},
	shorttitle = {"{{Talking}} without a {{Voice}}"},
	author = {Maloney, Divine and Freeman, Guo and Wohn, Donghee Yvette},
	year = 2020,
	month = oct,
	journal = {Proceedings of the ACM on Human-Computer Interaction},
	volume = 4,
	number = {CSCW2},
	pages = {1--25},
	issn = {2573-0142},
	doi = {10.1145/3415246},
	urldate = {2024-09-13},
	langid = {english}
}
@inproceedings{marcusTwitinfoAggregatingVisualizing2011,
     keywords = {fleeting},
	title = {Twitinfo: Aggregating and Visualizing Microblogs for Event Exploration},
	shorttitle = {Twitinfo},
	booktitle = {Proceedings of the {{SIGCHI Conference}} on {{Human Factors}} in {{Computing Systems}}},
	author = {Marcus, Adam and Bernstein, Michael S. and Badar, Osama and Karger, David R. and Madden, Samuel and Miller, Robert C.},
	year = 2011,
	month = may,
	pages = {227--236},
	publisher = {ACM},
	address = {Vancouver BC Canada},
	doi = {10.1145/1978942.1978975},
	urldate = {2024-09-13},
	isbn = {978-1-4503-0228-9},
	langid = {english},
}
@inproceedings{markResilienceCollaborationTechnology2008,
     keywords = {fleeting},
	title = {Resilience in Collaboration: Technology as a Resource for New Patterns of Action},
	shorttitle = {Resilience in Collaboration},
	booktitle = {Proceedings of the 2008 {{ACM}} Conference on {{Computer}} Supported Cooperative Work},
	author = {Mark, Gloria and Semaan, Bryan},
	year = 2008,
	month = nov,
	pages = {137--146},
	publisher = {ACM},
	address = {San Diego CA USA},
	doi = {10.1145/1460563.1460585},
	urldate = {2024-09-13},
	isbn = {978-1-60558-007-4},
	langid = {english}
}
@inproceedings{marlowActivityTracesSignals2013,
     keywords = {fleeting},
	title = {Activity Traces and Signals in Software Developer Recruitment and Hiring},
	booktitle = {Proceedings of the 2013 Conference on {{Computer}} Supported Cooperative Work},
	author = {Marlow, Jennifer and Dabbish, Laura},
	year = 2013,
	month = feb,
	pages = {145--156},
	publisher = {ACM},
	address = {San Antonio Texas USA},
	doi = {10.1145/2441776.2441794},
	urldate = {2024-09-13},
	isbn = {978-1-4503-1331-5},
	langid = {english}
}
@inproceedings{matthiesEarFieldSensingNovelEar2017a,
     keywords = {fleeting},
	title = {{{{\emph{EarFieldSensing}}}}: {{A Novel In-Ear Electric Field Sensing}} to {{Enrich Wearable Gesture Input}} through {{Facial Expressions}}},
	shorttitle = {{{\emph{EarFieldSensing}}}},
	booktitle = {Proceedings of the 2017 {{CHI Conference}} on {{Human Factors}} in {{Computing Systems}}},
	author = {Matthies, Denys J. C. and Strecker, Bernhard A. and Urban, Bodo},
	year = 2017,
	month = may,
	pages = {1911--1922},
	publisher = {ACM},
	address = {Denver Colorado USA},
	doi = {10.1145/3025453.3025692},
	urldate = {2024-09-13},
	isbn = {978-1-4503-4655-9},
	langid = {english}
}
@inproceedings{mccarthyContextContentCommunity2008,
     keywords = {fleeting},
	title = {The Context, Content \& Community Collage: Sharing Personal Digital Media in the Physical Workplace},
	shorttitle = {The Context, Content \& Community Collage},
	booktitle = {Proceedings of the 2008 {{ACM}} Conference on {{Computer}} Supported Cooperative Work},
	author = {McCarthy, Joseph F. and Congleton, Ben and Harper, F. Maxwell},
	year = 2008,
	month = nov,
	pages = {97--106},
	publisher = {ACM},
	address = {San Diego CA USA},
	doi = {10.1145/1460563.1460580},
	urldate = {2024-09-13},
	isbn = {978-1-60558-007-4},
	langid = {english}
}
@article{mcgillCreatingAugmentingKeyboards2022,
     keywords = {fleeting},
	title = {Creating and {{Augmenting Keyboards}} for {{Extended Reality}} with the {{K}} Eyboard {{A}} Ugmentation {{T}} Oolkit},
	author = {McGill, Mark and Brewster, Stephen and De Sa Medeiros, Daniel Pires and Bovet, Sidney and Gutierrez, Mario and Kehoe, Aidan},
	year = 2022,
	month = apr,
	journal = {ACM Transactions on Computer-Human Interaction},
	volume = 29,
	number = 2,
	pages = {1--39},
	issn = {1073-0516, 1557-7325},
	doi = {10.1145/3490495},
	urldate = {2024-09-13},
	langid = {english},
}
@inproceedings{mcnallyCodesigningMobileOnline2018,
     keywords = {fleeting},
	title = {Co-Designing {{Mobile Online Safety Applications}} with {{Children}}},
	booktitle = {Proceedings of the 2018 {{CHI Conference}} on {{Human Factors}} in {{Computing Systems}}},
	author = {McNally, Brenna and Kumar, Priya and Hordatt, Chelsea and Mauriello, Matthew Louis and Naik, Shalmali and Norooz, Leyla and Shorter, Alazandra and Golub, Evan and Druin, Allison},
	year = 2018,
	month = apr,
	pages = {1--9},
	publisher = {ACM},
	address = {Montreal QC Canada},
	doi = {10.1145/3173574.3174097},
	urldate = {2024-09-13},
	isbn = {978-1-4503-5620-6},
	langid = {english}
}
@inproceedings{mentisInvisibleEmotionInformation2010a,
     keywords = {fleeting},
	title = {Invisible Emotion: Information and Interaction in an Emergency Room},
	shorttitle = {Invisible Emotion},
	booktitle = {Proceedings of the 2010 {{ACM}} Conference on {{Computer}} Supported Cooperative Work},
	author = {Mentis, Helena M. and Reddy, Madhu and Rosson, Mary Beth},
	year = 2010,
	month = feb,
	pages = {311--320},
	publisher = {ACM},
	address = {Savannah Georgia USA},
	doi = {10.1145/1718918.1718975},
	urldate = {2024-09-13},
	isbn = {978-1-60558-795-0},
	langid = {english}
}
@article{messerschmidtANISMAPrototypingToolkit2022,
     keywords = {fleeting},
	title = {{{ANISMA}}: {{A Prototyping Toolkit}} to {{Explore Haptic Skin Deformation Applications Using Shape-Memory Alloys}}},
	shorttitle = {{ANISMA}},
	author = {Messerschmidt, Moritz Alexander and Muthukumarana, Sachith and Hamdan, Nur Al-Huda and Wagner, Adrian and Zhang, Haimo and Borchers, Jan and Nanayakkara, Suranga Chandima},
	year = 2022,
	month = jun,
	journal = {ACM Transactions on Computer-Human Interaction},
	volume = 29,
	number = 3,
	pages = {1--34},
	issn = {1073-0516, 1557-7325},
	doi = {10.1145/3490497},
	urldate = {2024-09-13},
	langid = {english}
}
@inproceedings{miltonSeeMeHere2023,
     keywords = {fleeting},
	title = {``{{I See Me Here}}'': {{Mental Health Content}}, {{Community}}, and {{Algorithmic Curation}} on {{TikTok}}},
	shorttitle = {``{{I See Me Here}}''},
	booktitle = {Proceedings of the 2023 {{CHI Conference}} on {{Human Factors}} in {{Computing Systems}}},
	author = {Milton, Ashlee and Ajmani, Leah and DeVito, Michael Ann and Chancellor, Stevie},
	year = 2023,
	month = apr,
	pages = {1--17},
	publisher = {ACM},
	address = {Hamburg Germany},
	doi = {10.1145/3544548.3581489},
	urldate = {2024-09-13},
	isbn = {978-1-4503-9421-5},
	langid = {english}
}
@inproceedings{mizrahiDigitalGastronomyMethods2016,
     keywords = {fleeting},
	title = {Digital {{Gastronomy}}: {{Methods}} \& {{Recipes}} for {{Hybrid Cooking}}},
	shorttitle = {Digital {{Gastronomy}}},
	booktitle = {Proceedings of the 29th {{Annual Symposium}} on {{User Interface Software}} and {{Technology}}},
	author = {Mizrahi, Moran and Golan, Amos and Mizrahi, Ariel Bezaleli and Gruber, Rotem and Lachnise, Alexander Zoonder and Zoran, Amit},
	year = 2016,
	month = oct,
	pages = {541--552},
	publisher = {ACM},
	address = {Tokyo Japan},
	doi = {10.1145/2984511.2984528},
	urldate = {2024-09-13},
	isbn = {978-1-4503-4189-9},
	langid = {english}
}
@inproceedings{muellerJoggingDistanceEurope2010,
     keywords = {fleeting},
	title = {Jogging over a Distance between {{Europe}} and {{Australia}}},
	booktitle = {Proceedings of the 23nd Annual {{ACM}} Symposium on {{User}} Interface Software and Technology},
	author = {Mueller, Florian and Vetere, Frank and Gibbs, Martin R. and Edge, Darren and Agamanolis, Stefan and Sheridan, Jennifer G.},
	year = 2010,
	month = oct,
	pages = {189--198},
	publisher = {ACM},
	address = {New York New York USA},
	doi = {10.1145/1866029.1866062},
	urldate = {2024-09-13},
	isbn = {978-1-4503-0271-5},
	langid = {english}
}
@inproceedings{muellerNextStepsHumanComputer2020,
     keywords = {fleeting},
	title = {Next {{Steps}} for {{Human-Computer Integration}}},
	booktitle = {Proceedings of the 2020 {{CHI Conference}} on {{Human Factors}} in {{Computing Systems}}},
	author = {Mueller, Florian Floyd and Lopes, Pedro and Strohmeier, Paul and Ju, Wendy and Seim, Caitlyn and Weigel, Martin and Nanayakkara, Suranga and Obrist, Marianna and Li, Zhuying and Delfa, Joseph and Nishida, Jun and Gerber, Elizabeth M. and Svanaes, Dag and Grudin, Jonathan and Greuter, Stefan and Kunze, Kai and Erickson, Thomas and Greenspan, Steven and Inami, Masahiko and Marshall, Joe and Reiterer, Harald and Wolf, Katrin and Meyer, Jochen and Schiphorst, Thecla and Wang, Dakuo and Maes, Pattie},
	year = 2020,
	month = apr,
	pages = {1--15},
	publisher = {ACM},
	address = {Honolulu HI USA},
	doi = {10.1145/3313831.3376242},
	urldate = {2024-09-13},
	isbn = {978-1-4503-6708-0},
	langid = {english},
}
@inproceedings{mullenbachExploringAffectiveCommunication2014,
     keywords = {fleeting},
	title = {Exploring Affective Communication through Variable-Friction Surface Haptics},
	booktitle = {Proceedings of the {{SIGCHI Conference}} on {{Human Factors}} in {{Computing Systems}}},
	author = {Mullenbach, Joe and Shultz, Craig and Colgate, J. Edward and Piper, Anne Marie},
	year = 2014,
	month = apr,
	pages = {3963--3972},
	publisher = {ACM},
	address = {Toronto Ontario Canada},
	doi = {10.1145/2556288.2557343},
	urldate = {2024-09-13},
	isbn = {978-1-4503-2473-1},
	langid = {english}
}
@inproceedings{mullerLookingGlassField2012,
     keywords = {fleeting},
	title = {Looking Glass: A Field Study on Noticing Interactivity of a Shop Window},
	shorttitle = {Looking Glass},
	booktitle = {Proceedings of the {{SIGCHI Conference}} on {{Human Factors}} in {{Computing Systems}}},
	author = {M{\"u}ller, J{\"o}rg and Walter, Robert and Bailly, Gilles and Nischt, Michael and Alt, Florian},
	year = 2012,
	month = may,
	pages = {297--306},
	publisher = {ACM},
	address = {Austin Texas USA},
	doi = {10.1145/2207676.2207718},
	urldate = {2024-09-13},
	isbn = {978-1-4503-1015-4},
	langid = {english}
}
@article{mulliganThisThingCalled2019,
     keywords = {fleeting},
	title = {This {{Thing Called Fairness}}: {{Disciplinary Confusion Realizing}} a {{Value}} in {{Technology}}},
	shorttitle = {This {{Thing Called Fairness}}},
	author = {Mulligan, Deirdre K. and Kroll, Joshua A. and Kohli, Nitin and Wong, Richmond Y.},
	year = 2019,
	month = nov,
	journal = {Proceedings of the ACM on Human-Computer Interaction},
	volume = 3,
	number = {CSCW},
	pages = {1--36},
	issn = {2573-0142},
	doi = {10.1145/3359221},
	urldate = {2024-09-13},
	langid = {english},
}
@inproceedings{nakagakiChainFORMLinearIntegrated2016,
     keywords = {fleeting},
	title = {{{ChainFORM}}: {{A Linear Integrated Modular Hardware System}} for {{Shape Changing Interfaces}}},
	shorttitle = {{ChainFORM}},
	booktitle = {Proceedings of the 29th {{Annual Symposium}} on {{User Interface Software}} and {{Technology}}},
	author = {Nakagaki, Ken and Dementyev, Artem and Follmer, Sean and Paradiso, Joseph A. and Ishii, Hiroshi},
	year = 2016,
	month = oct,
	pages = {87--96},
	publisher = {ACM},
	address = {Tokyo Japan},
	doi = {10.1145/2984511.2984587},
	urldate = {2024-09-13},
	isbn = {978-1-4503-4189-9},
	langid = {english}
}
@inproceedings{nakajimaReflectingHumanBehavior2008,
     keywords = {fleeting},
	title = {Reflecting Human Behavior to Motivate Desirable Lifestyle},
	booktitle = {Proceedings of the 7th {{ACM}} Conference on {{Designing}} Interactive Systems},
	author = {Nakajima, Tatsuo and Lehdonvirta, Vili and Tokunaga, Eiji and Kimura, Hiroaki},
	year = 2008,
	month = feb,
	pages = {405--414},
	publisher = {ACM},
	address = {Cape Town South Africa},
	doi = {10.1145/1394445.1394489},
	urldate = {2024-09-13},
	isbn = {978-1-60558-002-9},
	langid = {english}
}
@inproceedings{niiyamaPoimoPortableInflatable2020a,
     keywords = {fleeting},
	title = {Poimo: {{Portable}} and {{Inflatable Mobility Devices Customizable}} for {{Personal Physical Characteristics}}},
	shorttitle = {Poimo},
	booktitle = {Proceedings of the 33rd {{Annual ACM Symposium}} on {{User Interface Software}} and {{Technology}}},
	author = {Niiyama, Ryuma and Sato, Hiroki and Tsujimura, Kazzmasa and Narumi, Koya and Seong, Young Ah and Yamamura, Ryosuke and Kakehi, Yasuaki and Kawahara, Yoshihiro},
	year = 2020,
	month = oct,
	pages = {912--923},
	publisher = {ACM},
	address = {Virtual Event USA},
	doi = {10.1145/3379337.3415894},
	urldate = {2024-09-13},
	isbn = {978-1-4503-7514-6},
	langid = {english},
}
@inproceedings{nunesSharingDigitalPhotographs2008,
     keywords = {fleeting},
	title = {Sharing Digital Photographs in the Home through Physical Mementos, Souvenirs, and Keepsakes},
	booktitle = {Proceedings of the 7th {{ACM}} Conference on {{Designing}} Interactive Systems},
	author = {Nunes, Michael and Greenberg, Saul and Neustaedter, Carman},
	year = 2008,
	month = feb,
	pages = {250--260},
	publisher = {ACM},
	address = {Cape Town South Africa},
	doi = {10.1145/1394445.1394472},
	urldate = {2024-09-13},
	isbn = {978-1-60558-002-9},
	langid = {english}
}
@inproceedings{obristOpportunitiesOdorExperiences2014,
     keywords = {fleeting},
	title = {Opportunities for Odor: Experiences with Smell and Implications for Technology},
	shorttitle = {Opportunities for Odor},
	booktitle = {Proceedings of the {{SIGCHI Conference}} on {{Human Factors}} in {{Computing Systems}}},
	author = {Obrist, Marianna and Tuch, Alexandre N. and Hornbaek, Kasper},
	year = 2014,
	month = apr,
	pages = {2843--2852},
	publisher = {ACM},
	address = {Toronto Ontario Canada},
	doi = {10.1145/2556288.2557008},
	urldate = {2024-09-13},
	isbn = {978-1-4503-2473-1},
	langid = {english}
}
@inproceedings{oduorFrustrationsBenefitsMobile2016,
     keywords = {fleeting},
	title = {The {{Frustrations}} and {{Benefits}} of {{Mobile Device Usage}} in the {{Home}} When {{Co-Present}} with {{Family Members}}},
	booktitle = {Proceedings of the 2016 {{ACM Conference}} on {{Designing Interactive Systems}}},
	author = {Oduor, Erick and Neustaedter, Carman and Odom, William and Tang, Anthony and Moallem, Niala and Tory, Melanie and Irani, Pourang},
	year = 2016,
	month = jun,
	pages = {1315--1327},
	publisher = {ACM},
	address = {Brisbane QLD Australia},
	doi = {10.1145/2901790.2901809},
	urldate = {2024-09-13},
	isbn = {978-1-4503-4031-1},
	langid = {english},
}
@inproceedings{oelenCrowdsourcingScholarlyDiscourse2021,
     keywords = {fleeting},
	title = {Crowdsourcing {{Scholarly Discourse Annotations}}},
	booktitle = {26th {{International Conference}} on {{Intelligent User Interfaces}}},
	author = {Oelen, Allard and Stocker, Markus and Auer, S{\"o}ren},
	year = 2021,
	month = apr,
	pages = {464--474},
	publisher = {ACM},
	address = {College Station TX USA},
	doi = {10.1145/3397481.3450685},
	urldate = {2024-09-13},
	isbn = {978-1-4503-8017-1},
	langid = {english},
}
@article{oharaBlendedInteractionSpaces2011,
     keywords = {fleeting},
	title = {Blended Interaction Spaces for Distributed Team Collaboration},
	author = {O'hara, Kenton and Kjeldskov, Jesper and Paay, Jeni},
	year = 2011,
	month = apr,
	journal = {ACM Transactions on Computer-Human Interaction},
	volume = 18,
	number = 1,
	pages = {1--28},
	issn = {1073-0516, 1557-7325},
	doi = {10.1145/1959022.1959025},
	urldate = {2024-09-13},
	langid = {english},
}
@article{olesonTeachingInclusiveDesign2023,
     keywords = {fleeting},
	title = {Teaching {{Inclusive Design Skills}} with the {{CIDER Assumption Elicitation Technique}}},
	author = {Oleson, Alannah and Solomon, Meron and Perdriau, Christopher and Ko, Amy},
	year = 2023,
	month = feb,
	journal = {ACM Transactions on Computer-Human Interaction},
	volume = 30,
	number = 1,
	pages = {1--49},
	issn = {1073-0516, 1557-7325},
	doi = {10.1145/3549074},
	urldate = {2024-09-13},
	langid = {english},
}
@inproceedings{ouCilllia3DPrinted2016,
     keywords = {fleeting},
	title = {Cilllia: {{3D Printed Micro-Pillar Structures}} for {{Surface Texture}}, {{Actuation}} and {{Sensing}}},
	shorttitle = {Cilllia},
	booktitle = {Proceedings of the 2016 {{CHI Conference}} on {{Human Factors}} in {{Computing Systems}}},
	author = {Ou, Jifei and Dublon, Gershon and Cheng, Chin-Yi and Heibeck, Felix and Willis, Karl and Ishii, Hiroshi},
	year = 2016,
	month = may,
	pages = {5753--5764},
	publisher = {ACM},
	address = {San Jose California USA},
	doi = {10.1145/2858036.2858257},
	urldate = {2024-09-13},
	isbn = {978-1-4503-3362-7},
	langid = {english}
}
@inproceedings{parkManifestationDepressionLoneliness2015,
     keywords = {fleeting},
	title = {Manifestation of {{Depression}} and {{Loneliness}} on {{Social Networks}}: {{A Case Study}} of {{Young Adults}} on {{Facebook}}},
	shorttitle = {Manifestation of {{Depression}} and {{Loneliness}} on {{Social Networks}}},
	booktitle = {Proceedings of the 18th {{ACM Conference}} on {{Computer Supported Cooperative Work}} \& {{Social Computing}}},
	author = {Park, Sungkyu and Kim, Inyeop and Lee, Sang Won and Yoo, Jaehyun and Jeong, Bumseok and Cha, Meeyoung},
	year = 2015,
	month = feb,
	pages = {557--570},
	publisher = {ACM},
	address = {Vancouver BC Canada},
	doi = {10.1145/2675133.2675139},
	urldate = {2024-09-13},
	isbn = {978-1-4503-2922-4},
	langid = {english}
}
@inproceedings{parkMetaverseWorkspaceOpportunities2023,
     keywords = {fleeting},
	title = {Towards a {{Metaverse Workspace}}: {{Opportunities}}, {{Challenges}}, and {{Design Implications}}},
	shorttitle = {Towards a {{Metaverse Workspace}}},
	booktitle = {Proceedings of the 2023 {{CHI Conference}} on {{Human Factors}} in {{Computing Systems}}},
	author = {Park, Hyanghee and Ahn, Daehwan and Lee, Joonhwan},
	year = 2023,
	month = apr,
	pages = {1--20},
	publisher = {ACM},
	address = {Hamburg Germany},
	doi = {10.1145/3544548.3581306},
	urldate = {2024-09-13},
	isbn = {978-1-4503-9421-5},
	langid = {english},
}
@inproceedings{peiHandInterfacesUsing2022,
     keywords = {fleeting},
	title = {Hand {{Interfaces}}: {{Using Hands}} to {{Imitate Objects}} in {{AR}}/{{VR}} for {{Expressive Interactions}}},
	shorttitle = {Hand {{Interfaces}}},
	booktitle = {{{CHI Conference}} on {{Human Factors}} in {{Computing Systems}}},
	author = {Pei, Siyou and Chen, Alexander and Lee, Jaewook and Zhang, Yang},
	year = 2022,
	month = apr,
	pages = {1--16},
	publisher = {ACM},
	address = {New Orleans LA USA},
	doi = {10.1145/3491102.3501898},
	urldate = {2024-09-13},
	isbn = {978-1-4503-9157-3},
	langid = {english},
}
@inproceedings{perraultWatchitSimpleGestures2013,
     keywords = {fleeting},
	title = {Watchit: Simple Gestures and Eyes-Free Interaction for Wristwatches and Bracelets},
	shorttitle = {Watchit},
	booktitle = {Proceedings of the {{SIGCHI Conference}} on {{Human Factors}} in {{Computing Systems}}},
	author = {Perrault, Simon T. and Lecolinet, Eric and Eagan, James and Guiard, Yves},
	year = 2013,
	month = apr,
	pages = {1451--1460},
	publisher = {ACM},
	address = {Paris France},
	doi = {10.1145/2470654.2466192},
	urldate = {2024-09-13},
	isbn = {978-1-4503-1899-0},
	langid = {english},
}
@inproceedings{pfeifferCruiseControlPedestrians2015,
     keywords = {fleeting},
	title = {Cruise {{Control}} for {{Pedestrians}}: {{Controlling Walking Direction}} Using {{Electrical Muscle Stimulation}}},
	shorttitle = {Cruise {{Control}} for {{Pedestrians}}},
	booktitle = {Proceedings of the 33rd {{Annual ACM Conference}} on {{Human Factors}} in {{Computing Systems}}},
	author = {Pfeiffer, Max and D{\"u}nte, Tim and Schneegass, Stefan and Alt, Florian and Rohs, Michael},
	year = 2015,
	month = apr,
	pages = {2505--2514},
	publisher = {ACM},
	address = {Seoul Republic of Korea},
	doi = {10.1145/2702123.2702190},
	urldate = {2024-09-13},
	isbn = {978-1-4503-3145-6},
	langid = {english}
}
@inproceedings{pierceInterfaceUserExploratory2018,
     keywords = {fleeting},
	title = {An {{Interface}} without {{A User}}: {{An Exploratory Design Study}} of {{Online Privacy Policies}} and {{Digital Legalese}}},
	shorttitle = {An {{Interface}} without {{A User}}},
	booktitle = {Proceedings of the 2018 {{Designing Interactive Systems Conference}}},
	author = {Pierce, James and Fox, Sarah and Merrill, Nick and Wong, Richmond and DiSalvo, Carl},
	year = 2018,
	month = jun,
	pages = {1345--1358},
	publisher = {ACM},
	address = {Hong Kong China},
	doi = {10.1145/3196709.3196818},
	urldate = {2024-09-13},
	isbn = {978-1-4503-5198-0},
	langid = {english},
}
@inproceedings{porfirioAuthoringVerifyingHumanRobot2018,
     keywords = {fleeting},
	title = {Authoring and {{Verifying Human-Robot Interactions}}},
	booktitle = {Proceedings of the 31st {{Annual ACM Symposium}} on {{User Interface Software}} and {{Technology}}},
	author = {Porfirio, David and Saupp{\'e}, Allison and Albarghouthi, Aws and Mutlu, Bilge},
	year = 2018,
	month = oct,
	pages = {75--86},
	publisher = {ACM},
	address = {Berlin Germany},
	doi = {10.1145/3242587.3242634},
	urldate = {2024-09-13},
	isbn = {978-1-4503-5948-1},
	langid = {english},
}
@inproceedings{prakashAutoDescFacilitatingConvenient2023,
     keywords = {fleeting},
	title = {{{AutoDesc}}: {{Facilitating Convenient Perusal}} of {{Web Data Items}} for {{Blind Users}}},
	shorttitle = {{AutoDesc}},
	booktitle = {Proceedings of the 28th {{International Conference}} on {{Intelligent User Interfaces}}},
	author = {Prakash, Yash and Sunkara, Mohan and Lee, Hae-Na and Jayarathna, Sampath and Ashok, Vikas},
	year = 2023,
	month = mar,
	pages = {32--45},
	publisher = {ACM},
	address = {Sydney NSW Australia},
	doi = {10.1145/3581641.3584049},
	urldate = {2024-09-13},
	isbn = 9798400701061,
	langid = {english},
}
@inproceedings{qianInferringMotionDirection2017a,
     keywords = {fleeting},
	title = {Inferring {{Motion Direction}} Using {{Commodity Wi-Fi}} for {{Interactive Exergames}}},
	booktitle = {Proceedings of the 2017 {{CHI Conference}} on {{Human Factors}} in {{Computing Systems}}},
	author = {Qian, Kun and Wu, Chenshu and Zhou, Zimu and Zheng, Yue and Yang, Zheng and Liu, Yunhao},
	year = 2017,
	month = may,
	pages = {1961--1972},
	publisher = {ACM},
	address = {Denver Colorado USA},
	doi = {10.1145/3025453.3025678},
	urldate = {2024-09-13},
	isbn = {978-1-4503-4655-9},
	langid = {english}
}
@inproceedings{qianScalARAuthoringSemantically2022,
     keywords = {fleeting},
	title = {{{ScalAR}}: {{Authoring Semantically Adaptive Augmented Reality Experiences}} in {{Virtual Reality}}},
	shorttitle = {{ScalAR}},
	booktitle = {{{CHI Conference}} on {{Human Factors}} in {{Computing Systems}}},
	author = {Qian, Xun and He, Fengming and Hu, Xiyun and Wang, Tianyi and Ipsita, Ananya and Ramani, Karthik},
	year = 2022,
	month = apr,
	pages = {1--18},
	publisher = {ACM},
	address = {New Orleans LA USA},
	doi = {10.1145/3491102.3517665},
	urldate = {2024-09-13},
	copyright = {http://www.acm.org/publications/policies/copyright\_policy\#Background},
	isbn = {978-1-4503-9157-3},
	langid = {english},
}
@inproceedings{rajanTaskLoadEstimation2016,
     keywords = {fleeting},
	title = {Task {{Load Estimation}} and {{Mediation Using Psycho-physiological Measures}}},
	booktitle = {Proceedings of the 21st {{International Conference}} on {{Intelligent User Interfaces}}},
	author = {Rajan, Rahul and Selker, Ted and Lane, Ian},
	year = 2016,
	month = mar,
	pages = {48--59},
	publisher = {ACM},
	address = {Sonoma California USA},
	doi = {10.1145/2856767.2856769},
	urldate = {2024-09-13},
	isbn = {978-1-4503-4137-0},
	langid = {english}
}
@article{rappExploringLivedExperience2023,
     keywords = {fleeting},
	title = {Exploring the {{Lived Experience}} of {{Behavior Change Technologies}}: {{Towards}} an {{Existential Model}} of {{Behavior Change}} for {{HCI}}},
	shorttitle = {Exploring the {{Lived Experience}} of {{Behavior Change Technologies}}},
	author = {Rapp, Amon and Boldi, Arianna},
	year = 2023,
	month = dec,
	journal = {ACM Transactions on Computer-Human Interaction},
	volume = 30,
	number = 6,
	pages = {1--50},
	issn = {1073-0516, 1557-7325},
	doi = {10.1145/3603497},
	urldate = {2024-09-13},
	langid = {english},
}
@article{reichertsItsGoodTalk2022,
     keywords = {fleeting},
	title = {It's {{Good}} to {{Talk}}: {{A Comparison}} of {{Using Voice Versus Screen-Based Interactions}} for {{Agent-Assisted Tasks}}},
	shorttitle = {It's {{Good}} to {{Talk}}},
	author = {Reicherts, Leon and Rogers, Yvonne and Capra, Licia and Wood, Ethan and Duong, Tu Dinh and Sebire, Neil},
	year = 2022,
	month = jun,
	journal = {ACM Transactions on Computer-Human Interaction},
	volume = 29,
	number = 3,
	pages = {1--41},
	issn = {1073-0516, 1557-7325},
	doi = {10.1145/3484221},
	urldate = {2024-09-13},
	langid = {english},
}
@inproceedings{retelnyExpertCrowdsourcingFlash2014,
     keywords = {fleeting},
	title = {Expert Crowdsourcing with Flash Teams},
	booktitle = {Proceedings of the 27th Annual {{ACM}} Symposium on {{User}} Interface Software and Technology},
	author = {Retelny, Daniela and Robaszkiewicz, S{\'e}bastien and To, Alexandra and Lasecki, Walter S. and Patel, Jay and Rahmati, Negar and Doshi, Tulsee and Valentine, Melissa and Bernstein, Michael S.},
	year = 2014,
	month = oct,
	pages = {75--85},
	publisher = {ACM},
	address = {Honolulu Hawaii USA},
	doi = {10.1145/2642918.2647409},
	urldate = {2024-09-13},
	isbn = {978-1-4503-3069-5},
	langid = {english}
}
@inproceedings{richardsmaldonadoReaderQuizzerAugmentingResearch2023a,
     keywords = {fleeting},
	title = {{{ReaderQuizzer}}: {{Augmenting Research Papers}} with {{Just-In-Time Learning Questions}} to {{Facilitate Deeper Understanding}}},
	shorttitle = {{ReaderQuizzer}},
	booktitle = {Computer {{Supported Cooperative Work}} and {{Social Computing}}},
	author = {Richards Maldonado, Liam and Abouzied, Azza and Gleason, Nancy W.},
	year = 2023,
	month = oct,
	pages = {391--394},
	publisher = {ACM},
	address = {Minneapolis MN USA},
	doi = {10.1145/3584931.3607494},
	urldate = {2024-09-13},
	isbn = 9798400701290,
	langid = {english}
}
@article{roffarelloAchievingDigitalWellbeing2023,
     keywords = {fleeting},
	title = {Achieving {{Digital Wellbeing Through Digital Self-control Tools}}: {{A Systematic Review}} and {{Meta-analysis}}},
	shorttitle = {Achieving {{Digital Wellbeing Through Digital Self-control Tools}}},
	author = {Roffarello, Alberto Monge and De Russis, Luigi},
	year = 2023,
	month = aug,
	journal = {ACM Transactions on Computer-Human Interaction},
	volume = 30,
	number = 4,
	pages = {1--66},
	issn = {1073-0516, 1557-7325},
	doi = {10.1145/3571810},
	urldate = {2024-09-13},
	langid = {english},
}
@article{ruanComparingSpeechKeyboard2018,
     keywords = {fleeting},
	title = {Comparing {{Speech}} and {{Keyboard Text Entry}} for {{Short Messages}} in {{Two Languages}} on {{Touchscreen Phones}}},
	author = {Ruan, Sherry and Wobbrock, Jacob O. and Liou, Kenny and Ng, Andrew and Landay, James A.},
	year = 2018,
	month = jan,
	journal = {Proceedings of the ACM on Interactive, Mobile, Wearable and Ubiquitous Technologies},
	volume = 1,
	number = 4,
	pages = {1--23},
	issn = {2474-9567},
	doi = {10.1145/3161187},
	urldate = {2024-09-13},
	langid = {english},
}
@article{sahaLanguageLGBTQMinority2019,
     keywords = {fleeting},
	title = {The {{Language}} of {{LGBTQ}}+ {{Minority Stress Experiences}} on {{Social Media}}},
	author = {Saha, Koustuv and Kim, Sang Chan and Reddy, Manikanta D. and Carter, Albert J. and Sharma, Eva and Haimson, Oliver L. and De Choudhury, Munmun},
	year = 2019,
	month = nov,
	journal = {Proceedings of the ACM on Human-Computer Interaction},
	volume = 3,
	number = {CSCW},
	pages = {1--22},
	issn = {2573-0142},
	doi = {10.1145/3361108},
	urldate = {2024-09-13},
	langid = {english},
}
@inproceedings{sanchesMindBodyDesigning2010a,
     keywords = {fleeting},
	title = {Mind the Body!: Designing a Mobile Stress Management Application Encouraging Personal Reflection},
	shorttitle = {Mind the Body!},
	booktitle = {Proceedings of the 8th {{ACM Conference}} on {{Designing Interactive Systems}}},
	author = {Sanches, Pedro and H{\"o}{\"o}k, Kristina and Vaara, Elsa and Weymann, Claus and Bylund, Markus and Ferreira, Pedro and Peira, Nathalie and Sj{\"o}linder, Marie},
	year = 2010,
	month = aug,
	pages = {47--56},
	publisher = {ACM},
	address = {Aarhus Denmark},
	doi = {10.1145/1858171.1858182},
	urldate = {2024-09-13},
	isbn = {978-1-4503-0103-9},
	langid = {english}
}
@article{satriadiMapsMe3D2020,
     keywords = {fleeting},
	title = {Maps {{Around Me}}: {{3D Multiview Layouts}} in {{Immersive Spaces}}},
	shorttitle = {Maps {{Around Me}}},
	author = {Satriadi, Kadek Ananta and Ens, Barrett and Cordeil, Maxime and Czauderna, Tobias and Jenny, Bernhard},
	year = 2020,
	month = nov,
	journal = {Proceedings of the ACM on Human-Computer Interaction},
	volume = 4,
	number = {ISS},
	pages = {1--20},
	issn = {2573-0142},
	doi = {10.1145/3427329},
	urldate = {2024-09-13},
	langid = {english}
}
@article{scheuermanHowComputersSee2019,
     keywords = {fleeting},
	title = {How {{Computers See Gender}}: {{An Evaluation}} of {{Gender Classification}} in {{Commercial Facial Analysis Services}}},
	shorttitle = {How {{Computers See Gender}}},
	author = {Scheuerman, Morgan Klaus and Paul, Jacob M. and Brubaker, Jed R.},
	year = 2019,
	month = nov,
	journal = {Proceedings of the ACM on Human-Computer Interaction},
	volume = 3,
	number = {CSCW},
	pages = {1--33},
	issn = {2573-0142},
	doi = {10.1145/3359246},
	urldate = {2024-09-13},
	langid = {english},
}
@article{scheuermanHowWeveTaught2020,
     keywords = {fleeting},
	title = {How {{We}}'ve {{Taught Algorithms}} to {{See Identity}}: {{Constructing Race}} and {{Gender}} in {{Image Databases}} for {{Facial Analysis}}},
	shorttitle = {How {{We}}'ve {{Taught Algorithms}} to {{See Identity}}},
	author = {Scheuerman, Morgan Klaus and Wade, Kandrea and Lustig, Caitlin and Brubaker, Jed R.},
	year = 2020,
	month = may,
	journal = {Proceedings of the ACM on Human-Computer Interaction},
	volume = 4,
	number = {CSCW1},
	pages = {1--35},
	issn = {2573-0142},
	doi = {10.1145/3392866},
	urldate = {2024-09-13},
	langid = {english}
}
@article{scheuermanSafeSpacesSafe2018a,
     keywords = {fleeting},
	title = {Safe {{Spaces}} and {{Safe Places}}: {{Unpacking Technology-Mediated Experiences}} of {{Safety}} and {{Harm}} with {{Transgender People}}},
	shorttitle = {Safe {{Spaces}} and {{Safe Places}}},
	author = {Scheuerman, Morgan Klaus and Branham, Stacy M. and Hamidi, Foad},
	year = 2018,
	month = nov,
	journal = {Proceedings of the ACM on Human-Computer Interaction},
	volume = 2,
	number = {CSCW},
	pages = {1--27},
	issn = {2573-0142},
	doi = {10.1145/3274424},
	urldate = {2024-09-13},
	langid = {english}
}
@inproceedings{schlesingerLetsTalkRace2018,
     keywords = {fleeting},
	title = {Let's {{Talk About Race}}: {{Identity}}, {{Chatbots}}, and {{AI}}},
	shorttitle = {Let's {{Talk About Race}}},
	booktitle = {Proceedings of the 2018 {{CHI Conference}} on {{Human Factors}} in {{Computing Systems}}},
	author = {Schlesinger, Ari and O'Hara, Kenton P. and Taylor, Alex S.},
	year = 2018,
	month = apr,
	pages = {1--14},
	publisher = {ACM},
	address = {Montreal QC Canada},
	doi = {10.1145/3173574.3173889},
	urldate = {2024-09-13},
	isbn = {978-1-4503-5620-6},
	langid = {english},
}
@inproceedings{schmidtCrossdeviceInteractionStyle2012a,
     keywords = {fleeting},
	title = {A Cross-Device Interaction Style for Mobiles and Surfaces},
	booktitle = {Proceedings of the {{Designing Interactive Systems Conference}}},
	author = {Schmidt, Dominik and Seifert, Julian and Rukzio, Enrico and Gellersen, Hans},
	year = 2012,
	month = jun,
	pages = {318--327},
	publisher = {ACM},
	address = {Newcastle Upon Tyne United Kingdom},
	doi = {10.1145/2317956.2318005},
	urldate = {2024-09-13},
	isbn = {978-1-4503-1210-3},
	langid = {english},
}
@inproceedings{schoenebeckGivingTwitterLent2014,
     keywords = {fleeting},
	title = {Giving up {{Twitter}} for {{Lent}}: How and Why We Take Breaks from Social Media},
	shorttitle = {Giving up {{Twitter}} for {{Lent}}},
	booktitle = {Proceedings of the {{SIGCHI Conference}} on {{Human Factors}} in {{Computing Systems}}},
	author = {Schoenebeck, Sarita Yardi},
	year = 2014,
	month = apr,
	pages = {773--782},
	publisher = {ACM},
	address = {Toronto Ontario Canada},
	doi = {10.1145/2556288.2556983},
	urldate = {2024-09-13},
	isbn = {978-1-4503-2473-1},
	langid = {english}
}
@article{schrillsHowUsersExperience2023,
     keywords = {fleeting},
	title = {How {{Do Users Experience Traceability}} of {{AI Systems}}? {{Examining Subjective Information Processing Awareness}} in {{Automated Insulin Delivery}} ({{AID}}) {{Systems}}},
	shorttitle = {How {{Do Users Experience Traceability}} of {{AI Systems}}?},
	author = {Schrills, Tim and Franke, Thomas},
	year = 2023,
	month = dec,
	journal = {ACM Transactions on Interactive Intelligent Systems},
	volume = 13,
	number = 4,
	pages = {1--34},
	issn = {2160-6455, 2160-6463},
	doi = {10.1145/3588594},
	urldate = {2024-09-13},
	langid = {english},
}
@inproceedings{schroederPocketSkillsConversational2018,
     keywords = {fleeting},
	title = {Pocket {{Skills}}: {{A Conversational Mobile Web App To Support Dialectical Behavioral Therapy}}},
	shorttitle = {Pocket {{Skills}}},
	booktitle = {Proceedings of the 2018 {{CHI Conference}} on {{Human Factors}} in {{Computing Systems}}},
	author = {Schroeder, Jessica and Wilkes, Chelsey and Rowan, Kael and Toledo, Arturo and Paradiso, Ann and Czerwinski, Mary and Mark, Gloria and Linehan, Marsha M.},
	year = 2018,
	month = apr,
	pages = {1--15},
	publisher = {ACM},
	address = {Montreal QC Canada},
	doi = {10.1145/3173574.3173972},
	urldate = {2024-09-13},
	isbn = {978-1-4503-5620-6},
	langid = {english}
}
@article{schweikardtSUSTAINABLYOURSUserCentered2009,
     keywords = {fleeting},
	title = {{{SUSTAINABLY OURSUser}} Centered Is off Center},
	author = {Schweikardt, Eric},
	year = 2009,
	month = may,
	journal = {Interactions},
	volume = 16,
	number = 3,
	pages = {12--15},
	issn = {1072-5520, 1558-3449},
	doi = {10.1145/1516016.1516019},
	urldate = {2024-09-13},
	langid = {english}
}
@article{seboRobotsGroupsTeams2020,
     keywords = {fleeting},
	title = {Robots in {{Groups}} and {{Teams}}: {{A Literature Review}}},
	shorttitle = {Robots in {{Groups}} and {{Teams}}},
	author = {Sebo, Sarah and Stoll, Brett and Scassellati, Brian and Jung, Malte F.},
	year = 2020,
	month = oct,
	journal = {Proceedings of the ACM on Human-Computer Interaction},
	volume = 4,
	number = {CSCW2},
	pages = {1--36},
	issn = {2573-0142},
	doi = {10.1145/3415247},
	urldate = {2024-09-13},
	langid = {english},
}
@inproceedings{shiMarkitTalkitLowBarrier2017,
     keywords = {fleeting},
	title = {Markit and {{Talkit}}: {{A Low-Barrier Toolkit}} to {{Augment 3D Printed Models}} with {{Audio Annotations}}},
	shorttitle = {Markit and {{Talkit}}},
	booktitle = {Proceedings of the 30th {{Annual ACM Symposium}} on {{User Interface Software}} and {{Technology}}},
	author = {Shi, Lei and Zhao, Yuhang and Azenkot, Shiri},
	year = 2017,
	month = oct,
	pages = {493--506},
	publisher = {ACM},
	address = {Qu{\'e}bec City QC Canada},
	doi = {10.1145/3126594.3126650},
	urldate = {2024-09-13},
	isbn = {978-1-4503-4981-9},
	langid = {english}
}
@inproceedings{silvaVehicleDriverRecognition2012a,
     keywords = {fleeting},
	title = {In-Vehicle Driver Recognition Based on Hand {{ECG}} Signals},
	booktitle = {Proceedings of the 2012 {{ACM}} International Conference on {{Intelligent User Interfaces}}},
	author = {Silva, Hugo and Louren{\c c}o, Andr{\'e} and Fred, Ana},
	year = 2012,
	month = feb,
	pages = {25--28},
	publisher = {ACM},
	address = {Lisbon Portugal},
	doi = {10.1145/2166966.2166971},
	urldate = {2024-09-13},
	isbn = {978-1-4503-1048-2},
	langid = {english}
}
@article{sodenInformatingCrisisExpanding2018,
     keywords = {fleeting},
	title = {Informating {{Crisis}}: {{Expanding Critical Perspectives}} in {{Crisis Informatics}}},
	shorttitle = {Informating {{Crisis}}},
	author = {Soden, Robert and Palen, Leysia},
	year = 2018,
	month = nov,
	journal = {Proceedings of the ACM on Human-Computer Interaction},
	volume = 2,
	number = {CSCW},
	pages = {1--22},
	issn = {2573-0142},
	doi = {10.1145/3274431},
	urldate = {2024-09-13},
	langid = {english},
}
@inproceedings{sohnDiaryStudyMobile2008,
     keywords = {fleeting},
	title = {A Diary Study of Mobile Information Needs},
	booktitle = {Proceedings of the {{SIGCHI Conference}} on {{Human Factors}} in {{Computing Systems}}},
	author = {Sohn, Timothy and Li, Kevin A. and Griswold, William G. and Hollan, James D.},
	year = 2008,
	month = apr,
	pages = {433--442},
	publisher = {ACM},
	address = {Florence Italy},
	doi = {10.1145/1357054.1357125},
	urldate = {2024-09-13},
	isbn = {978-1-60558-011-1},
	langid = {english},
}
@inproceedings{steichenUseradaptiveInformationVisualization2013,
     keywords = {fleeting},
	title = {User-Adaptive Information Visualization: Using Eye Gaze Data to Infer Visualization Tasks and User Cognitive Abilities},
	shorttitle = {User-Adaptive Information Visualization},
	booktitle = {Proceedings of the 2013 International Conference on {{Intelligent}} User Interfaces},
	author = {Steichen, Ben and Carenini, Giuseppe and Conati, Cristina},
	year = 2013,
	month = mar,
	pages = {317--328},
	publisher = {ACM},
	address = {Santa Monica California USA},
	doi = {10.1145/2449396.2449439},
	urldate = {2024-09-13},
	isbn = {978-1-4503-1965-2},
	langid = {english}
}
@inproceedings{steimleFlexpadHighlyFlexible2013,
     keywords = {fleeting},
	title = {Flexpad: Highly Flexible Bending Interactions for Projected Handheld Displays},
	shorttitle = {Flexpad},
	booktitle = {Proceedings of the {{SIGCHI Conference}} on {{Human Factors}} in {{Computing Systems}}},
	author = {Steimle, J{\"u}rgen and Jordt, Andreas and Maes, Pattie},
	year = 2013,
	month = apr,
	pages = {237--246},
	publisher = {ACM},
	address = {Paris France},
	doi = {10.1145/2470654.2470688},
	urldate = {2024-09-13},
	isbn = {978-1-4503-1899-0},
	langid = {english}
}
@inproceedings{stewartCharacteristicsPressurebasedInput2010a,
     keywords = {fleeting},
	title = {Characteristics of Pressure-Based Input for Mobile Devices},
	booktitle = {Proceedings of the {{SIGCHI Conference}} on {{Human Factors}} in {{Computing Systems}}},
	author = {Stewart, Craig and Rohs, Michael and Kratz, Sven and Essl, Georg},
	year = 2010,
	month = apr,
	pages = {801--810},
	publisher = {ACM},
	address = {Atlanta Georgia USA},
	doi = {10.1145/1753326.1753444},
	urldate = {2024-09-13},
	isbn = {978-1-60558-929-9},
	langid = {english}
}
@inproceedings{streliHOOVHandOutView2023,
     keywords = {fleeting},
	title = {{{HOOV}}: {{Hand Out-Of-View Tracking}} for {{Proprioceptive Interaction}} Using {{Inertial Sensing}}},
	shorttitle = {{HOOV}},
	booktitle = {Proceedings of the 2023 {{CHI Conference}} on {{Human Factors}} in {{Computing Systems}}},
	author = {Streli, Paul and Armani, Rayan and Cheng, Yi Fei and Holz, Christian},
	year = 2023,
	month = apr,
	pages = {1--16},
	publisher = {ACM},
	address = {Hamburg Germany},
	doi = {10.1145/3544548.3581468},
	urldate = {2024-09-13},
	isbn = {978-1-4503-9421-5},
	langid = {english},
}
@inproceedings{strohmayerTechnologiesSocialJustice2019,
     keywords = {fleeting},
	title = {Technologies for {{Social Justice}}: {{Lessons}} from {{Sex Workers}} on the {{Front Lines}}},
	shorttitle = {Technologies for {{Social Justice}}},
	booktitle = {Proceedings of the 2019 {{CHI Conference}} on {{Human Factors}} in {{Computing Systems}}},
	author = {Strohmayer, Angelika and Clamen, Jenn and Laing, Mary},
	year = 2019,
	month = may,
	pages = {1--14},
	publisher = {ACM},
	address = {Glasgow Scotland Uk},
	doi = {10.1145/3290605.3300882},
	urldate = {2024-09-13},
	isbn = {978-1-4503-5970-2},
	langid = {english},
}
@inproceedings{suDesigningNomadicWork2008a,
     keywords = {fleeting},
	title = {Designing for Nomadic Work},
	booktitle = {Proceedings of the 7th {{ACM}} Conference on {{Designing}} Interactive Systems},
	author = {Su, Norman Makoto and Mark, Gloria},
	year = 2008,
	month = feb,
	pages = {305--314},
	publisher = {ACM},
	address = {Cape Town South Africa},
	doi = {10.1145/1394445.1394478},
	urldate = {2024-09-13},
	isbn = {978-1-60558-002-9},
	langid = {english}
}
@inproceedings{suhAISocialGlue2021,
     keywords = {fleeting},
	title = {{{AI}} as {{Social Glue}}: {{Uncovering}} the {{Roles}} of {{Deep Generative AI}} during {{Social Music Composition}}},
	shorttitle = {{{AI}} as {{Social Glue}}},
	booktitle = {Proceedings of the 2021 {{CHI Conference}} on {{Human Factors}} in {{Computing Systems}}},
	author = {Suh, Minhyang (Mia) and Youngblom, Emily and Terry, Michael and Cai, Carrie J},
	year = 2021,
	month = may,
	pages = {1--11},
	publisher = {ACM},
	address = {Yokohama Japan},
	doi = {10.1145/3411764.3445219},
	urldate = {2024-09-13},
	isbn = {978-1-4503-8096-6},
	langid = {english},
}
@inproceedings{suhSensecapeEnablingMultilevel2023,
     keywords = {fleeting},
	title = {Sensecape: {{Enabling Multilevel Exploration}} and {{Sensemaking}} with {{Large Language Models}}},
	shorttitle = {Sensecape},
	booktitle = {Proceedings of the 36th {{Annual ACM Symposium}} on {{User Interface Software}} and {{Technology}}},
	author = {Suh, Sangho and Min, Bryan and Palani, Srishti and Xia, Haijun},
	year = 2023,
	month = oct,
	pages = {1--18},
	publisher = {ACM},
	address = {San Francisco CA USA},
	doi = {10.1145/3586183.3606756},
	urldate = {2024-09-13},
	isbn = 9798400701320,
	langid = {english},
}
@inproceedings{sunInvestigatingExplainabilityGenerative2022,
     keywords = {fleeting},
	title = {Investigating {{Explainability}} of {{Generative AI}} for {{Code}} through {{Scenario-based Design}}},
	booktitle = {27th {{International Conference}} on {{Intelligent User Interfaces}}},
	author = {Sun, Jiao and Liao, Q. Vera and Muller, Michael and Agarwal, Mayank and Houde, Stephanie and Talamadupula, Kartik and Weisz, Justin D.},
	year = 2022,
	month = mar,
	pages = {212--228},
	publisher = {ACM},
	address = {Helsinki Finland},
	doi = {10.1145/3490099.3511119},
	urldate = {2024-09-13},
	isbn = {978-1-4503-9144-3},
	langid = {english},
}
@inproceedings{suraleTabletInVRExploringDesign2019a,
     keywords = {fleeting},
	title = {{{TabletInVR}}: {{Exploring}} the {{Design Space}} for {{Using}} a {{Multi-Touch Tablet}} in {{Virtual Reality}}},
	shorttitle = {{TabletInVR}},
	booktitle = {Proceedings of the 2019 {{CHI Conference}} on {{Human Factors}} in {{Computing Systems}}},
	author = {Surale, Hemant Bhaskar and Gupta, Aakar and Hancock, Mark and Vogel, Daniel},
	year = 2019,
	month = may,
	pages = {1--13},
	publisher = {ACM},
	address = {Glasgow Scotland Uk},
	doi = {10.1145/3290605.3300243},
	urldate = {2024-09-13},
	isbn = {978-1-4503-5970-2},
	langid = {english}
}
@article{sutherlandGigEconomyInformation2017,
     keywords = {fleeting},
	title = {The {{Gig Economy}} and {{Information Infrastructure}}: {{The Case}} of the {{Digital Nomad Community}}},
	shorttitle = {The {{Gig Economy}} and {{Information Infrastructure}}},
	author = {Sutherland, Will and Jarrahi, Mohammad Hossein},
	year = 2017,
	month = dec,
	journal = {Proceedings of the ACM on Human-Computer Interaction},
	volume = 1,
	number = {CSCW},
	pages = {1--24},
	issn = {2573-0142},
	doi = {10.1145/3134732},
	urldate = {2024-09-13},
	langid = {english}
}
@inproceedings{suzukiAugmentedRealityRobotics2022,
     keywords = {fleeting},
	title = {Augmented {{Reality}} and {{Robotics}}: {{A Survey}} and {{Taxonomy}} for {{AR-enhanced Human-Robot Interaction}} and {{Robotic Interfaces}}},
	shorttitle = {Augmented {{Reality}} and {{Robotics}}},
	booktitle = {{{CHI Conference}} on {{Human Factors}} in {{Computing Systems}}},
	author = {Suzuki, Ryo and Karim, Adnan and Xia, Tian and Hedayati, Hooman and Marquardt, Nicolai},
	year = 2022,
	month = apr,
	pages = {1--33},
	publisher = {ACM},
	address = {New Orleans LA USA},
	doi = {10.1145/3491102.3517719},
	urldate = {2024-09-13},
	isbn = {978-1-4503-9157-3},
	langid = {english},
}
@inproceedings{suzukiShapeBotsShapechangingSwarm2019,
     keywords = {fleeting},
	title = {{{ShapeBots}}: {{Shape-changing Swarm Robots}}},
	shorttitle = {{ShapeBots}},
	booktitle = {Proceedings of the 32nd {{Annual ACM Symposium}} on {{User Interface Software}} and {{Technology}}},
	author = {Suzuki, Ryo and Zheng, Clement and Kakehi, Yasuaki and Yeh, Tom and Do, Ellen Yi-Luen and Gross, Mark D. and Leithinger, Daniel},
	year = 2019,
	month = oct,
	pages = {493--505},
	publisher = {ACM},
	address = {New Orleans LA USA},
	doi = {10.1145/3332165.3347911},
	urldate = {2024-09-13},
	isbn = {978-1-4503-6816-2},
	langid = {english},
}
@inproceedings{teibrichPatchingPhysicalObjects2015,
     keywords = {fleeting},
	title = {Patching {{Physical Objects}}},
	booktitle = {Proceedings of the 28th {{Annual ACM Symposium}} on {{User Interface Software}} \& {{Technology}}},
	author = {Teibrich, Alexander and Mueller, Stefanie and Guimbreti{\`e}re, Fran{\c c}ois and Kovacs, Robert and Neubert, Stefan and Baudisch, Patrick},
	year = 2015,
	month = nov,
	pages = {83--91},
	publisher = {ACM},
	address = {Charlotte NC USA},
	doi = {10.1145/2807442.2807467},
	urldate = {2024-09-13},
	isbn = {978-1-4503-3779-3},
	langid = {english}
}
@inproceedings{tolmieThisHasBe2016,
     keywords = {fleeting},
	title = {``{{This}} Has to Be the Cats'': {{Personal Data Legibility}} in {{Networked Sensing Systems}}},
	shorttitle = {``{{This}} Has to Be the Cats''},
	booktitle = {Proceedings of the 19th {{ACM Conference}} on {{Computer-Supported Cooperative Work}} \& {{Social Computing}}},
	author = {Tolmie, Peter and Crabtree, Andy and Rodden, Tom and Colley, James and Luger, Ewa},
	year = 2016,
	month = feb,
	pages = {491--502},
	publisher = {ACM},
	address = {San Francisco California USA},
	doi = {10.1145/2818048.2819992},
	urldate = {2024-09-13},
	isbn = {978-1-4503-3592-8},
	langid = {english},
}
@article{toTheyJustDont2020,
     keywords = {fleeting},
	title = {"{{They Just Don}}'t {{Get It}}": {{Towards Social Technologies}} for {{Coping}} with {{Interpersonal Racism}}},
	shorttitle = {"{{They Just Don}}'t {{Get It}}"},
	author = {To, Alexandra and Sweeney, Wenxia and Hammer, Jessica and Kaufman, Geoff},
	year = 2020,
	month = may,
	journal = {Proceedings of the ACM on Human-Computer Interaction},
	volume = 4,
	number = {CSCW1},
	pages = {1--29},
	issn = {2573-0142},
	doi = {10.1145/3392828},
	urldate = {2024-09-13},
	langid = {english},
}
@inproceedings{trajkovaAlexaToyExploring2020,
     keywords = {fleeting},
	title = {"{{Alexa}} Is a {{Toy}}": {{Exploring Older Adults}}' {{Reasons}} for {{Using}}, {{Limiting}}, and {{Abandoning Echo}}},
	shorttitle = {"{{Alexa}} Is a {{Toy}}"},
	booktitle = {Proceedings of the 2020 {{CHI Conference}} on {{Human Factors}} in {{Computing Systems}}},
	author = {Trajkova, Milka and {Martin-Hammond}, Aqueasha},
	year = 2020,
	month = apr,
	pages = {1--13},
	publisher = {ACM},
	address = {Honolulu HI USA},
	doi = {10.1145/3313831.3376760},
	urldate = {2024-09-13},
	isbn = {978-1-4503-6708-0},
	langid = {english},
}
@article{trujilloMakeRedditGreat2022,
     keywords = {fleeting},
	title = {Make {{Reddit Great Again}}: {{Assessing Community Effects}} of {{Moderation Interventions}} on r/{{The}}\_{{Donald}}},
	shorttitle = {Make {{Reddit Great Again}}},
	author = {Trujillo, Amaury and Cresci, Stefano},
	year = 2022,
	month = nov,
	journal = {Proceedings of the ACM on Human-Computer Interaction},
	volume = 6,
	number = {CSCW2},
	pages = {1--28},
	issn = {2573-0142},
	doi = {10.1145/3555639},
	urldate = {2024-09-13},
	langid = {english},
}
@inproceedings{tsaknakiExpandingWabiSabiDesign2016a,
     keywords = {fleeting},
	title = {Expanding on {{Wabi-Sabi}} as a {{Design Resource}} in {{HCI}}},
	booktitle = {Proceedings of the 2016 {{CHI Conference}} on {{Human Factors}} in {{Computing Systems}}},
	author = {Tsaknaki, Vasiliki and Fernaeus, Ylva},
	year = 2016,
	month = may,
	pages = {5970--5983},
	publisher = {ACM},
	address = {San Jose California USA},
	doi = {10.1145/2858036.2858459},
	urldate = {2024-09-13},
	isbn = {978-1-4503-3362-7},
	langid = {english},
}
@inproceedings{tuddenhamGraspablesRevisitedMultitouch2010,
     keywords = {fleeting},
	title = {Graspables Revisited: Multi-Touch vs. Tangible Input for Tabletop Displays in Acquisition and Manipulation Tasks},
	shorttitle = {Graspables Revisited},
	booktitle = {Proceedings of the {{SIGCHI Conference}} on {{Human Factors}} in {{Computing Systems}}},
	author = {Tuddenham, Philip and Kirk, David and Izadi, Shahram},
	year = 2010,
	month = apr,
	pages = {2223--2232},
	publisher = {ACM},
	address = {Atlanta Georgia USA},
	doi = {10.1145/1753326.1753662},
	urldate = {2024-09-13},
	isbn = {978-1-60558-929-9},
	langid = {english}
}
@inproceedings{uhlTangibleImmersiveTrauma2023a,
     keywords = {fleeting},
	title = {Tangible {{Immersive Trauma Simulation}}: {{Is Mixed Reality}} the next Level of Medical Skills Training?},
	shorttitle = {Tangible {{Immersive Trauma Simulation}}},
	booktitle = {Proceedings of the 2023 {{CHI Conference}} on {{Human Factors}} in {{Computing Systems}}},
	author = {Uhl, Jakob Carl and {Schrom-Feiertag}, Helmut and Regal, Georg and Gallhuber, Katja and Tscheligi, Manfred},
	year = 2023,
	month = apr,
	pages = {1--17},
	publisher = {ACM},
	address = {Hamburg Germany},
	doi = {10.1145/3544548.3581292},
	urldate = {2024-09-13},
	isbn = {978-1-4503-9421-5},
	langid = {english},
}
@inproceedings{vaishTwitchCrowdsourcingCrowd2014,
     keywords = {fleeting},
	title = {Twitch Crowdsourcing: Crowd Contributions in Short Bursts of Time},
	shorttitle = {Twitch Crowdsourcing},
	booktitle = {Proceedings of the {{SIGCHI Conference}} on {{Human Factors}} in {{Computing Systems}}},
	author = {Vaish, Rajan and Wyngarden, Keith and Chen, Jingshu and Cheung, Brandon and Bernstein, Michael S.},
	year = 2014,
	month = apr,
	pages = {3645--3654},
	publisher = {ACM},
	address = {Toronto Ontario Canada},
	doi = {10.1145/2556288.2556996},
	urldate = {2024-09-13},
	isbn = {978-1-4503-2473-1},
	langid = {english}
}
@inproceedings{valentineFlashOrganizationsCrowdsourcing2017,
     keywords = {fleeting},
	title = {Flash {{Organizations}}: {{Crowdsourcing Complex Work}} by {{Structuring Crowds As Organizations}}},
	shorttitle = {Flash {{Organizations}}},
	booktitle = {Proceedings of the 2017 {{CHI Conference}} on {{Human Factors}} in {{Computing Systems}}},
	author = {Valentine, Melissa A. and Retelny, Daniela and To, Alexandra and Rahmati, Negar and Doshi, Tulsee and Bernstein, Michael S.},
	year = 2017,
	month = may,
	pages = {3523--3537},
	publisher = {ACM},
	address = {Denver Colorado USA},
	doi = {10.1145/3025453.3025811},
	urldate = {2024-09-13},
	isbn = {978-1-4503-4655-9},
	langid = {english},
}
@inproceedings{vazquez3DPrintingPneumatic2015a,
     keywords = {fleeting},
	title = {{{3D Printing Pneumatic Device Controls}} with {{Variable Activation Force Capabilities}}},
	booktitle = {Proceedings of the 33rd {{Annual ACM Conference}} on {{Human Factors}} in {{Computing Systems}}},
	author = {V{\'a}zquez, Marynel and Brockmeyer, Eric and Desai, Ruta and Harrison, Chris and Hudson, Scott E.},
	year = 2015,
	month = apr,
	pages = {1295--1304},
	publisher = {ACM},
	address = {Seoul Republic of Korea},
	doi = {10.1145/2702123.2702569},
	urldate = {2024-09-13},
	isbn = {978-1-4503-3145-6},
	langid = {english},
}
@inproceedings{vinesQuestionableConceptsCritique2012,
     keywords = {fleeting},
	title = {Questionable Concepts: Critique as Resource for Designing with Eighty Somethings},
	shorttitle = {Questionable Concepts},
	booktitle = {Proceedings of the {{SIGCHI Conference}} on {{Human Factors}} in {{Computing Systems}}},
	author = {Vines, John and Blythe, Mark and Lindsay, Stephen and Dunphy, Paul and Monk, Andrew and Olivier, Patrick},
	year = 2012,
	month = may,
	pages = {1169--1178},
	publisher = {ACM},
	address = {Austin Texas USA},
	doi = {10.1145/2207676.2208567},
	urldate = {2024-09-13},
	isbn = {978-1-4503-1015-4},
	langid = {english}
}
@inproceedings{vonsawitzkyHazardNotificationsCyclists2022,
     keywords = {fleeting},
	title = {Hazard {{Notifications}} for {{Cyclists}}: {{Comparison}} of {{Awareness Message Modalities}} in a {{Mixed Reality Study}}},
	shorttitle = {Hazard {{Notifications}} for {{Cyclists}}},
	booktitle = {27th {{International Conference}} on {{Intelligent User Interfaces}}},
	author = {Von Sawitzky, Tamara and Grauschopf, Thomas and Riener, Andreas},
	year = 2022,
	month = mar,
	pages = {310--322},
	publisher = {ACM},
	address = {Helsinki Finland},
	doi = {10.1145/3490099.3511127},
	urldate = {2024-09-13},
	isbn = {978-1-4503-9144-3},
	langid = {english}
}
@inproceedings{wangAutoDSHumanCenteredAutomation2021,
     keywords = {fleeting},
	title = {{{AutoDS}}: {{Towards Human-Centered Automation}} of {{Data Science}}},
	shorttitle = {{AutoDS}},
	booktitle = {Proceedings of the 2021 {{CHI Conference}} on {{Human Factors}} in {{Computing Systems}}},
	author = {Wang, Dakuo and Andres, Josh and Weisz, Justin D. and Oduor, Erick and Dugan, Casey},
	year = 2021,
	month = may,
	pages = {1--12},
	publisher = {ACM},
	address = {Yokohama Japan},
	doi = {10.1145/3411764.3445526},
	urldate = {2024-09-13},
	isbn = {978-1-4503-8096-6},
	langid = {english},
}
@inproceedings{wangCarNoteReducingMisunderstanding2017,
     keywords = {fleeting},
	title = {{{CarNote}}: {{Reducing Misunderstanding}} between {{Drivers}} by {{Digital Augmentation}}},
	shorttitle = {{CarNote}},
	booktitle = {Proceedings of the 22nd {{International Conference}} on {{Intelligent User Interfaces}}},
	author = {Wang, Chao and Terken, Jacques and Hu, Jun},
	year = 2017,
	month = mar,
	pages = {85--94},
	publisher = {ACM},
	address = {Limassol Cyprus},
	doi = {10.1145/3025171.3025214},
	urldate = {2024-09-13},
	isbn = {978-1-4503-4348-0},
	langid = {english}
}
@article{wangCASSBuildingSocialSupport2021,
     keywords = {fleeting},
	title = {{{CASS}}: {{Towards Building}} a {{Social-Support Chatbot}} for {{Online Health Community}}},
	shorttitle = {{CASS}},
	author = {Wang, Liuping and Wang, Dakuo and Tian, Feng and Peng, Zhenhui and Fan, Xiangmin and Zhang, Zhan and Yu, Mo and Ma, Xiaojuan and Wang, Hongan},
	year = 2021,
	month = apr,
	journal = {Proceedings of the ACM on Human-Computer Interaction},
	volume = 5,
	number = {CSCW1},
	pages = {1--31},
	issn = {2573-0142},
	doi = {10.1145/3449083},
	urldate = {2024-09-13},
	langid = {english},
}
@article{wangHumanAICollaborationData2019,
     keywords = {fleeting},
	title = {Human-{{AI Collaboration}} in {{Data Science}}: {{Exploring Data Scientists}}' {{Perceptions}} of {{Automated AI}}},
	shorttitle = {Human-{{AI Collaboration}} in {{Data Science}}},
	author = {Wang, Dakuo and Weisz, Justin D. and Muller, Michael and Ram, Parikshit and Geyer, Werner and Dugan, Casey and Tausczik, Yla and Samulowitz, Horst and Gray, Alexander},
	year = 2019,
	month = nov,
	journal = {Proceedings of the ACM on Human-Computer Interaction},
	volume = 3,
	number = {CSCW},
	pages = {1--24},
	issn = {2573-0142},
	doi = {10.1145/3359313},
	urldate = {2024-09-13},
	langid = {english},
}
@inproceedings{wangSeismoBloodPressure2018,
     keywords = {fleeting},
	title = {Seismo: {{Blood Pressure Monitoring}} Using {{Built-in Smartphone Accelerometer}} and {{Camera}}},
	shorttitle = {Seismo},
	booktitle = {Proceedings of the 2018 {{CHI Conference}} on {{Human Factors}} in {{Computing Systems}}},
	author = {Wang, Edward Jay and Zhu, Junyi and Jain, Mohit and Lee, Tien-Jui and Saba, Elliot and Nachman, Lama and Patel, Shwetak N.},
	year = 2018,
	month = apr,
	pages = {1--9},
	publisher = {ACM},
	address = {Montreal QC Canada},
	doi = {10.1145/3173574.3173999},
	urldate = {2024-09-13},
	isbn = {978-1-4503-5620-6},
	langid = {english}
}
@inproceedings{weibelPaperSketchPaperdigitalCollaborative2011,
     keywords = {fleeting},
	title = {{{PaperSketch}}: A Paper-Digital Collaborative Remote Sketching Tool},
	shorttitle = {{PaperSketch}},
	booktitle = {Proceedings of the 16th International Conference on {{Intelligent}} User Interfaces},
	author = {Weibel, Nadir and Signer, Beat and Norrie, Moira C. and Hofstetter, Hermann and Jetter, Hans-Christian and Reiterer, Harald},
	year = 2011,
	month = feb,
	pages = {155--164},
	publisher = {ACM},
	address = {Palo Alto CA USA},
	doi = {10.1145/1943403.1943428},
	urldate = {2024-09-13},
	isbn = {978-1-4503-0419-1},
	langid = {english},
}
@inproceedings{westQuantifiedPatientDoctors2016,
     keywords = {fleeting},
	title = {The {{Quantified Patient}} in the {{Doctor}}'s {{Office}}: {{Challenges}} \& {{Opportunities}}},
	shorttitle = {The {{Quantified Patient}} in the {{Doctor}}'s {{Office}}},
	booktitle = {Proceedings of the 2016 {{CHI Conference}} on {{Human Factors}} in {{Computing Systems}}},
	author = {West, Peter and Giordano, Richard and Van Kleek, Max and Shadbolt, Nigel},
	year = 2016,
	month = may,
	pages = {3066--3078},
	publisher = {ACM},
	address = {San Jose California USA},
	doi = {10.1145/2858036.2858445},
	urldate = {2024-09-13},
	isbn = {978-1-4503-3362-7},
	langid = {english},
}
@inproceedings{whitmireHapticRevolverTouch2018,
     keywords = {fleeting},
	title = {Haptic {{Revolver}}: {{Touch}}, {{Shear}}, {{Texture}}, and {{Shape Rendering}} on a {{Reconfigurable Virtual Reality Controller}}},
	shorttitle = {Haptic {{Revolver}}},
	booktitle = {Proceedings of the 2018 {{CHI Conference}} on {{Human Factors}} in {{Computing Systems}}},
	author = {Whitmire, Eric and Benko, Hrvoje and Holz, Christian and Ofek, Eyal and Sinclair, Mike},
	year = 2018,
	month = apr,
	pages = {1--12},
	publisher = {ACM},
	address = {Montreal QC Canada},
	doi = {10.1145/3173574.3173660},
	urldate = {2024-09-13},
	isbn = {978-1-4503-5620-6},
	langid = {english}
}
@article{whitneyCOVERSTORYTheCounterfeit2009,
     keywords = {fleeting},
	title = {{{COVER STORYThe}} Counterfeit You},
	author = {Whitney, Hunter},
	year = 2009,
	month = mar,
	journal = {Interactions},
	volume = 16,
	number = 2,
	pages = {37--40},
	issn = {1072-5520, 1558-3449},
	doi = {10.1145/1487632.1487641},
	urldate = {2024-09-13},
	langid = {english}
}
@article{wibergMaterialityMattersexperienceMaterials2013,
     keywords = {fleeting},
	title = {Materiality Matters---Experience Materials},
	author = {Wiberg, Mikael and Ishii, Hiroshi and Dourish, Paul and Vallg{\aa}rda, Anna and Kerridge, Tobie and Sundstr{\"o}m, Petra and Rosner, Daniela and Rolston, Mark},
	year = 2013,
	month = mar,
	journal = {Interactions},
	volume = 20,
	number = 2,
	pages = {54--57},
	issn = {1072-5520, 1558-3449},
	doi = {10.1145/2427076.2427087},
	urldate = {2024-09-13},
	langid = {english}
}
@inproceedings{willisPrintedOptics3D2012,
     keywords = {fleeting},
	title = {Printed Optics: {{3D}} Printing of Embedded Optical Elements for Interactive Devices},
	shorttitle = {Printed Optics},
	booktitle = {Proceedings of the 25th Annual {{ACM}} Symposium on {{User}} Interface Software and Technology},
	author = {Willis, Karl and Brockmeyer, Eric and Hudson, Scott and Poupyrev, Ivan},
	year = 2012,
	month = oct,
	pages = {589--598},
	publisher = {ACM},
	address = {Cambridge Massachusetts USA},
	doi = {10.1145/2380116.2380190},
	urldate = {2024-09-13},
	isbn = {978-1-4503-1580-7},
	langid = {english}
}
@inproceedings{willisSideBySideAdhocMultiuser2011,
     keywords = {fleeting},
	title = {{{SideBySide}}: Ad-Hoc Multi-User Interaction with Handheld Projectors},
	shorttitle = {{SideBySide}},
	booktitle = {Proceedings of the 24th Annual {{ACM}} Symposium on {{User}} Interface Software and Technology},
	author = {Willis, Karl D.D. and Poupyrev, Ivan and Hudson, Scott E. and Mahler, Moshe},
	year = 2011,
	month = oct,
	pages = {431--440},
	publisher = {ACM},
	address = {Santa Barbara California USA},
	doi = {10.1145/2047196.2047254},
	urldate = {2024-09-13},
	isbn = {978-1-4503-0716-1},
	langid = {english}
}
@inproceedings{wuAIChainsTransparent2022,
     keywords = {fleeting},
	title = {{{AI Chains}}: {{Transparent}} and {{Controllable Human-AI Interaction}} by {{Chaining Large Language Model Prompts}}},
	shorttitle = {{AI Chains}},
	booktitle = {{{CHI Conference}} on {{Human Factors}} in {{Computing Systems}}},
	author = {Wu, Tongshuang and Terry, Michael and Cai, Carrie Jun},
	year = 2022,
	month = apr,
	pages = {1--22},
	publisher = {ACM},
	address = {New Orleans LA USA},
	doi = {10.1145/3491102.3517582},
	urldate = {2024-09-13},
	isbn = {978-1-4503-9157-3},
	langid = {english},
}
@inproceedings{wuUnfabricateDesigningSmart2020,
     keywords = {fleeting},
	title = {Unfabricate: {{Designing Smart Textiles}} for {{Disassembly}}},
	shorttitle = {Unfabricate},
	booktitle = {Proceedings of the 2020 {{CHI Conference}} on {{Human Factors}} in {{Computing Systems}}},
	author = {Wu, Shanel and Devendorf, Laura},
	year = 2020,
	month = apr,
	pages = {1--14},
	publisher = {ACM},
	address = {Honolulu HI USA},
	doi = {10.1145/3313831.3376227},
	urldate = {2024-09-13},
	isbn = {978-1-4503-6708-0},
	langid = {english}
}
@inproceedings{xiaCrossTalkIntelligentSubstrates2023,
     keywords = {fleeting},
	title = {{{CrossTalk}}: {{Intelligent Substrates}} for {{Language-Oriented Interaction}} in {{Video-Based Communication}} and {{Collaboration}}},
	shorttitle = {{CrossTalk}},
	booktitle = {Proceedings of the 36th {{Annual ACM Symposium}} on {{User Interface Software}} and {{Technology}}},
	author = {Xia, Haijun and Wang, Tony and Gunturu, Aditya and Jiang, Peiling and Duan, William and Yao, Xiaoshuo},
	year = 2023,
	month = oct,
	pages = {1--16},
	publisher = {ACM},
	address = {San Francisco CA USA},
	doi = {10.1145/3586183.3606773},
	urldate = {2024-09-13},
	isbn = 9798400701320,
	langid = {english},
}
@inproceedings{xuEnablingHandGesture2022,
     keywords = {fleeting},
	title = {Enabling {{Hand Gesture Customization}} on {{Wrist-Worn Devices}}},
	booktitle = {{{CHI Conference}} on {{Human Factors}} in {{Computing Systems}}},
	author = {Xu, Xuhai and Gong, Jun and Brum, Carolina and Liang, Lilian and Suh, Bongsoo and Gupta, Shivam Kumar and Agarwal, Yash and Lindsey, Laurence and Kang, Runchang and Shahsavari, Behrooz and Nguyen, Tu and Nieto, Heriberto and Hudson, Scott E and Maalouf, Charlie and Mousavi, Jax Seyed and Laput, Gierad},
	year = 2022,
	month = apr,
	pages = {1--19},
	publisher = {ACM},
	address = {New Orleans LA USA},
	doi = {10.1145/3491102.3501904},
	urldate = {2024-09-13},
	isbn = {978-1-4503-9157-3},
	langid = {english},
}
@inproceedings{yanEnhancingAudienceEngagement2016a,
     keywords = {fleeting},
	title = {Enhancing {{Audience Engagement}} in {{Performing Arts Through}} an {{Adaptive Virtual Environment}} with a {{Brain-Computer Interface}}},
	booktitle = {Proceedings of the 21st {{International Conference}} on {{Intelligent User Interfaces}}},
	author = {Yan, Shuo and Ding, GangYi and Li, Hongsong and Sun, Ningxiao and Wu, Yufeng and Guan, Zheng and Zhang, Longfei and Huang, Tianyu},
	year = 2016,
	month = mar,
	pages = {306--316},
	publisher = {ACM},
	address = {Sonoma California USA},
	doi = {10.1145/2856767.2856768},
	urldate = {2024-09-13},
	isbn = {978-1-4503-4137-0},
	langid = {english}
}
@inproceedings{yangMakingSustainabilitySustainable2014,
     keywords = {fleeting},
	title = {Making Sustainability Sustainable: Challenges in the Design of Eco-Interaction Technologies},
	shorttitle = {Making Sustainability Sustainable},
	booktitle = {Proceedings of the {{SIGCHI Conference}} on {{Human Factors}} in {{Computing Systems}}},
	author = {Yang, Rayoung and Newman, Mark W. and Forlizzi, Jodi},
	year = 2014,
	month = apr,
	pages = {823--832},
	publisher = {ACM},
	address = {Toronto Ontario Canada},
	doi = {10.1145/2556288.2557380},
	urldate = {2024-09-13},
	isbn = {978-1-4503-2473-1},
	langid = {english}
}
@inproceedings{yangSimuLearnFastAccurate2020,
     keywords = {fleeting},
	title = {{{SimuLearn}}: {{Fast}} and {{Accurate Simulator}} to {{Support Morphing Materials Design}} and {{Workflows}}},
	shorttitle = {{SimuLearn}},
	booktitle = {Proceedings of the 33rd {{Annual ACM Symposium}} on {{User Interface Software}} and {{Technology}}},
	author = {Yang, Humphrey and Qian, Kuanren and Liu, Haolin and Yu, Yuxuan and Gu, Jianzhe and McGehee, Matthew and Zhang, Yongjie Jessica and Yao, Lining},
	year = 2020,
	month = oct,
	pages = {71--84},
	publisher = {ACM},
	address = {Virtual Event USA},
	doi = {10.1145/3379337.3415867},
	urldate = {2024-09-13},
	isbn = {978-1-4503-7514-6},
	langid = {english},
}
@inproceedings{yenVisibleHeartsVisible2018,
     keywords = {fleeting},
	title = {Visible {{Hearts}}, {{Visible Hands}}: {{A Smart Crowd Donation Platform}}},
	shorttitle = {Visible {{Hearts}}, {{Visible Hands}}},
	booktitle = {23rd {{International Conference}} on {{Intelligent User Interfaces}}},
	author = {Yen, Chi-Hsien and Lee, Yi-Chieh and Fu, Wai-Tat},
	year = 2018,
	month = mar,
	pages = {385--395},
	publisher = {ACM},
	address = {Tokyo Japan},
	doi = {10.1145/3172944.3172971},
	urldate = {2024-09-13},
	isbn = {978-1-4503-4945-1},
	langid = {english}
}
@inproceedings{yeoStickEarMakingEveryday2013a,
     keywords = {fleeting},
	title = {{{StickEar}}: Making Everyday Objects Respond to Sound},
	shorttitle = {{StickEar}},
	booktitle = {Proceedings of the 26th Annual {{ACM}} Symposium on {{User}} Interface Software and Technology},
	author = {Yeo, Kian Peen and Nanayakkara, Suranga and Ransiri, Shanaka},
	year = 2013,
	month = oct,
	pages = {221--226},
	publisher = {ACM},
	address = {St. Andrews Scotland, United Kingdom},
	doi = {10.1145/2501988.2502019},
	urldate = {2024-09-13},
	isbn = {978-1-4503-2268-3},
	langid = {english}
}
@inproceedings{zagalskyEmergenceGitHubCollaborative2015,
     keywords = {fleeting},
	title = {The {{Emergence}} of {{GitHub}} as a {{Collaborative Platform}} for {{Education}}},
	booktitle = {Proceedings of the 18th {{ACM Conference}} on {{Computer Supported Cooperative Work}} \& {{Social Computing}}},
	author = {Zagalsky, Alexey and Feliciano, Joseph and Storey, Margaret-Anne and Zhao, Yiyun and Wang, Weiliang},
	year = 2015,
	month = feb,
	pages = {1906--1917},
	publisher = {ACM},
	address = {Vancouver BC Canada},
	doi = {10.1145/2675133.2675284},
	urldate = {2024-09-13},
	isbn = {978-1-4503-2922-4},
	langid = {english}
}
@inproceedings{zhangAlgorithmicManagementReimagined2022,
     keywords = {fleeting},
	title = {Algorithmic {{Management Reimagined For Workers}} and {{By Workers}}: {{Centering Worker Well-Being}} in {{Gig Work}}},
	shorttitle = {Algorithmic {{Management Reimagined For Workers}} and {{By Workers}}},
	booktitle = {{{CHI Conference}} on {{Human Factors}} in {{Computing Systems}}},
	author = {Zhang, Angie and Boltz, Alexander and Wang, Chun Wei and Lee, Min Kyung},
	year = 2022,
	month = apr,
	pages = {1--20},
	publisher = {ACM},
	address = {New Orleans LA USA},
	doi = {10.1145/3491102.3501866},
	urldate = {2024-09-13},
	copyright = {http://www.acm.org/publications/policies/copyright\_policy\#Background},
	isbn = {978-1-4503-9157-3},
	langid = {english},
}
@article{zhangHowDataScience2020,
     keywords = {fleeting},
	title = {How Do {{Data Science Workers Collaborate}}? {{Roles}}, {{Workflows}}, and {{Tools}}},
	shorttitle = {How Do {{Data Science Workers Collaborate}}?},
	author = {Zhang, Amy X. and Muller, Michael and Wang, Dakuo},
	year = 2020,
	month = may,
	journal = {Proceedings of the ACM on Human-Computer Interaction},
	volume = 4,
	number = {CSCW1},
	pages = {1--23},
	issn = {2573-0142},
	doi = {10.1145/3392826},
	urldate = {2024-09-13},
	langid = {english},
}
@inproceedings{zhangSkinTrackUsingBody2016,
     keywords = {fleeting},
	title = {{{SkinTrack}}: {{Using}} the {{Body}} as an {{Electrical Waveguide}} for {{Continuous Finger Tracking}} on the {{Skin}}},
	shorttitle = {{SkinTrack}},
	booktitle = {Proceedings of the 2016 {{CHI Conference}} on {{Human Factors}} in {{Computing Systems}}},
	author = {Zhang, Yang and Zhou, Junhan and Laput, Gierad and Harrison, Chris},
	year = 2016,
	month = may,
	pages = {1491--1503},
	publisher = {ACM},
	address = {San Jose California USA},
	doi = {10.1145/2858036.2858082},
	urldate = {2024-09-13},
	isbn = {978-1-4503-3362-7},
	langid = {english}
}
@article{zhangSpeeChinSmartNecklace2021,
     keywords = {fleeting},
	title = {{{SpeeChin}}: {{A Smart Necklace}} for {{Silent Speech Recognition}}},
	shorttitle = {{SpeeChin}},
	author = {Zhang, Ruidong and Chen, Mingyang and Steeper, Benjamin and Li, Yaxuan and Yan, Zihan and Chen, Yizhuo and Tao, Songyun and Chen, Tuochao and Lim, Hyunchul and Zhang, Cheng},
	year = 2021,
	month = dec,
	journal = {Proceedings of the ACM on Interactive, Mobile, Wearable and Ubiquitous Technologies},
	volume = 5,
	number = 4,
	pages = {1--23},
	issn = {2474-9567},
	doi = {10.1145/3494987},
	urldate = {2024-09-13},
	langid = {english}
}
@inproceedings{zhangTomoWearableLowCost2015,
     keywords = {fleeting},
	title = {Tomo: {{Wearable}}, {{Low-Cost Electrical Impedance Tomography}} for {{Hand Gesture Recognition}}},
	shorttitle = {Tomo},
	booktitle = {Proceedings of the 28th {{Annual ACM Symposium}} on {{User Interface Software}} \& {{Technology}}},
	author = {Zhang, Yang and Harrison, Chris},
	year = 2015,
	month = nov,
	pages = {167--173},
	publisher = {ACM},
	address = {Charlotte NC USA},
	doi = {10.1145/2807442.2807480},
	urldate = {2024-09-13},
	isbn = {978-1-4503-3779-3},
	langid = {english}
}
@inproceedings{zhengTellingStoriesComputational2022,
     keywords = {fleeting},
	title = {Telling {{Stories}} from {{Computational Notebooks}}: {{AI-Assisted Presentation Slides Creation}} for {{Presenting Data Science Work}}},
	shorttitle = {Telling {{Stories}} from {{Computational Notebooks}}},
	booktitle = {{{CHI Conference}} on {{Human Factors}} in {{Computing Systems}}},
	author = {Zheng, Chengbo and Wang, Dakuo and Wang, April Yi and Ma, Xiaojuan},
	year = 2022,
	month = apr,
	pages = {1--20},
	publisher = {ACM},
	address = {New Orleans LA USA},
	doi = {10.1145/3491102.3517615},
	urldate = {2024-09-13},
	isbn = {978-1-4503-9157-3},
	langid = {english},
}
@inproceedings{zhouCyanochromicInterfaceAligning2023,
     keywords = {fleeting},
	title = {Cyano-Chromic {{Interface}}: {{Aligning Human-Microbe Temporalities Towards Noticing}} and {{Attending}} to {{Living Artefacts}}},
	shorttitle = {Cyano-Chromic {{Interface}}},
	booktitle = {Proceedings of the 2023 {{ACM Designing Interactive Systems Conference}}},
	author = {Zhou, Jiwei and Kim, Raphael and Doubrovski, Zjenja and Martins, Joana and Giaccardi, Elisa and Karana, Elvin},
	year = 2023,
	month = jul,
	pages = {820--838},
	publisher = {ACM},
	address = {Pittsburgh PA USA},
	doi = {10.1145/3563657.3596132},
	urldate = {2024-09-13},
	isbn = {978-1-4503-9893-0},
	langid = {english},
}
@inproceedings{kongFramesSlantsTitles2018,
	keywords = {fleeting},
	title = {Frames and {{Slants}} in {{Titles}} of {{Visualizations}} on {{Controversial Topics}}},
	booktitle = {Proceedings of the 2018 {{CHI Conference}} on {{Human Factors}} in {{Computing Systems}}},
	author = {Kong, Ha-Kyung and Liu, Zhicheng and Karahalios, Karrie},
	year = 2018,
	month = apr,
	pages = {1--12},
	publisher = {ACM},
	address = {Montreal QC Canada},
	doi = {10.1145/3173574.3174012},
	urldate = {2024-09-09},
	langid = {english}
}

