@article{adamu2023,
	keywords = {includes},
	title = {No {{More}} ``{{Solutionism}}'' or ``{{Saviourism}}'' in {{Futuring African HCI}}: {{A Manyfesto}}},
	shorttitle = {No {{More}} ``{{Solutionism}}'' or ``{{Saviourism}}'' in {{Futuring African HCI}}},
	author = {Adamu, Muhammad Sadi},
	year = 2023,
	month = apr,
	journal = {ACM Transactions on Computer-Human Interaction},
	volume = 30,
	number = 2,
	pages = {1--42},
	issn = {1073-0516, 1557-7325},
	doi = {10.1145/3571811},
	urldate = {2024-09-09},
	langid = {english},
}
@inproceedings{adibSmartHomesThat2015,
	keywords = {includes},
	title = {Smart {{Homes}} That {{Monitor Breathing}} and {{Heart Rate}}},
	booktitle = {Proceedings of the 33rd {{Annual ACM Conference}} on {{Human Factors}} in {{Computing Systems}}},
	author = {Adib, Fadel and Mao, Hongzi and Kabelac, Zachary and Katabi, Dina and Miller, Robert C.},
	year = 2015,
	month = apr,
	pages = {837--846},
	publisher = {ACM},
	address = {Seoul Republic of Korea},
	doi = {10.1145/2702123.2702200},
	urldate = {2024-09-09},
	langid = {english},
}
@article{alanTariffAgentInteracting2016,
	keywords = {includes},
	title = {Tariff {{Agent}}: {{Interacting}} with a {{Future Smart Energy System}} at {{Home}}},
	shorttitle = {Tariff {{Agent}}},
	author = {Alan, Alper T. and Costanza, Enrico and Ramchurn, Sarvapali D. and Fischer, Joel and Rodden, Tom and Jennings, Nicholas R.},
	year = 2016,
	month = sep,
	journal = {ACM Transactions on Computer-Human Interaction},
	volume = 23,
	number = 4,
	pages = {1--28},
	issn = {1073-0516, 1557-7325},
	doi = {10.1145/2943770},
	urldate = {2024-09-09},
	langid = {english},
}
@inproceedings{alkhatibExaminingCrowdWork2017,
	keywords = {includes},
	title = {Examining {{Crowd Work}} and {{Gig Work Through The Historical Lens}} of {{Piecework}}},
	booktitle = {Proceedings of the 2017 {{CHI Conference}} on {{Human Factors}} in {{Computing Systems}}},
	author = {Alkhatib, Ali and Bernstein, Michael S. and Levi, Margaret},
	year = 2017,
	month = may,
	pages = {4599--4616},
	publisher = {ACM},
	address = {Denver Colorado USA},
	doi = {10.1145/3025453.3025974},
	urldate = {2024-09-09},
	langid = {english}
}
@article{alvarezdelavegaUnderstandingPlatformMediated2023,
	keywords = {includes},
	title = {Understanding {{Platform Mediated Work-Life}}: {{A Diary Study}} with {{Gig Economy Freelancers}}},
	shorttitle = {Understanding {{Platform Mediated Work-Life}}},
	author = {Alvarez De La Vega, Juan Carlos and Cecchinato, Marta E. and Rooksby, John and Newbold, Joseph},
	year = 2023,
	month = apr,
	journal = {Proceedings of the ACM on Human-Computer Interaction},
	volume = 7,
	number = {CSCW1},
	pages = {1--32},
	issn = {2573-0142},
	doi = {10.1145/3579539},
	urldate = {2024-09-09},
	langid = {english}
}
@inproceedings{alves-oliveiraCollectionMetaphorsHumanRobot2021,
	keywords = {includes},
	title = {Collection of {{Metaphors}} for {{Human-Robot Interaction}}},
	booktitle = {Designing {{Interactive Systems Conference}} 2021},
	author = {{Alves-Oliveira}, Patr{\'i}cia and Lupetti, Maria Luce and Luria, Michal and L{\"o}ffler, Diana and Gamboa, Mafalda and Albaugh, Lea and Kamino, Waki and K. Ostrowski, Anastasia and Puljiz, David and {Reynolds-Cu{\'e}llar}, Pedro and Scheunemann, Marcus and Suguitan, Michael and Lockton, Dan},
	year = 2021,
	month = jun,
	pages = {1366--1379},
	publisher = {ACM},
	address = {Virtual Event USA},
	doi = {10.1145/3461778.3462060},
	urldate = {2024-09-09},
	langid = {english},
}
@inproceedings{asadCreatingSociotechnicalAPI2017,
	keywords = {includes},
	title = {Creating a {{Sociotechnical API}}: {{Designing City-Scale Community Engagement}}},
	shorttitle = {Creating a {{Sociotechnical API}}},
	booktitle = {Proceedings of the 2017 {{CHI Conference}} on {{Human Factors}} in {{Computing Systems}}},
	author = {Asad, Mariam and Le Dantec, Christopher A. and Nielsen, Becky and Diedrick, Kate},
	year = 2017,
	month = may,
	pages = {2295--2306},
	publisher = {ACM},
	address = {Denver Colorado USA},
	doi = {10.1145/3025453.3025963},
	urldate = {2024-09-09},
	langid = {english}
}
@article{asadPrefigurativeDesignMethod2019,
	keywords = {includes},
	title = {Prefigurative {{Design}} as a {{Method}} for {{Research Justice}}},
	author = {Asad, Mariam},
	year = 2019,
	month = nov,
	journal = {Proceedings of the ACM on Human-Computer Interaction},
	volume = 3,
	number = {CSCW},
	pages = {1--18},
	issn = {2573-0142},
	doi = {10.1145/3359302},
	urldate = {2024-09-09},
	langid = {english},
}
@inproceedings{avleDesigningHereThere2016,
	keywords = {includes},
	title = {Design(Ing) '{{Here}}' and '{{There}}': {{Tech Entrepreneurs}}, {{Global Markets}}, and {{Reflexivity}} in {{Design Processes}}},
	shorttitle = {Design(Ing) '{{Here}}' and '{{There}}'},
	booktitle = {Proceedings of the 2016 {{CHI Conference}} on {{Human Factors}} in {{Computing Systems}}},
	author = {Avle, Seyram and Lindtner, Silvia},
	year = 2016,
	month = may,
	pages = {2233--2245},
	publisher = {ACM},
	address = {San Jose California USA},
	doi = {10.1145/2858036.2858509},
	urldate = {2024-09-09},
	langid = {english},
}
@inproceedings{ballardJudgmentCallGame2019a,
	keywords = {includes},
	title = {Judgment {{Call}} the {{Game}}: {{Using Value Sensitive Design}} and {{Design Fiction}} to {{Surface Ethical Concerns Related}} to {{Technology}}},
	shorttitle = {Judgment {{Call}} the {{Game}}},
	booktitle = {Proceedings of the 2019 on {{Designing Interactive Systems Conference}}},
	author = {Ballard, Stephanie and Chappell, Karen M. and Kennedy, Kristen},
	year = 2019,
	month = jun,
	pages = {421--433},
	publisher = {ACM},
	address = {San Diego CA USA},
	doi = {10.1145/3322276.3323697},
	urldate = {2024-09-09},
	langid = {english}
}
@inproceedings{bardzellCriticalDesignCritical2012a,
	keywords = {includes},
	title = {Critical Design and Critical Theory: The Challenge of Designing for Provocation},
	shorttitle = {Critical Design and Critical Theory},
	booktitle = {Proceedings of the {{Designing Interactive Systems Conference}}},
	author = {Bardzell, Shaowen and Bardzell, Jeffrey and Forlizzi, Jodi and Zimmerman, John and Antanitis, John},
	year = 2012,
	month = jun,
	pages = {288--297},
	publisher = {ACM},
	address = {Newcastle Upon Tyne United Kingdom},
	doi = {10.1145/2317956.2318001},
	urldate = {2024-09-09},
	langid = {english}
}
@inproceedings{bardzellReadingCriticalDesigns2014,
	keywords = {includes},
	title = {Reading Critical Designs: Supporting Reasoned Interpretations of Critical Design},
	shorttitle = {Reading Critical Designs},
	booktitle = {Proceedings of the {{SIGCHI Conference}} on {{Human Factors}} in {{Computing Systems}}},
	author = {Bardzell, Jeffrey and Bardzell, Shaowen and Stolterman, Erik},
	year = 2014,
	month = apr,
	pages = {1951--1960},
	publisher = {ACM},
	address = {Toronto Ontario Canada},
	doi = {10.1145/2556288.2557137},
	urldate = {2024-09-09},
	langid = {english}
}
@article{bardzellUtopiasParticipationFeminism2018,
	keywords = {includes},
	title = {Utopias of {{Participation}}: {{Feminism}}, {{Design}}, and the {{Futures}}},
	shorttitle = {Utopias of {{Participation}}},
	author = {Bardzell, Shaowen},
	year = 2018,
	month = feb,
	journal = {ACM Transactions on Computer-Human Interaction},
	volume = 25,
	number = 1,
	pages = {1--24},
	issn = {1073-0516, 1557-7325},
	doi = {10.1145/3127359},
	urldate = {2024-09-09},
	langid = {english},
}
@inproceedings{bardzellWhatCriticalCritical2013,
	keywords = {includes},
	title = {What Is "Critical" about Critical Design?},
	booktitle = {Proceedings of the {{SIGCHI Conference}} on {{Human Factors}} in {{Computing Systems}}},
	author = {Bardzell, Jeffrey and Bardzell, Shaowen},
	year = 2013,
	month = apr,
	pages = {3297--3306},
	publisher = {ACM},
	address = {Paris France},
	doi = {10.1145/2470654.2466451},
	urldate = {2024-09-09},
	langid = {english}
}
@inproceedings{baumerEvaluatingDesignFiction2020,
	keywords = {includes},
	title = {Evaluating {{Design Fiction}}: {{The Right Tool}} for the {{Job}}},
	shorttitle = {Evaluating {{Design Fiction}}},
	booktitle = {Proceedings of the 2020 {{ACM Designing Interactive Systems Conference}}},
	author = {Baumer, Eric P. S. and Blythe, Mark and Tanenbaum, Theresa Jean},
	year = 2020,
	month = jul,
	pages = {1901--1913},
	publisher = {ACM},
	address = {Eindhoven Netherlands},
	doi = {10.1145/3357236.3395464},
	urldate = {2024-09-09},
	langid = {english}
}
@article{benfordPerformanceLedResearchWild2013,
	keywords = {includes},
	title = {Performance-{{Led Research}} in the {{Wild}}},
	author = {Benford, Steve and Greenhalgh, Chris and Crabtree, Andy and Flintham, Martin and Walker, Brendan and Marshall, Joe and Koleva, Boriana and Rennick Egglestone, Stefan and Giannachi, Gabriella and Adams, Matt and Tandavanitj, Nick and Row Farr, Ju},
	year = 2013,
	month = jul,
	journal = {ACM Transactions on Computer-Human Interaction},
	volume = 20,
	number = 3,
	pages = {1--22},
	issn = {1073-0516, 1557-7325},
	doi = {10.1145/2491500.2491502},
	urldate = {2024-09-09},
	langid = {english}
}
@inproceedings{benjaminMachineLearningUncertainty2021a,
	keywords = {includes},
	title = {Machine {{Learning Uncertainty}} as a {{Design Material}}: {{A Post-Phenomenological Inquiry}}},
	shorttitle = {Machine {{Learning Uncertainty}} as a {{Design Material}}},
	booktitle = {Proceedings of the 2021 {{CHI Conference}} on {{Human Factors}} in {{Computing Systems}}},
	author = {Benjamin, Jesse Josua and Berger, Arne and Merrill, Nick and Pierce, James},
	year = 2021,
	month = may,
	pages = {1--14},
	publisher = {ACM},
	address = {Yokohama Japan},
	doi = {10.1145/3411764.3445481},
	urldate = {2024-09-09},
	langid = {english},
}
@inproceedings{bennettAccessibilityCrowdedSidewalk2021,
	keywords = {includes},
	title = {Accessibility and {{The Crowded Sidewalk}}: {{Micromobility}}'s {{Impact}} on {{Public Space}}},
	shorttitle = {Accessibility and {{The Crowded Sidewalk}}},
	booktitle = {Designing {{Interactive Systems Conference}} 2021},
	author = {Bennett, Cynthia and Ackerman, Emily and Fan, Bonnie and Bigham, Jeffrey and Carrington, Patrick and Fox, Sarah},
	year = 2021,
	month = jun,
	pages = {365--380},
	publisher = {ACM},
	address = {Virtual Event USA},
	doi = {10.1145/3461778.3462065},
	urldate = {2024-09-09},
	langid = {english},
}
@inproceedings{bennettPromiseEmpathyDesign2019,
	keywords = {includes},
	title = {The {{Promise}} of {{Empathy}}: {{Design}}, {{Disability}}, and {{Knowing}} the "{{Other}}"},
	shorttitle = {The {{Promise}} of {{Empathy}}},
	booktitle = {Proceedings of the 2019 {{CHI Conference}} on {{Human Factors}} in {{Computing Systems}}},
	author = {Bennett, Cynthia L. and Rosner, Daniela K.},
	year = 2019,
	month = may,
	pages = {1--13},
	publisher = {ACM},
	address = {Glasgow Scotland Uk},
	doi = {10.1145/3290605.3300528},
	urldate = {2024-09-09},
	langid = {english},
}
@article{blackwellHarassmentSocialVirtual2019,
	keywords = {includes},
	title = {Harassment in {{Social Virtual Reality}}: {{Challenges}} for {{Platform Governance}}},
	shorttitle = {Harassment in {{Social Virtual Reality}}},
	author = {Blackwell, Lindsay and Ellison, Nicole and {Elliott-Deflo}, Natasha and Schwartz, Raz},
	year = 2019,
	month = nov,
	journal = {Proceedings of the ACM on Human-Computer Interaction},
	volume = 3,
	number = {CSCW},
	pages = {1--25},
	issn = {2573-0142},
	doi = {10.1145/3359202},
	urldate = {2024-09-09},
	langid = {english}
}
@inproceedings{blytheResearchDesignFiction2014a,
	keywords = {includes},
	title = {Research through Design Fiction: Narrative in Real and Imaginary Abstracts},
	shorttitle = {Research through Design Fiction},
	booktitle = {Proceedings of the {{SIGCHI Conference}} on {{Human Factors}} in {{Computing Systems}}},
	author = {Blythe, Mark},
	year = 2014,
	month = apr,
	pages = {703--712},
	publisher = {ACM},
	address = {Toronto Ontario Canada},
	doi = {10.1145/2556288.2557098},
	urldate = {2024-09-09},
	langid = {english}
}
@inproceedings{blytheResearchFictionStorytelling2017a,
	keywords = {includes},
	title = {Research {{Fiction}}: {{Storytelling}}, {{Plot}} and {{Design}}},
	shorttitle = {Research {{Fiction}}},
	booktitle = {Proceedings of the 2017 {{CHI Conference}} on {{Human Factors}} in {{Computing Systems}}},
	author = {Blythe, Mark},
	year = 2017,
	month = may,
	pages = {5400--5411},
	publisher = {ACM},
	address = {Denver Colorado USA},
	doi = {10.1145/3025453.3026023},
	urldate = {2024-09-09},
	langid = {english}
}
@inproceedings{blytheSolutionistStrategiesSeriously2016,
	keywords = {includes},
	title = {Anti-{{Solutionist Strategies}}: {{Seriously Silly Design Fiction}}},
	shorttitle = {Anti-{{Solutionist Strategies}}},
	booktitle = {Proceedings of the 2016 {{CHI Conference}} on {{Human Factors}} in {{Computing Systems}}},
	author = {Blythe, Mark and Andersen, Kristina and Clarke, Rachel and Wright, Peter},
	year = 2016,
	month = may,
	pages = {4968--4978},
	publisher = {ACM},
	address = {San Jose California USA},
	doi = {10.1145/2858036.2858482},
	urldate = {2024-09-09},
	langid = {english},
}
@article{bodkerParticipatoryDesignThat2018,
	keywords = {includes},
	title = {Participatory {{Design}} That {{Matters}}---{{Facing}} the {{Big Issues}}},
	author = {B{\o}dker, Susanne and Kyng, Morten},
	year = 2018,
	month = feb,
	journal = {ACM Transactions on Computer-Human Interaction},
	volume = 25,
	number = 1,
	pages = {1--31},
	issn = {1073-0516, 1557-7325},
	doi = {10.1145/3152421},
	urldate = {2024-09-09},
	langid = {english},
}
@inproceedings{boehnerDataDesignCivics2016,
	keywords = {includes},
	title = {Data, {{Design}} and {{Civics}}: {{An Exploratory Study}} of {{Civic Tech}}},
	shorttitle = {Data, {{Design}} and {{Civics}}},
	booktitle = {Proceedings of the 2016 {{CHI Conference}} on {{Human Factors}} in {{Computing Systems}}},
	author = {Boehner, Kirsten and DiSalvo, Carl},
	year = 2016,
	month = may,
	pages = {2970--2981},
	publisher = {ACM},
	address = {San Jose California USA},
	doi = {10.1145/2858036.2858326},
	urldate = {2024-09-09},
	langid = {english}
}
@inproceedings{bonnailMemoryManipulationsExtended2023,
	keywords = {includes},
	title = {Memory {{Manipulations}} in {{Extended Reality}}},
	booktitle = {Proceedings of the 2023 {{CHI Conference}} on {{Human Factors}} in {{Computing Systems}}},
	author = {Bonnail, Elise and Tseng, Wen-Jie and Mcgill, Mark and Lecolinet, Eric and Huron, Samuel and Gugenheimer, Jan},
	year = 2023,
	month = apr,
	pages = {1--20},
	publisher = {ACM},
	address = {Hamburg Germany},
	doi = {10.1145/3544548.3580988},
	urldate = {2024-09-09},
	langid = {english},
}
@article{boydAutomatedEmotionRecognition2023,
	keywords = {includes},
	title = {Automated {{Emotion Recognition}} in the {{Workplace}}: {{How Proposed Technologies Reveal Potential Futures}} of {{Work}}},
	shorttitle = {Automated {{Emotion Recognition}} in the {{Workplace}}},
	author = {Boyd, Karen L. and Andalibi, Nazanin},
	year = 2023,
	month = apr,
	journal = {Proceedings of the ACM on Human-Computer Interaction},
	volume = 7,
	number = {CSCW1},
	pages = {1--37},
	issn = {2573-0142},
	doi = {10.1145/3579528},
	urldate = {2024-09-09},
	langid = {english},
}
@inproceedings{brandDesignInquiryIntrospective2021,
	keywords = {includes},
	title = {A {{Design Inquiry}} into {{Introspective AI}}: {{Surfacing Opportunities}}, {{Issues}}, and {{Paradoxes}}},
	shorttitle = {A {{Design Inquiry}} into {{Introspective AI}}},
	booktitle = {Designing {{Interactive Systems Conference}} 2021},
	author = {Brand, Nico and Odom, William and Barnett, Samuel},
	year = 2021,
	month = jun,
	pages = {1603--1618},
	publisher = {ACM},
	address = {Virtual Event USA},
	doi = {10.1145/3461778.3462000},
	urldate = {2024-09-09},
	langid = {english}
}
@inproceedings{braySpeculativeBlacknessConsidering2021a,
	keywords = {includes},
	title = {Speculative {{Blackness}}: {{Considering Afrofuturism}} in the {{Creation}} of {{Inclusive Speculative Design Probes}}},
	shorttitle = {Speculative {{Blackness}}},
	booktitle = {Designing {{Interactive Systems Conference}} 2021},
	author = {Bray, Kirsten and Harrington, Christina},
	year = 2021,
	month = jun,
	pages = {1793--1806},
	publisher = {ACM},
	address = {Virtual Event USA},
	doi = {10.1145/3461778.3462002},
	urldate = {2024-09-09},
	langid = {english}
}
@article{breuerHowEngineersImaginaries2023,
	keywords = {includes},
	title = {How {{Engineers}}' {{Imaginaries}} of {{Healthcare Shape Design}} and {{User Engagement}}: {{A Case Study}} of a {{Robotics Initiative}} for {{Geriatric Healthcare AI Applications}}},
	shorttitle = {How {{Engineers}}' {{Imaginaries}} of {{Healthcare Shape Design}} and {{User Engagement}}},
	author = {Breuer, Svenja and Braun, Maximilian and Tigard, Daniel and Buyx, Alena and M{\"u}ller, Ruth},
	year = 2023,
	month = apr,
	journal = {ACM Transactions on Computer-Human Interaction},
	volume = 30,
	number = 2,
	pages = {1--33},
	issn = {1073-0516, 1557-7325},
	doi = {10.1145/3577010},
	urldate = {2024-09-09},
	langid = {english},
}
@inproceedings{brushHomeAutomationWild2011,
	keywords = {includes},
	title = {Home Automation in the Wild: Challenges and Opportunities},
	shorttitle = {Home Automation in the Wild},
	booktitle = {Proceedings of the {{SIGCHI Conference}} on {{Human Factors}} in {{Computing Systems}}},
	author = {Brush, A.J. Bernheim and Lee, Bongshin and Mahajan, Ratul and Agarwal, Sharad and Saroiu, Stefan and Dixon, Colin},
	year = 2011,
	month = may,
	pages = {2115--2124},
	publisher = {ACM},
	address = {Vancouver BC Canada},
	doi = {10.1145/1978942.1979249},
	urldate = {2024-09-09},
	langid = {english}
}
@inproceedings{brynjarsdottirSustainablyUnpersuadedHow2012,
	keywords = {includes},
	title = {Sustainably Unpersuaded: How Persuasion Narrows Our Vision of Sustainability},
	shorttitle = {Sustainably Unpersuaded},
	booktitle = {Proceedings of the {{SIGCHI Conference}} on {{Human Factors}} in {{Computing Systems}}},
	author = {Brynjarsdottir, Hronn and H{\aa}kansson, Maria and Pierce, James and Baumer, Eric and DiSalvo, Carl and Sengers, Phoebe},
	year = 2012,
	month = may,
	pages = {947--956},
	publisher = {ACM},
	address = {Austin Texas USA},
	doi = {10.1145/2207676.2208539},
	urldate = {2024-09-09},
	langid = {english},
}
@article{cambreOneVoiceFits2019,
	keywords = {includes},
	title = {One {{Voice Fits All}}?: {{Social Implications}} and {{Research Challenges}} of {{Designing Voices}} for {{Smart Devices}}},
	shorttitle = {One {{Voice Fits All}}?},
	author = {Cambre, Julia and Kulkarni, Chinmay},
	year = 2019,
	month = nov,
	journal = {Proceedings of the ACM on Human-Computer Interaction},
	volume = 3,
	number = {CSCW},
	pages = {1--19},
	issn = {2573-0142},
	doi = {10.1145/3359325},
	urldate = {2024-09-09},
	langid = {english},
}
@article{carrollWildHomeNeighborhood2013,
	keywords = {includes},
	title = {Wild at {{Home}}: {{The Neighborhood}} as a {{Living Laboratory}} for {{HCI}}},
	shorttitle = {Wild at {{Home}}},
	author = {Carroll, John M. and Rosson, Mary Beth},
	year = 2013,
	month = jul,
	journal = {ACM Transactions on Computer-Human Interaction},
	volume = 20,
	number = 3,
	pages = {1--28},
	issn = {1073-0516, 1557-7325},
	doi = {10.1145/2491500.2491504},
	urldate = {2024-09-09},
	langid = {english},
}
@inproceedings{chenLearningHomeMixedMethods2021,
	keywords = {includes},
	title = {Learning from {{Home}}: {{A Mixed-Methods Analysis}} of {{Live Streaming Based Remote Education Experience}} in {{Chinese Colleges}} during the {{COVID-19 Pandemic}}},
	shorttitle = {Learning from {{Home}}},
	booktitle = {Proceedings of the 2021 {{CHI Conference}} on {{Human Factors}} in {{Computing Systems}}},
	author = {Chen, Zhilong and Cao, Hancheng and Deng, Yuting and Gao, Xuan and Piao, Jinghua and Xu, Fengli and Zhang, Yu and Li, Yong},
	year = 2021,
	month = may,
	pages = {1--16},
	publisher = {ACM},
	address = {Yokohama Japan},
	doi = {10.1145/3411764.3445428},
	urldate = {2024-09-09},
	langid = {english},
}
@inproceedings{cheokEmpatheticLivingMedia2008,
	keywords = {includes},
	title = {Empathetic Living Media},
	booktitle = {Proceedings of the 7th {{ACM}} Conference on {{Designing}} Interactive Systems},
	author = {Cheok, Adrian David and Kok, Roger Thomas and Tan, Chuen and Newton Fernando, Owen Noel and Merritt, Tim and Sen, Janyn Yen Ping},
	year = 2008,
	month = feb,
	pages = {465--473},
	publisher = {ACM},
	address = {Cape Town South Africa},
	doi = {10.1145/1394445.1394495},
	urldate = {2024-09-09},
	langid = {english}
}
@article{chignellEvolutionHCIHuman2023a,
	keywords = {includes},
	title = {The {{Evolution}} of {{HCI}} and {{Human Factors}}: {{Integrating Human}} and {{Artificial Intelligence}}},
	shorttitle = {The {{Evolution}} of {{HCI}} and {{Human Factors}}},
	author = {Chignell, Mark and Wang, Lu and Zare, Atefeh and Li, Jamy},
	year = 2023,
	month = apr,
	journal = {ACM Transactions on Computer-Human Interaction},
	volume = 30,
	number = 2,
	pages = {1--30},
	issn = {1073-0516, 1557-7325},
	doi = {10.1145/3557891},
	urldate = {2024-09-09},
	langid = {english}
}
@inproceedings{chopraNegotiatingSustainableFutures2022,
	keywords = {includes},
	title = {Negotiating Sustainable Futures in Communities through Participatory Speculative Design and Experiments in Living},
	booktitle = {{{CHI Conference}} on {{Human Factors}} in {{Computing Systems}}},
	author = {Chopra, Simran and Clarke, Rachel E and Clear, Adrian K and Heitlinger, Sara and Dilaver, Ozge and Vasiliou, Christina},
	year = 2022,
	month = apr,
	pages = {1--17},
	publisher = {ACM},
	address = {New Orleans LA USA},
	doi = {10.1145/3491102.3501929},
	urldate = {2024-09-09},
	langid = {english}
}
@article{choTopophiliaPlacemakingBoundary2022,
	keywords = {includes},
	title = {Topophilia, {{Placemaking}}, and {{Boundary Work}}: {{Exploring}} the {{Psycho-Social Impact}} of the {{COVID-19 Work-From-Home Experience}}},
	shorttitle = {Topophilia, {{Placemaking}}, and {{Boundary Work}}},
	author = {Cho, Janghee and Beck, Samuel and Voida, Stephen},
	year = 2022,
	month = jan,
	journal = {Proceedings of the ACM on Human-Computer Interaction},
	volume = 6,
	number = {GROUP},
	pages = {1--33},
	issn = {2573-0142},
	doi = {10.1145/3492843},
	urldate = {2024-09-09},
	langid = {english},
}
@inproceedings{chungIntersectionUsersRoles2021,
	keywords = {includes},
	title = {The {{Intersection}} of {{Users}}, {{Roles}}, {{Interactions}}, and {{Technologies}} in {{Creativity Support Tools}}},
	booktitle = {Designing {{Interactive Systems Conference}} 2021},
	author = {Chung, John Joon Young and He, Shiqing and Adar, Eytan},
	year = 2021,
	month = jun,
	pages = {1817--1833},
	publisher = {ACM},
	address = {Virtual Event USA},
	doi = {10.1145/3461778.3462050},
	urldate = {2024-09-09},
	langid = {english}
}
@article{churchillPsQsDesigningDigital2008,
	keywords = {includes},
	title = {Ps {{AND QsDesigning}} for Digital Archives},
	author = {Churchill, Elizabeth and Ubois, Jeff},
	year = 2008,
	month = mar,
	journal = {Interactions},
	volume = 15,
	number = 2,
	pages = {10--13},
	issn = {1072-5520, 1558-3449},
	doi = {10.1145/1340961.1340964},
	urldate = {2024-09-09},
	langid = {english}
}
@inproceedings{cilaProductsAgentsMetaphors2017,
	keywords = {includes},
	title = {Products as {{Agents}}: {{Metaphors}} for {{Designing}} the {{Products}} of the {{IoT Age}}},
	shorttitle = {Products as {{Agents}}},
	booktitle = {Proceedings of the 2017 {{CHI Conference}} on {{Human Factors}} in {{Computing Systems}}},
	author = {Cila, Nazli and Smit, Iskander and Giaccardi, Elisa and Kr{\"o}se, Ben},
	year = 2017,
	month = may,
	pages = {448--459},
	publisher = {ACM},
	address = {Denver Colorado USA},
	doi = {10.1145/3025453.3025797},
	urldate = {2024-09-09},
	langid = {english}
}
@inproceedings{clarkeSituatedEncountersSocially2016,
	keywords = {includes},
	title = {Situated {{Encounters}} with {{Socially Engaged Art}} in {{Community-based Design}}},
	booktitle = {Proceedings of the 2016 {{ACM Conference}} on {{Designing Interactive Systems}}},
	author = {Clarke, Rachel and Briggs, Jo and Light, Ann and Wright, Pete},
	year = 2016,
	month = jun,
	pages = {521--532},
	publisher = {ACM},
	address = {Brisbane QLD Australia},
	doi = {10.1145/2901790.2901882},
	urldate = {2024-09-09},
	langid = {english},
}
@inproceedings{costanzaDesignableVisualMarkers2009,
	keywords = {includes},
	title = {Designable Visual Markers},
	booktitle = {Proceedings of the {{SIGCHI Conference}} on {{Human Factors}} in {{Computing Systems}}},
	author = {Costanza, Enrico and Huang, Jeffrey},
	year = 2009,
	month = apr,
	pages = {1879--1888},
	publisher = {ACM},
	address = {Boston MA USA},
	doi = {10.1145/1518701.1518990},
	urldate = {2024-09-09},
	langid = {english},
}
@inproceedings{costanzaDoingLaundryAgents2014,
	keywords = {includes},
	title = {Doing the Laundry with Agents: A Field Trial of a Future Smart Energy System in the Home},
	shorttitle = {Doing the Laundry with Agents},
	booktitle = {Proceedings of the {{SIGCHI Conference}} on {{Human Factors}} in {{Computing Systems}}},
	author = {Costanza, Enrico and Fischer, Joel E. and Colley, James A. and Rodden, Tom and Ramchurn, Sarvapali D. and Jennings, Nicholas R.},
	year = 2014,
	month = apr,
	pages = {813--822},
	publisher = {ACM},
	address = {Toronto Ontario Canada},
	doi = {10.1145/2556288.2557167},
	urldate = {2024-09-09},
	langid = {english},
}
@inproceedings{crivellaroContestingCityEnacting2015,
	keywords = {includes},
	title = {Contesting the {{City}}: {{Enacting}} the {{Political Through Digitally Supported Urban Walks}}},
	shorttitle = {Contesting the {{City}}},
	booktitle = {Proceedings of the 33rd {{Annual ACM Conference}} on {{Human Factors}} in {{Computing Systems}}},
	author = {Crivellaro, Clara and Comber, Rob and {Dade-Robertson}, Martyn and Bowen, Simon J. and Wright, Peter C. and Olivier, Patrick},
	year = 2015,
	month = apr,
	pages = {2853--2862},
	publisher = {ACM},
	address = {Seoul Republic of Korea},
	doi = {10.1145/2702123.2702176},
	urldate = {2024-09-09},
	langid = {english}
}
@inproceedings{dellInsOutsHCI2016,
	keywords = {includes},
	title = {The {{Ins}} and {{Outs}} of {{HCI}} for {{Development}}},
	booktitle = {Proceedings of the 2016 {{CHI Conference}} on {{Human Factors}} in {{Computing Systems}}},
	author = {Dell, Nicola and Kumar, Neha},
	year = 2016,
	month = may,
	pages = {2220--2232},
	publisher = {ACM},
	address = {San Jose California USA},
	doi = {10.1145/2858036.2858081},
	urldate = {2024-09-09},
	langid = {english},
}
@inproceedings{desjardinsBespokeBookletsMethod2019,
	keywords = {includes},
	title = {Bespoke {{Booklets}}: {{A Method}} for {{Situated Co-Speculation}}},
	shorttitle = {Bespoke {{Booklets}}},
	booktitle = {Proceedings of the 2019 on {{Designing Interactive Systems Conference}}},
	author = {Desjardins, Audrey and Key, Cayla and Biggs, Heidi R. and Aschenbeck, Kelsey},
	year = 2019,
	month = jun,
	pages = {697--709},
	publisher = {ACM},
	address = {San Diego CA USA},
	doi = {10.1145/3322276.3322311},
	urldate = {2024-09-09},
	langid = {english}
}
@inproceedings{desjardinsLivingPrototypeReconfigured2016,
	keywords = {includes},
	title = {Living {{In A Prototype}}: {{A Reconfigured Space}}},
	shorttitle = {Living {{In A Prototype}}},
	booktitle = {Proceedings of the 2016 {{CHI Conference}} on {{Human Factors}} in {{Computing Systems}}},
	author = {Desjardins, Audrey and Wakkary, Ron},
	year = 2016,
	month = may,
	pages = {5274--5285},
	publisher = {ACM},
	address = {San Jose California USA},
	doi = {10.1145/2858036.2858261},
	urldate = {2024-09-09},
	langid = {english}
}
@inproceedings{devendorfDontWantWear2016,
	keywords = {includes},
	title = {"{{I}} Don't {{Want}} to {{Wear}} a {{Screen}}": {{Probing Perceptions}} of and {{Possibilities}} for {{Dynamic Displays}} on {{Clothing}}},
	shorttitle = {"{{I}} Don't {{Want}} to {{Wear}} a {{Screen}}"},
	booktitle = {Proceedings of the 2016 {{CHI Conference}} on {{Human Factors}} in {{Computing Systems}}},
	author = {Devendorf, Laura and Lo, Joanne and Howell, Noura and Lee, Jung Lin and Gong, Nan-Wei and Karagozler, M. Emre and Fukuhara, Shiho and Poupyrev, Ivan and Paulos, Eric and Ryokai, Kimiko},
	year = 2016,
	month = may,
	pages = {6028--6039},
	publisher = {ACM},
	address = {San Jose California USA},
	doi = {10.1145/2858036.2858192},
	urldate = {2024-09-09},
	langid = {english},
}
@inproceedings{dhanorkarWhoNeedsKnow2021,
	keywords = {includes},
	title = {Who Needs to Know What, When?: {{Broadening}} the {{Explainable AI}} ({{XAI}}) {{Design Space}} by {{Looking}} at {{Explanations Across}} the {{AI Lifecycle}}},
	shorttitle = {Who Needs to Know What, When?},
	booktitle = {Designing {{Interactive Systems Conference}} 2021},
	author = {Dhanorkar, Shipi and Wolf, Christine T. and Qian, Kun and Xu, Anbang and Popa, Lucian and Li, Yunyao},
	year = 2021,
	month = jun,
	pages = {1591--1602},
	publisher = {ACM},
	address = {Virtual Event USA},
	doi = {10.1145/3461778.3462131},
	urldate = {2024-09-09},
	langid = {english}
}
@inproceedings{dillahuntElicitingAlternativeEconomic2023,
	keywords = {includes},
	title = {Eliciting {{Alternative Economic Futures}} with {{Working-Class Detroiters}}: {{Centering Afrofuturism}} in {{Speculative Design}}},
	shorttitle = {Eliciting {{Alternative Economic Futures}} with {{Working-Class Detroiters}}},
	booktitle = {Proceedings of the 2023 {{ACM Designing Interactive Systems Conference}}},
	author = {Dillahunt, Tawanna R and Lu, Alex Jiahong and Velazquez, Joanna},
	year = 2023,
	month = jul,
	pages = {957--977},
	publisher = {ACM},
	address = {Pittsburgh PA USA},
	doi = {10.1145/3563657.3596011},
	urldate = {2024-09-09},
	langid = {english},
}
@inproceedings{disalvoNourishingGroundSustainable2009,
	keywords = {includes},
	title = {Nourishing the Ground for Sustainable {{HCI}}: Considerations from Ecologically Engaged Art},
	shorttitle = {Nourishing the Ground for Sustainable {{HCI}}},
	booktitle = {Proceedings of the {{SIGCHI Conference}} on {{Human Factors}} in {{Computing Systems}}},
	author = {DiSalvo, Carl and Boehner, Kirsten and Knouf, Nicholas A. and Sengers, Phoebe},
	year = 2009,
	month = apr,
	pages = {385--394},
	publisher = {ACM},
	address = {Boston MA USA},
	doi = {10.1145/1518701.1518763},
	urldate = {2024-09-09},
	langid = {english}
}
@inproceedings{dorkInformationFlaneurFresh2011,
	keywords = {includes},
	title = {The Information Flaneur: A Fresh Look at Information Seeking},
	shorttitle = {The Information Flaneur},
	booktitle = {Proceedings of the {{SIGCHI Conference}} on {{Human Factors}} in {{Computing Systems}}},
	author = {D{\"o}rk, Marian and Carpendale, Sheelagh and Williamson, Carey},
	year = 2011,
	month = may,
	pages = {1215--1224},
	publisher = {ACM},
	address = {Vancouver BC Canada},
	doi = {10.1145/1978942.1979124},
	urldate = {2024-09-09},
	langid = {english}
}
@inproceedings{doThatsImportantHow2023,
	keywords = {includes},
	title = {``{{That}}'s Important, but...'': {{How Computer Science Researchers Anticipate Unintended Consequences}} of {{Their Research Innovations}}},
	shorttitle = {``{{That}}'s Important, But...''},
	booktitle = {Proceedings of the 2023 {{CHI Conference}} on {{Human Factors}} in {{Computing Systems}}},
	author = {Do, Kimberly and Pang, Rock Yuren and Jiang, Jiachen and Reinecke, Katharina},
	year = 2023,
	month = apr,
	pages = {1--16},
	publisher = {ACM},
	address = {Hamburg Germany},
	doi = {10.1145/3544548.3581347},
	urldate = {2024-09-09},
	langid = {english},
}
@inproceedings{drugaFamilyThirdSpace2022,
	keywords = {includes},
	title = {Family as a {{Third Space}} for {{AI Literacies}}: {{How}} Do Children and Parents Learn about {{AI}} Together?},
	shorttitle = {Family as a {{Third Space}} for {{AI Literacies}}},
	booktitle = {{{CHI Conference}} on {{Human Factors}} in {{Computing Systems}}},
	author = {Druga, Stefania and Christoph, Fee Lia and Ko, Amy J},
	year = 2022,
	month = apr,
	pages = {1--17},
	publisher = {ACM},
	address = {New Orleans LA USA},
	doi = {10.1145/3491102.3502031},
	urldate = {2024-09-09},
	copyright = {http://www.acm.org/publications/policies/copyright\_policy\#Background},
	langid = {english},
}
@inproceedings{eghtebasCoSpeculatingDarkScenarios2023,
	keywords = {includes},
	title = {Co-{{Speculating}} on {{Dark Scenarios}} and {{Unintended Consequences}} of a {{Ubiquitous}}(Ly) {{Augmented Reality}}},
	booktitle = {Proceedings of the 2023 {{ACM Designing Interactive Systems Conference}}},
	author = {Eghtebas, Chloe and Klinker, Gudrun and Boll, Susanne and Koelle, Marion},
	year = 2023,
	month = jul,
	pages = {2392--2407},
	publisher = {ACM},
	address = {Pittsburgh PA USA},
	doi = {10.1145/3563657.3596073},
	urldate = {2024-09-09},
	langid = {english}
}
@inproceedings{ehsanExpandingExplainabilitySocial2021c,
	keywords = {includes},
	title = {Expanding {{Explainability}}: {{Towards Social Transparency}} in {{AI}} Systems},
	shorttitle = {Expanding {{Explainability}}},
	booktitle = {Proceedings of the 2021 {{CHI Conference}} on {{Human Factors}} in {{Computing Systems}}},
	author = {Ehsan, Upol and Liao, Q. Vera and Muller, Michael and Riedl, Mark O. and Weisz, Justin D.},
	year = 2021,
	month = may,
	pages = {1--19},
	publisher = {ACM},
	address = {Yokohama Japan},
	doi = {10.1145/3411764.3445188},
	urldate = {2024-09-09},
	langid = {english},
}
@article{ellisonFEATURESocialNetworkSites2009,
	keywords = {includes},
	title = {{{FEATURESocial}} Network Sites and Society: Current Trends and Future Possibilities},
	shorttitle = {{{FEATURESocial}} Network Sites and Society},
	author = {Ellison, Nicole B. and Lampe, Cliff and Steinfield, Charles},
	year = 2009,
	month = jan,
	journal = {Interactions},
	volume = 16,
	number = 1,
	pages = {6--9},
	issn = {1072-5520, 1558-3449},
	doi = {10.1145/1456202.1456204},
	urldate = {2024-09-09},
	langid = {english}
}
@inproceedings{elsdenSpeculativeEnactments2017a,
	keywords = {includes},
	title = {On {{Speculative Enactments}}},
	booktitle = {Proceedings of the 2017 {{CHI Conference}} on {{Human Factors}} in {{Computing Systems}}},
	author = {Elsden, Chris and Chatting, David and Durrant, Abigail C. and Garbett, Andrew and Nissen, Bettina and Vines, John and Kirk, David S.},
	year = 2017,
	month = may,
	pages = {5386--5399},
	publisher = {ACM},
	address = {Denver Colorado USA},
	doi = {10.1145/3025453.3025503},
	urldate = {2024-09-09},
	langid = {english},
}
@inproceedings{eslamiFirstItThen2016,
	keywords = {includes},
	title = {First {{I}} "like" It, Then {{I}} Hide It: {{Folk Theories}} of {{Social Feeds}}},
	shorttitle = {First {{I}} "like" It, Then {{I}} Hide It},
	booktitle = {Proceedings of the 2016 {{CHI Conference}} on {{Human Factors}} in {{Computing Systems}}},
	author = {Eslami, Motahhare and Karahalios, Karrie and Sandvig, Christian and Vaccaro, Kristen and Rickman, Aimee and Hamilton, Kevin and Kirlik, Alex},
	year = 2016,
	month = may,
	pages = {2371--2382},
	publisher = {ACM},
	address = {San Jose California USA},
	doi = {10.1145/2858036.2858494},
	urldate = {2024-09-09},
	langid = {english}
}
@inproceedings{faasLongitudinalVideoStudy2020,
	keywords = {includes},
	title = {A {{Longitudinal Video Study}} on {{Communicating Status}} and {{Intent}} for {{Self-Driving Vehicle}}  {{Pedestrian Interaction}}},
	booktitle = {Proceedings of the 2020 {{CHI Conference}} on {{Human Factors}} in {{Computing Systems}}},
	author = {Faas, Stefanie M. and Kao, Andrea C. and Baumann, Martin},
	year = 2020,
	month = apr,
	pages = {1--14},
	publisher = {ACM},
	address = {Honolulu HI USA},
	doi = {10.1145/3313831.3376484},
	urldate = {2024-09-09},
	langid = {english}
}
@article{forlanoSpeculativeHistoriesJust2023a,
	keywords = {includes},
	title = {Speculative {{Histories}}, {{Just Futures}}: {{From Counterfactual Artifacts}} to {{Counterfactual Actions}}},
	shorttitle = {Speculative {{Histories}}, {{Just Futures}}},
	author = {Forlano, Laura E. and Halpern, Megan K.},
	year = 2023,
	month = apr,
	journal = {ACM Transactions on Computer-Human Interaction},
	volume = 30,
	number = 2,
	pages = {1--37},
	issn = {1073-0516, 1557-7325},
	doi = {10.1145/3577212},
	urldate = {2024-09-09},
	langid = {english},
}
@inproceedings{foxVivewellSpeculatingFuture2019,
	keywords = {includes},
	title = {Vivewell: {{Speculating Near-Future Menstrual Tracking}} through {{Current Data Practices}}},
	shorttitle = {Vivewell},
	booktitle = {Proceedings of the 2019 on {{Designing Interactive Systems Conference}}},
	author = {Fox, Sarah and Howell, Noura and Wong, Richmond and Spektor, Franchesca},
	year = 2019,
	month = jun,
	pages = {541--552},
	publisher = {ACM},
	address = {San Diego CA USA},
	doi = {10.1145/3322276.3323695},
	urldate = {2024-09-09},
	langid = {english},
}
@article{frauenbergerEntanglementHCINext2020a,
	keywords = {includes},
	title = {Entanglement {{HCI The Next Wave}}?},
	author = {Frauenberger, Christopher},
	year = 2020,
	month = feb,
	journal = {ACM Transactions on Computer-Human Interaction},
	volume = 27,
	number = 1,
	pages = {1--27},
	issn = {1073-0516, 1557-7325},
	doi = {10.1145/3364998},
	urldate = {2024-09-09},
	langid = {english}
}
@inproceedings{freemanRediscoveringPhysicalBody2022a,
	keywords = {includes},
	title = {({{Re}})Discovering the {{Physical Body Online}}: {{Strategies}} and {{Challenges}} to {{Approach Non-Cisgender Identity}} in {{Social Virtual Reality}}},
	shorttitle = {({{Re}})Discovering the {{Physical Body Online}}},
	booktitle = {{{CHI Conference}} on {{Human Factors}} in {{Computing Systems}}},
	author = {Freeman, Guo and Maloney, Divine and Acena, Dane and Barwulor, Catherine},
	year = 2022,
	month = apr,
	pages = {1--15},
	publisher = {ACM},
	address = {New Orleans LA USA},
	doi = {10.1145/3491102.3502082},
	urldate = {2024-09-09},
	copyright = {http://www.acm.org/publications/policies/copyright\_policy\#Background},
	langid = {english},
}
@inproceedings{friedmanEnvisioningCardsToolkit2012,
	keywords = {includes},
	title = {The Envisioning Cards: A Toolkit for Catalyzing Humanistic and Technical Imaginations},
	shorttitle = {The Envisioning Cards},
	booktitle = {Proceedings of the {{SIGCHI Conference}} on {{Human Factors}} in {{Computing Systems}}},
	author = {Friedman, Batya and Hendry, David},
	year = 2012,
	month = may,
	pages = {1145--1148},
	publisher = {ACM},
	address = {Austin Texas USA},
	doi = {10.1145/2207676.2208562},
	urldate = {2024-09-09},
	langid = {english}
}
@article{gargSocialContextsAgency2022,
	keywords = {includes},
	title = {Social {{Contexts}}, {{Agency}}, and {{Conflicts}}: {{Exploring Critical Aspects}} of {{Design}} for {{Future Smart Home Technologies}}},
	shorttitle = {Social {{Contexts}}, {{Agency}}, and {{Conflicts}}},
	author = {Garg, Radhika and Cui, Hua},
	year = 2022,
	month = apr,
	journal = {ACM Transactions on Computer-Human Interaction},
	volume = 29,
	number = 2,
	pages = {1--30},
	issn = {1073-0516, 1557-7325},
	doi = {10.1145/3485058},
	urldate = {2024-09-09},
	langid = {english}
}
@article{gaverAnnotatedPortfolios2012,
	keywords = {includes},
	title = {Annotated Portfolios},
	author = {Gaver, Bill and Bowers, John},
	year = 2012,
	month = jul,
	journal = {Interactions},
	volume = 19,
	number = 4,
	pages = {40--49},
	issn = {1072-5520, 1558-3449},
	doi = {10.1145/2212877.2212889},
	urldate = {2024-09-09},
	langid = {english}
}
@article{grammenosFEATURETheAmbientMirror2009,
	keywords = {includes},
	title = {{{FEATUREThe}} Ambient Mirror: Creating a Digital Self-Image through Pervasive Technologies},
	shorttitle = {{{FEATUREThe}} Ambient Mirror},
	author = {Grammenos, Dimitris},
	year = 2009,
	month = mar,
	journal = {Interactions},
	volume = 16,
	number = 2,
	pages = {46--50},
	issn = {1072-5520, 1558-3449},
	doi = {10.1145/1487632.1487643},
	urldate = {2024-09-09},
	langid = {english}
}
@article{greenfieldFEATUREAtEndWorld2009,
	keywords = {includes},
	title = {{{FEATURE}}"{{At}} the {{End}} of the {{World}}, {{Plant}} a {{Tree}}": Six Questions for {{Adam Greenfield}}},
	shorttitle = {{{FEATURE}}"{{At}} the {{End}} of the {{World}}, {{Plant}} a {{Tree}}"},
	author = {Greenfield, Adam and Shute, Tish},
	year = 2009,
	month = jul,
	journal = {Interactions},
	volume = 16,
	number = 4,
	pages = {16--20},
	issn = {1072-5520, 1558-3449},
	doi = {10.1145/1551986.1551990},
	urldate = {2024-09-09},
	langid = {english}
}
@article{grinterInsOutsHome2009,
	keywords = {includes},
	title = {The Ins and Outs of Home Networking: {{The}} Case for Useful and Usable Domestic Networking},
	shorttitle = {The Ins and Outs of Home Networking},
	author = {Grinter, Rebecca E. and Edwards, W. Keith and Chetty, Marshini and Poole, Erika S. and Sung, Ja-Young and Yang, Jeonghwa and Crabtree, Andy and Tolmie, Peter and Rodden, Tom and Greenhalgh, Chris and Benford, Steve},
	year = 2009,
	month = jun,
	journal = {ACM Transactions on Computer-Human Interaction},
	volume = 16,
	number = 2,
	pages = {1--28},
	issn = {1073-0516, 1557-7325},
	doi = {10.1145/1534903.1534905},
	urldate = {2024-09-09},
	langid = {english}
}
@inproceedings{gugenheimerShareVREnablingCoLocated2017,
	keywords = {includes},
	title = {{{ShareVR}}: {{Enabling Co-Located Experiences}} for {{Virtual Reality}} between {{HMD}} and {{Non-HMD Users}}},
	shorttitle = {{ShareVR}},
	booktitle = {Proceedings of the 2017 {{CHI Conference}} on {{Human Factors}} in {{Computing Systems}}},
	author = {Gugenheimer, Jan and Stemasov, Evgeny and Frommel, Julian and Rukzio, Enrico},
	year = 2017,
	month = may,
	pages = {4021--4033},
	publisher = {ACM},
	address = {Denver Colorado USA},
	doi = {10.1145/3025453.3025683},
	urldate = {2024-09-09},
	langid = {english}
}
@inproceedings{grudinChatbotsHumbotsQuest2019,
	keywords = {includes},
	title = {Chatbots, {{Humbots}}, and the {{Quest}} for {{Artificial General Intelligence}}},
	booktitle = {Proceedings of the 2019 {{CHI Conference}} on {{Human Factors}} in {{Computing Systems}}},
	author = {Grudin, Jonathan and Jacques, Richard},
	year = 2019,
	month = may,
	pages = {1--11},
	publisher = {ACM},
	address = {Glasgow Scotland Uk},
	doi = {10.1145/3290605.3300439},
	urldate = {2024-09-09},
	langid = {english}
}
@inproceedings{haimsonDesigningTransTechnology2020a,
	keywords = {includes},
	title = {Designing {{Trans Technology}}: {{Defining Challenges}} and {{Envisioning Community-Centered Solutions}}},
	shorttitle = {Designing {{Trans Technology}}},
	booktitle = {Proceedings of the 2020 {{CHI Conference}} on {{Human Factors}} in {{Computing Systems}}},
	author = {Haimson, Oliver L. and Gorrell, Dykee and Starks, Denny L. and Weinger, Zu},
	year = 2020,
	month = apr,
	pages = {1--13},
	publisher = {ACM},
	address = {Honolulu HI USA},
	doi = {10.1145/3313831.3376669},
	urldate = {2024-09-09},
	langid = {english}
}
@inproceedings{hardingHCICivicEngagement2015,
	keywords = {includes},
	title = {{{HCI}}, {{Civic Engagement}} \& {{Trust}}},
	booktitle = {Proceedings of the 33rd {{Annual ACM Conference}} on {{Human Factors}} in {{Computing Systems}}},
	author = {Harding, Mike and Knowles, Bran and Davies, Nigel and Rouncefield, Mark},
	year = 2015,
	month = apr,
	pages = {2833--2842},
	publisher = {ACM},
	address = {Seoul Republic of Korea},
	doi = {10.1145/2702123.2702255},
	urldate = {2024-09-09},
	langid = {english}
}
@article{harringtonDeconstructingCommunityBasedCollaborative2019a,
	keywords = {includes},
	title = {Deconstructing {{Community-Based Collaborative Design}}: {{Towards More Equitable Participatory Design Engagements}}},
	shorttitle = {Deconstructing {{Community-Based Collaborative Design}}},
	author = {Harrington, Christina and Erete, Sheena and Piper, Anne Marie},
	year = 2019,
	month = nov,
	journal = {Proceedings of the ACM on Human-Computer Interaction},
	volume = 3,
	number = {CSCW},
	pages = {1--25},
	issn = {2573-0142},
	doi = {10.1145/3359318},
	urldate = {2024-09-09},
	langid = {english},
}
@inproceedings{harringtonElicitingTechFutures2021b,
	keywords = {includes},
	title = {Eliciting {{Tech Futures Among Black Young Adults}}: {{A Case Study}} of {{Remote Speculative Co-Design}}},
	shorttitle = {Eliciting {{Tech Futures Among Black Young Adults}}},
	booktitle = {Proceedings of the 2021 {{CHI Conference}} on {{Human Factors}} in {{Computing Systems}}},
	author = {Harrington, Christina and Dillahunt, Tawanna R},
	year = 2021,
	month = may,
	pages = {1--15},
	publisher = {ACM},
	address = {Yokohama Japan},
	doi = {10.1145/3411764.3445723},
	urldate = {2024-09-09},
	langid = {english}
}
@inproceedings{herdelScopingReviewDomains2022,
	keywords = {includes},
	title = {Above and {{Beyond}}: {{A Scoping Review}} of {{Domains}} and {{Applications}} for {{Human-Drone Interaction}}},
	shorttitle = {Above and {{Beyond}}},
	booktitle = {{{CHI Conference}} on {{Human Factors}} in {{Computing Systems}}},
	author = {Herdel, Viviane and Yamin, Lee J. and Cauchard, Jessica R.},
	year = 2022,
	month = apr,
	pages = {1--22},
	publisher = {ACM},
	address = {New Orleans LA USA},
	doi = {10.1145/3491102.3501881},
	urldate = {2024-09-09},
	langid = {english},
}
@inproceedings{holzImplantedUserInterfaces2012,
	keywords = {includes},
	title = {Implanted User Interfaces},
	booktitle = {Proceedings of the {{SIGCHI Conference}} on {{Human Factors}} in {{Computing Systems}}},
	author = {Holz, Christian and Grossman, Tovi and Fitzmaurice, George and Agur, Anne},
	year = 2012,
	month = may,
	pages = {503--512},
	publisher = {ACM},
	address = {Austin Texas USA},
	doi = {10.1145/2207676.2207745},
	urldate = {2024-09-09},
	langid = {english}
}
@inproceedings{homewoodTracingConceptionsBody2021,
	keywords = {includes},
	title = {Tracing {{Conceptions}} of the {{Body}} in {{HCI}}: {{From User}} to {{More-Than-Human}}},
	shorttitle = {Tracing {{Conceptions}} of the {{Body}} in {{HCI}}},
	booktitle = {Proceedings of the 2021 {{CHI Conference}} on {{Human Factors}} in {{Computing Systems}}},
	author = {Homewood, Sarah and Hedemyr, Marika and Fagerberg Ranten, Maja and Kozel, Susan},
	year = 2021,
	month = may,
	pages = {1--12},
	publisher = {ACM},
	address = {Yokohama Japan},
	doi = {10.1145/3411764.3445656},
	urldate = {2024-09-09},
	langid = {english}
}
@inproceedings{iivariCriticalDesignResearch2017,
	keywords = {includes},
	title = {Critical {{Design Research}} and {{Information Technology}}: {{Searching}} for {{Empowering Design}}},
	shorttitle = {Critical {{Design Research}} and {{Information Technology}}},
	booktitle = {Proceedings of the 2017 {{Conference}} on {{Designing Interactive Systems}}},
	author = {Iivari, Netta and Kuutti, Kari},
	year = 2017,
	month = jun,
	pages = {983--993},
	publisher = {ACM},
	address = {Edinburgh United Kingdom},
	doi = {10.1145/3064663.3064747},
	urldate = {2024-09-09},
	langid = {english}
}
@article{impioGiveManFish2010,
	keywords = {includes},
	title = {Give Man a Fish and You'll Feed Him for a Day, Teach Him How to Fish And{\dots}he Will Overfish},
	author = {Impi{\"o}, Jussi},
	year = 2010,
	month = may,
	journal = {Interactions},
	volume = 17,
	number = 3,
	pages = {22--25},
	issn = {1072-5520, 1558-3449},
	doi = {10.1145/1744161.1744167},
	urldate = {2024-09-09},
	langid = {english}
}
@inproceedings{iraniStoriesWeTell2016,
	keywords = {includes},
	title = {Stories {{We Tell About Labor}}: {{Turkopticon}} and the {{Trouble}} with "{{Design}}"},
	shorttitle = {Stories {{We Tell About Labor}}},
	booktitle = {Proceedings of the 2016 {{CHI Conference}} on {{Human Factors}} in {{Computing Systems}}},
	author = {Irani, Lilly C. and Silberman, M. Six},
	year = 2016,
	month = may,
	pages = {4573--4586},
	publisher = {ACM},
	address = {San Jose California USA},
	doi = {10.1145/2858036.2858592},
	urldate = {2024-09-09},
	langid = {english}
}
@inproceedings{iraniTurkopticonInterruptingWorker2013,
	keywords = {includes},
	title = {Turkopticon: Interrupting Worker Invisibility in Amazon Mechanical Turk},
	shorttitle = {Turkopticon},
	booktitle = {Proceedings of the {{SIGCHI Conference}} on {{Human Factors}} in {{Computing Systems}}},
	author = {Irani, Lilly C. and Silberman, M. Six},
	year = 2013,
	month = apr,
	pages = {611--620},
	publisher = {ACM},
	address = {Paris France},
	doi = {10.1145/2470654.2470742},
	urldate = {2024-09-09},
	langid = {english}
}
@article{ishiiRadicalAtomsTangible2012a,
	keywords = {includes},
	title = {Radical Atoms: Beyond Tangible Bits, toward Transformable Materials},
	shorttitle = {Radical Atoms},
	author = {Ishii, Hiroshi and Lakatos, D{\'a}vid and Bonanni, Leonardo and Labrune, Jean-Baptiste},
	year = 2012,
	month = jan,
	journal = {Interactions},
	volume = 19,
	number = 1,
	pages = {38--51},
	issn = {1072-5520, 1558-3449},
	doi = {10.1145/2065327.2065337},
	urldate = {2024-09-09},
	langid = {english}
}
@article{ismailImaginingCaringFutures2022,
	keywords = {includes},
	title = {Imagining {{Caring Futures}} for {{Frontline Health Work}}},
	author = {Ismail, Azra and Yadav, Deepika and Gupta, Meghna and Dabas, Kirti and Singh, Pushpendra and Kumar, Neha},
	year = 2022,
	month = nov,
	journal = {Proceedings of the ACM on Human-Computer Interaction},
	volume = 6,
	number = {CSCW2},
	pages = {1--30},
	issn = {2573-0142},
	doi = {10.1145/3555581},
	urldate = {2024-09-09},
	langid = {english},
}
@article{jakobiItWhatThey2019,
	keywords = {includes},
	title = {It {{Is About What They Could Do}} with the {{Data}}: {{A User Perspective}} on {{Privacy}} in {{Smart Metering}}},
	shorttitle = {It {{Is About What They Could Do}} with the {{Data}}},
	author = {Jakobi, Timo and Patil, Sameer and Randall, Dave and Stevens, Gunnar and Wulf, Volker},
	year = 2019,
	month = feb,
	journal = {ACM Transactions on Computer-Human Interaction},
	volume = 26,
	number = 1,
	pages = {1--44},
	issn = {1073-0516, 1557-7325},
	doi = {10.1145/3281444},
	urldate = {2024-09-09},
	langid = {english}
}
@inproceedings{jhaverDesigningWordFilter2022,
	keywords = {includes},
	title = {Designing {{Word Filter Tools}} for {{Creator-led Comment Moderation}}},
	booktitle = {{{CHI Conference}} on {{Human Factors}} in {{Computing Systems}}},
	author = {Jhaver, Shagun and Chen, Quan Ze and Knauss, Detlef and Zhang, Amy X.},
	year = 2022,
	month = apr,
	pages = {1--21},
	publisher = {ACM},
	address = {New Orleans LA USA},
	doi = {10.1145/3491102.3517505},
	urldate = {2024-09-09},
	langid = {english},
}
@inproceedings{kaneSharedDecisionMaking2013,
	keywords = {includes},
	title = {Shared Decision Making Needs a Communication Record},
	booktitle = {Proceedings of the 2013 Conference on {{Computer}} Supported Cooperative Work},
	author = {Kane, Bridget T. and Toussaint, Pieter J. and Luz, Saturnino},
	year = 2013,
	month = feb,
	pages = {79--90},
	publisher = {ACM},
	address = {San Antonio Texas USA},
	doi = {10.1145/2441776.2441788},
	urldate = {2024-09-09},
	langid = {english},
}
@article{kawakamiSensingWellbeingWorkplace2023,
	keywords = {includes},
	title = {Sensing {{Wellbeing}} in the {{Workplace}}, {{Why}} and {{For Whom}}? {{Envisioning Impacts}} with {{Organizational Stakeholders}}},
	shorttitle = {Sensing {{Wellbeing}} in the {{Workplace}}, {{Why}} and {{For Whom}}?},
	author = {Kawakami, Anna and Chowdhary, Shreya and Iqbal, Shamsi T. and Liao, Q. Vera and Olteanu, Alexandra and Suh, Jina and Saha, Koustuv},
	year = 2023,
	month = sep,
	journal = {Proceedings of the ACM on Human-Computer Interaction},
	volume = 7,
	number = {CSCW2},
	pages = {1--33},
	issn = {2573-0142},
	doi = {10.1145/3610207},
	urldate = {2024-09-09},
	langid = {english},
}
@inproceedings{kawakamiWhyCareWhats2022,
	keywords = {includes},
	title = {``{{Why Do I Care What}}'s {{Similar}}?'' {{Probing Challenges}} in {{AI-Assisted Child Welfare Decision-Making}} through {{Worker-AI Interface Design Concepts}}},
	shorttitle = {``{{Why Do I Care What}}'s {{Similar}}?},
	booktitle = {Designing {{Interactive Systems Conference}}},
	author = {Kawakami, Anna and Sivaraman, Venkatesh and Stapleton, Logan and Cheng, Hao-Fei and Perer, Adam and Wu, Zhiwei Steven and Zhu, Haiyi and Holstein, Kenneth},
	year = 2022,
	month = jun,
	pages = {454--470},
	publisher = {ACM},
	address = {Virtual Event Australia},
	doi = {10.1145/3532106.3533556},
	urldate = {2024-09-09},
	langid = {english},
}
@inproceedings{kayeMoneyTalksTracking2014,
	keywords = {includes},
	title = {Money Talks: Tracking Personal Finances},
	shorttitle = {Money Talks},
	booktitle = {Proceedings of the {{SIGCHI Conference}} on {{Human Factors}} in {{Computing Systems}}},
	author = {Kaye, Joseph Jofish and McCuistion, Mary and Gulotta, Rebecca and Shamma, David A.},
	year = 2014,
	month = apr,
	pages = {521--530},
	publisher = {ACM},
	address = {Toronto Ontario Canada},
	doi = {10.1145/2556288.2556975},
	urldate = {2024-09-09},
	langid = {english}
}
@article{keyesReimaginingWomensHealth2020,
	keywords = {includes},
	title = {Reimagining ({{Women}}'s) {{Health}}: {{HCI}}, {{Gender}} and {{Essentialised Embodiment}}},
	shorttitle = {Reimagining ({{Women}}'s) {{Health}}},
	author = {Keyes, Os and Peil, Burren and Williams, Rua M. and Spiel, Katta},
	year = 2020,
	month = aug,
	journal = {ACM Transactions on Computer-Human Interaction},
	volume = 27,
	number = 4,
	pages = {1--42},
	issn = {1073-0516, 1557-7325},
	doi = {10.1145/3404218},
	urldate = {2024-09-09},
	langid = {english}
}
@inproceedings{keyFeministCareAnthropocene2022,
	keywords = {includes},
	title = {Feminist {{Care}} in the {{Anthropocene}}: {{Packing}} and {{Unpacking Tensions}} in {{Posthumanist HCI}}},
	shorttitle = {Feminist {{Care}} in the {{Anthropocene}}},
	booktitle = {Designing {{Interactive Systems Conference}}},
	author = {Key, Cayla and Gatehouse, Cally and Taylor, Nick},
	year = 2022,
	month = jun,
	pages = {677--692},
	publisher = {ACM},
	address = {Virtual Event Australia},
	doi = {10.1145/3532106.3533540},
	urldate = {2024-09-09},
	langid = {english},
}
@inproceedings{khanSpeculativeDesignEducation2021,
	keywords = {includes},
	title = {Speculative {{Design}} for {{Education}}: {{Using Participatory Methods}} to {{Map Design Challenges}} and {{Opportunities}} in {{Pakistan}}},
	shorttitle = {Speculative {{Design}} for {{Education}}},
	booktitle = {Designing {{Interactive Systems Conference}} 2021},
	author = {Khan, Awais Hameed and Ejaz, Neelam and Matthews, Sarah and Snow, Stephen and Matthews, Ben},
	year = 2021,
	month = jun,
	pages = {1748--1764},
	publisher = {ACM},
	address = {Virtual Event USA},
	doi = {10.1145/3461778.3462117},
	urldate = {2024-09-09},
	langid = {english}
}
@article{kingsleyGiveEverybodyLittle2022,
	keywords = {includes},
	title = {"{{Give Everybody}} [..] a {{Little Bit More Equity}}": {{Content Creator Perspectives}} and {{Responses}} to the {{Algorithmic Demonetization}} of {{Content Associated}} with {{Disadvantaged Groups}}},
	shorttitle = {"{{Give Everybody}} [..] a {{Little Bit More Equity}}"},
	author = {Kingsley, Sara and Sinha, Proteeti and Wang, Clara and Eslami, Motahhare and Hong, Jason I.},
	year = 2022,
	month = nov,
	journal = {Proceedings of the ACM on Human-Computer Interaction},
	volume = 6,
	number = {CSCW2},
	pages = {1--37},
	issn = {2573-0142},
	doi = {10.1145/3555149},
	urldate = {2024-09-09},
	langid = {english},
}
@article{kirshEmbodiedCognitionMagical2013,
	keywords = {includes},
	title = {Embodied Cognition and the Magical Future of Interaction Design},
	author = {Kirsh, David},
	year = 2013,
	month = mar,
	journal = {ACM Transactions on Computer-Human Interaction},
	volume = 20,
	number = 1,
	pages = {1--30},
	issn = {1073-0516, 1557-7325},
	doi = {10.1145/2442106.2442109},
	urldate = {2024-09-09},
	langid = {english},
}
@inproceedings{klopfensteinRiseBotsSurvey2017,
	keywords = {includes},
	title = {The {{Rise}} of {{Bots}}: {{A Survey}} of {{Conversational Interfaces}}, {{Patterns}}, and {{Paradigms}}},
	shorttitle = {The {{Rise}} of {{Bots}}},
	booktitle = {Proceedings of the 2017 {{Conference}} on {{Designing Interactive Systems}}},
	author = {Klopfenstein, Lorenz Cuno and Delpriori, Saverio and Malatini, Silvia and Bogliolo, Alessandro},
	year = 2017,
	month = jun,
	pages = {555--565},
	publisher = {ACM},
	address = {Edinburgh United Kingdom},
	doi = {10.1145/3064663.3064672},
	urldate = {2024-09-09},
	langid = {english}
}
@article{kocielnikReflectionCompanionConversational2018,
	keywords = {includes},
	title = {Reflection {{Companion}}: {{A Conversational System}} for {{Engaging Users}} in {{Reflection}} on {{Physical Activity}}},
	shorttitle = {Reflection {{Companion}}},
	author = {Kocielnik, Rafal and Xiao, Lillian and Avrahami, Daniel and Hsieh, Gary},
	year = 2018,
	month = jul,
	journal = {Proceedings of the ACM on Interactive, Mobile, Wearable and Ubiquitous Technologies},
	volume = 2,
	number = 2,
	pages = {1--26},
	issn = {2474-9567},
	doi = {10.1145/3214273},
	urldate = {2024-09-09},
	langid = {english}
}
@inproceedings{kozubaevExpandingModesReflection2020,
	title = {Expanding {{Modes}} of {{Reflection}} in {{Design Futuring}}},
	booktitle = {Proceedings of the 2020 {{CHI Conference}} on {{Human Factors}} in {{Computing Systems}}},
	author = {Kozubaev, Sandjar and Elsden, Chris and Howell, Noura and S{\o}ndergaard, Marie Louise Juul and Merrill, Nick and Schulte, Britta and Wong, Richmond Y.},
	year = 2020,
	month = apr,
	series = {{{CHI}} '20},
	pages = {1--15},
	publisher = {ACM},
	address = {Honolulu HI USA},
	doi = {10.1145/3313831.3376526},
	urldate = {2022-03-02},
	langid = {english},
	keywords = {design futuring,design methods,futures,futures-oriented design,research through design,speculative design},
}
@inproceedings{lazarovasquezIntroducingSustainablePrototyping2020,
	keywords = {includes},
	title = {Introducing the {{Sustainable Prototyping Life Cycle}} for {{Digital Fabrication}} to {{Designers}}},
	booktitle = {Proceedings of the 2020 {{ACM Designing Interactive Systems Conference}}},
	author = {Lazaro Vasquez, Eldy S. and Wang, Hao-Chuan and Vega, Katia},
	year = 2020,
	month = jul,
	pages = {1301--1312},
	publisher = {ACM},
	address = {Eindhoven Netherlands},
	doi = {10.1145/3357236.3395510},
	urldate = {2024-09-09},
	langid = {english},
}
@article{leeWeBuildAIParticipatoryFramework2019,
	keywords = {includes},
	title = {{{WeBuildAI}}: {{Participatory Framework}} for {{Algorithmic Governance}}},
	shorttitle = {{WeBuildAI}},
	author = {Lee, Min Kyung and Kusbit, Daniel and Kahng, Anson and Kim, Ji Tae and Yuan, Xinran and Chan, Allissa and See, Daniel and Noothigattu, Ritesh and Lee, Siheon and Psomas, Alexandros and Procaccia, Ariel D.},
	year = 2019,
	month = nov,
	journal = {Proceedings of the ACM on Human-Computer Interaction},
	volume = 3,
	number = {CSCW},
	pages = {1--35},
	issn = {2573-0142},
	doi = {10.1145/3359283},
	urldate = {2024-09-09},
	langid = {english},
}
@inproceedings{liArtifactPowerLens2023,
	keywords = {includes},
	title = {Beyond the {{Artifact}}: {{Power}} as a {{Lens}} for {{Creativity Support Tools}}},
	shorttitle = {Beyond the {{Artifact}}},
	booktitle = {Proceedings of the 36th {{Annual ACM Symposium}} on {{User Interface Software}} and {{Technology}}},
	author = {Li, Jingyi and Rawn, Eric and Ritchie, Jacob and Tran O'Leary, Jasper and Follmer, Sean},
	year = 2023,
	month = oct,
	pages = {1--15},
	publisher = {ACM},
	address = {San Francisco CA USA},
	doi = {10.1145/3586183.3606831},
	urldate = {2024-09-09},
	langid = {english},
}
@inproceedings{lightDesignExistentialCrisis2017,
	keywords = {includes},
	title = {Design for {{Existential Crisis}}},
	booktitle = {Proceedings of the 2017 {{CHI Conference Extended Abstracts}} on {{Human Factors}} in {{Computing Systems}}},
	author = {Light, Ann and Shklovski, Irina and Powell, Alison},
	year = 2017,
	month = may,
	pages = {722--734},
	publisher = {ACM},
	address = {Denver Colorado USA},
	doi = {10.1145/3027063.3052760},
	urldate = {2024-09-09},
	langid = {english}
}
@article{lightEcologiesSubversionTroubling2022b,
	keywords = {includes},
	title = {Ecologies of Subversion: Troubling Interaction Design for Climate Care},
	shorttitle = {Ecologies of Subversion},
	author = {Light, Ann},
	year = 2022,
	month = jan,
	journal = {Interactions},
	volume = 29,
	number = 1,
	pages = {34--38},
	issn = {1072-5520, 1558-3449},
	doi = {10.1145/3501301},
	urldate = {2024-09-09},
	langid = {english},
}
@inproceedings{lindleyImplicationsAdoption2017,
	keywords = {includes},
	title = {Implications for {{Adoption}}},
	booktitle = {Proceedings of the 2017 {{CHI Conference}} on {{Human Factors}} in {{Computing Systems}}},
	author = {Lindley, Joseph and Coulton, Paul and Sturdee, Miriam},
	year = 2017,
	month = may,
	pages = {265--277},
	publisher = {ACM},
	address = {Denver Colorado USA},
	doi = {10.1145/3025453.3025742},
	urldate = {2022-11-07},
	langid = {english},
}
@article{lindleyPlacingAgeTransitioning2015,
	keywords = {includes},
	title = {Placing in {{Age}}: {{Transitioning}} to a {{New Home}} in {{Later Life}}},
	shorttitle = {Placing in {{Age}}},
	author = {Lindley, Si{\^a}n and Wallace, Jayne},
	year = 2015,
	month = jul,
	journal = {ACM Transactions on Computer-Human Interaction},
	volume = 22,
	number = 4,
	pages = {1--39},
	issn = {1073-0516, 1557-7325},
	doi = {10.1145/2755562},
	urldate = {2024-09-09},
	langid = {english},
}
@inproceedings{lindleyPushingLimitsDesign2016a,
	keywords = {includes},
	title = {Pushing the {{Limits}} of {{Design Fiction}}: {{The Case For Fictional Research Papers}}},
	shorttitle = {Pushing the {{Limits}} of {{Design Fiction}}},
	booktitle = {Proceedings of the 2016 {{CHI Conference}} on {{Human Factors}} in {{Computing Systems}}},
	author = {Lindley, Joseph and Coulton, Paul},
	year = 2016,
	month = may,
	pages = {4032--4043},
	publisher = {ACM},
	address = {San Jose California USA},
	doi = {10.1145/2858036.2858446},
	urldate = {2024-09-09},
	langid = {english},
}
@inproceedings{lindtnerEmergingSitesHCI2014a,
	keywords = {includes},
	title = {Emerging Sites of {{HCI}} Innovation: Hackerspaces, Hardware Startups \& Incubators},
	shorttitle = {Emerging Sites of {{HCI}} Innovation},
	booktitle = {Proceedings of the {{SIGCHI Conference}} on {{Human Factors}} in {{Computing Systems}}},
	author = {Lindtner, Silvia and Hertz, Garnet D. and Dourish, Paul},
	year = 2014,
	month = apr,
	pages = {439--448},
	publisher = {ACM},
	address = {Toronto Ontario Canada},
	doi = {10.1145/2556288.2557132},
	urldate = {2024-09-09},
	langid = {english}
}
@inproceedings{lindtnerReconstitutingUtopianVision2016a,
	keywords = {includes},
	title = {Reconstituting the {{Utopian Vision}} of {{Making}}: {{HCI After Technosolutionism}}},
	shorttitle = {Reconstituting the {{Utopian Vision}} of {{Making}}},
	booktitle = {Proceedings of the 2016 {{CHI Conference}} on {{Human Factors}} in {{Computing Systems}}},
	author = {Lindtner, Silvia and Bardzell, Shaowen and Bardzell, Jeffrey},
	year = 2016,
	month = may,
	pages = {1390--1402},
	publisher = {ACM},
	address = {San Jose California USA},
	doi = {10.1145/2858036.2858506},
	urldate = {2024-09-09},
	langid = {english},
}
@inproceedings{liuDesignCollaborativeSurvival2018a,
	keywords = {includes},
	title = {Design for {{Collaborative Survival}}: {{An Inquiry}} into {{Human-Fungi Relationships}}},
	shorttitle = {Design for {{Collaborative Survival}}},
	booktitle = {Proceedings of the 2018 {{CHI Conference}} on {{Human Factors}} in {{Computing Systems}}},
	author = {Liu, Jen and Byrne, Daragh and Devendorf, Laura},
	year = 2018,
	month = apr,
	pages = {1--13},
	publisher = {ACM},
	address = {Montreal QC Canada},
	doi = {10.1145/3173574.3173614},
	urldate = {2024-09-09},
	langid = {english}
}
@inproceedings{loglerMetaphorCardsHowGuide2018,
	keywords = {includes},
	title = {Metaphor {{Cards}}: {{A How-to-Guide}} for {{Making}} and {{Using}} a {{Generative Metaphorical Design Toolkit}}},
	shorttitle = {Metaphor {{Cards}}},
	booktitle = {Proceedings of the 2018 {{Designing Interactive Systems Conference}}},
	author = {Logler, Nick and Yoo, Daisy and Friedman, Batya},
	year = 2018,
	month = jun,
	pages = {1373--1386},
	publisher = {ACM},
	address = {Hong Kong China},
	doi = {10.1145/3196709.3196811},
	urldate = {2024-09-09},
	langid = {english},
}
@inproceedings{luCodingBiasUse2021,
	keywords = {includes},
	title = {Coding {{Bias}} in the {{Use}} of {{Behavior Management Technologies}}: {{Uncovering Socio-technical Consequences}} of {{Data-driven Surveillance}} in {{Classrooms}}},
	shorttitle = {Coding {{Bias}} in the {{Use}} of {{Behavior Management Technologies}}},
	booktitle = {Designing {{Interactive Systems Conference}} 2021},
	author = {Lu, Alex Jiahong and Marcu, Gabriela and Ackerman, Mark S. and Dillahunt, Tawanna R},
	year = 2021,
	month = jun,
	pages = {508--522},
	publisher = {ACM},
	address = {Virtual Event USA},
	doi = {10.1145/3461778.3462084},
	urldate = {2024-09-09},
	langid = {english},
}
@inproceedings{luFeelItMy2019,
	keywords = {includes},
	title = {"{{I}} Feel It Is My Responsibility to Stream": {{Streaming}} and {{Engaging}} with {{Intangible Cultural Heritage}} through {{Livestreaming}}},
	shorttitle = {"{{I}} Feel It Is My Responsibility to Stream"},
	booktitle = {Proceedings of the 2019 {{CHI Conference}} on {{Human Factors}} in {{Computing Systems}}},
	author = {Lu, Zhicong and Annett, Michelle and Fan, Mingming and Wigdor, Daniel},
	year = 2019,
	month = may,
	pages = {1--14},
	publisher = {ACM},
	address = {Glasgow Scotland Uk},
	doi = {10.1145/3290605.3300459},
	urldate = {2024-09-09},
	langid = {english}
}
@inproceedings{luoEseedShapeChangingInterfaces2020,
	keywords = {includes},
	title = {E-Seed: {{Shape-Changing Interfaces}} That {{Self Drill}}},
	shorttitle = {E-Seed},
	booktitle = {Proceedings of the 33rd {{Annual ACM Symposium}} on {{User Interface Software}} and {{Technology}}},
	author = {Luo, Danli and Gu, Jianzhe and Qin, Fang and Wang, Guanyun and Yao, Lining},
	year = 2020,
	month = oct,
	pages = {45--57},
	publisher = {ACM},
	address = {Virtual Event USA},
	doi = {10.1145/3379337.3415855},
	urldate = {2024-09-09},
	langid = {english}
}
@inproceedings{luriaReEmbodimentCoEmbodimentExploration2019,
	keywords = {includes},
	title = {Re-{{Embodiment}} and {{Co-Embodiment}}: {{Exploration}} of Social Presence for Robots and Conversational Agents},
	shorttitle = {Re-{{Embodiment}} and {{Co-Embodiment}}},
	booktitle = {Proceedings of the 2019 on {{Designing Interactive Systems Conference}}},
	author = {Luria, Michal and Reig, Samantha and Tan, Xiang Zhi and Steinfeld, Aaron and Forlizzi, Jodi and Zimmerman, John},
	year = 2019,
	month = jun,
	pages = {633--644},
	publisher = {ACM},
	address = {San Diego CA USA},
	doi = {10.1145/3322276.3322340},
	urldate = {2024-09-09},
	langid = {english},
}
@inproceedings{manciniContravisionExploringUsers2010a,
	keywords = {includes},
	title = {Contravision: Exploring Users' Reactions to Futuristic Technology},
	shorttitle = {Contravision},
	booktitle = {Proceedings of the {{SIGCHI Conference}} on {{Human Factors}} in {{Computing Systems}}},
	author = {Mancini, Clara and Rogers, Yvonne and Bandara, Arosha K. and Coe, Tony and Jedrzejczyk, Lukasz and Joinson, Adam N. and Price, Blaine A. and Thomas, Keerthi and Nuseibeh, Bashar},
	year = 2010,
	month = apr,
	pages = {153--162},
	publisher = {ACM},
	address = {Atlanta Georgia USA},
	doi = {10.1145/1753326.1753350},
	urldate = {2024-09-09},
	langid = {english},
}
@article{maoHowDataScientistsWork2019,
	keywords = {includes},
	title = {How {{Data ScientistsWork Together With Domain Experts}} in {{Scientific Collaborations}}: {{To Find The Right Answer Or To Ask The Right Question}}?},
	shorttitle = {How {{Data ScientistsWork Together With Domain Experts}} in {{Scientific Collaborations}}},
	author = {Mao, Yaoli and Wang, Dakuo and Muller, Michael and Varshney, Kush R. and Baldini, Ioana and Dugan, Casey and Mojsilovi{\'c}, Aleksandra},
	year = 2019,
	month = dec,
	journal = {Proceedings of the ACM on Human-Computer Interaction},
	volume = 3,
	number = {GROUP},
	pages = {1--23},
	issn = {2573-0142},
	doi = {10.1145/3361118},
	urldate = {2024-09-09},
	langid = {english},
}
@article{matviienkoBabyYouCan2022,
	keywords = {includes},
	title = {"{{Baby}}, {{You}} Can {{Ride}} My {{Bike}}": {{Exploring Maneuver Indications}} of {{Self-Driving Bicycles}} Using a {{Tandem Simulator}}},
	shorttitle = {"{{Baby}}, {{You}} Can {{Ride}} My {{Bike}}"},
	author = {Matviienko, Andrii and Mehmedovic, Damir and M{\"u}ller, Florian and M{\"u}hlh{\"a}user, Max},
	year = 2022,
	month = sep,
	journal = {Proceedings of the ACM on Human-Computer Interaction},
	volume = 6,
	number = {MHCI},
	pages = {1--21},
	issn = {2573-0142},
	doi = {10.1145/3546723},
	urldate = {2024-09-09},
	langid = {english}
}
@inproceedings{maUncoveringGigWorkerCentered2023,
	keywords = {includes},
	title = {Uncovering {{Gig Worker-Centered Design Opportunities}} in {{Food Delivery Work}}},
	booktitle = {Proceedings of the 2023 {{ACM Designing Interactive Systems Conference}}},
	author = {Ma, Shuhao and Bala, Paulo and Nisi, Valentina and Zimmerman, John and Nunes, Nuno Jardim},
	year = 2023,
	month = jul,
	pages = {688--701},
	publisher = {ACM},
	address = {Pittsburgh PA USA},
	doi = {10.1145/3563657.3596123},
	urldate = {2024-09-09},
	langid = {english}
}
@inproceedings{meyersImpoverishedVisionsSustainability2016,
	keywords = {includes},
	title = {Impoverished {{Visions}} of {{Sustainability}}: {{Encouraging Disruption}} in {{Digital Learning Environments}}},
	shorttitle = {Impoverished {{Visions}} of {{Sustainability}}},
	booktitle = {Proceedings of the 19th {{ACM Conference}} on {{Computer-Supported Cooperative Work}} \& {{Social Computing}}},
	author = {Meyers, Eric M. and Nathan, Lisa P.},
	year = 2016,
	month = feb,
	pages = {222--232},
	publisher = {ACM},
	address = {San Francisco California USA},
	doi = {10.1145/2818048.2819987},
	urldate = {2024-09-09},
	langid = {english}
}
@inproceedings{michaelisCollaborativeSimplyUncaged2020,
	keywords = {includes},
	title = {Collaborative or {{Simply Uncaged}}? {{Understanding Human-Cobot Interactions}} in {{Automation}}},
	shorttitle = {Collaborative or {{Simply Uncaged}}?},
	booktitle = {Proceedings of the 2020 {{CHI Conference}} on {{Human Factors}} in {{Computing Systems}}},
	author = {Michaelis, Joseph E. and {Siebert-Evenstone}, Amanda and Shaffer, David Williamson and Mutlu, Bilge},
	year = 2020,
	month = apr,
	pages = {1--12},
	publisher = {ACM},
	address = {Honolulu HI USA},
	doi = {10.1145/3313831.3376547},
	urldate = {2024-09-09},
	langid = {english}
}
@inproceedings{morrisseyValueExperienceCentredDesign2017,
	keywords = {includes},
	title = {The {{Value}} of {{Experience-Centred Design Approaches}} in {{Dementia Research Contexts}}},
	booktitle = {Proceedings of the 2017 {{CHI Conference}} on {{Human Factors}} in {{Computing Systems}}},
	author = {Morrissey, Kellie and McCarthy, John and Pantidi, Nadia},
	year = 2017,
	month = may,
	pages = {1326--1338},
	publisher = {ACM},
	address = {Denver Colorado USA},
	doi = {10.1145/3025453.3025527},
	urldate = {2024-09-09},
	langid = {english}
}
@inproceedings{muellerJoggingQuadcopter2015,
	keywords = {includes},
	title = {Jogging with a {{Quadcopter}}},
	booktitle = {Proceedings of the 33rd {{Annual ACM Conference}} on {{Human Factors}} in {{Computing Systems}}},
	author = {Mueller, Florian 'Floyd' and Muirhead, Matthew},
	year = 2015,
	month = apr,
	pages = {2023--2032},
	publisher = {ACM},
	address = {Seoul Republic of Korea},
	doi = {10.1145/2702123.2702472},
	urldate = {2024-09-09},
	langid = {english}
}
@article{muellerUnderstandingDesignIntertwined2023,
	keywords = {includes},
	title = {Toward {{Understanding}} the {{Design}} of {{Intertwined Human}}--{{Computer Integrations}}},
	author = {Mueller, Florian `Floyd' and Semertzidis, Nathan and Andres, Josh and Marshall, Joe and Benford, Steve and Li, Xiang and Matjeka, Louise and Mehta, Yash},
	year = 2023,
	month = oct,
	journal = {ACM Transactions on Computer-Human Interaction},
	volume = 30,
	number = 5,
	pages = {1--45},
	issn = {1073-0516, 1557-7325},
	doi = {10.1145/3590766},
	urldate = {2024-09-09},
	langid = {english}
}
@article{murray-rustBlockchainUnderstandingBlockchains2022,
	keywords = {includes},
	title = {Blockchain and {{Beyond}}: {{Understanding Blockchains Through Prototypes}} and {{Public Engagement}}},
	shorttitle = {Blockchain and {{Beyond}}},
	author = {{Murray-Rust}, Dave and Elsden, Chris and Nissen, Bettina and Tallyn, Ella and Pschetz, Larissa and Speed, Chris},
	year = 2022,
	month = oct,
	journal = {ACM Transactions on Computer-Human Interaction},
	volume = 29,
	number = 5,
	pages = {1--73},
	issn = {1073-0516, 1557-7325},
	doi = {10.1145/3503462},
	urldate = {2024-09-09},
	langid = {english},
}
@article{murrayFEATUREResearchStrategiesFuture2009,
	keywords = {includes},
	title = {{{FEATUREResearch}} Strategies for Future Planning},
	author = {Murray, Colleen},
	year = 2009,
	month = mar,
	journal = {Interactions},
	volume = 16,
	number = 2,
	pages = {63--66},
	issn = {1072-5520, 1558-3449},
	doi = {10.1145/1487632.1487647},
	urldate = {2024-09-09},
	langid = {english}
}
@inproceedings{nathanEnvisioningSystemicEffects2008a,
	keywords = {includes},
	title = {Envisioning Systemic Effects on Persons and Society throughout Interactive System Design},
	booktitle = {Proceedings of the 7th {{ACM}} Conference on {{Designing}} Interactive Systems},
	author = {Nathan, Lisa P. and Friedman, Batya and Klasnja, Predrag and Kane, Shaun K. and Miller, Jessica K.},
	year = 2008,
	month = feb,
	pages = {1--10},
	publisher = {ACM},
	address = {Cape Town South Africa},
	doi = {10.1145/1394445.1394446},
	urldate = {2024-09-09},
	langid = {english}
}
@article{nathanSUSTAINABLYOURSInformation2009,
	keywords = {includes},
	title = {{{SUSTAINABLY OURS Information}} System Design as Catalyst: Human Action and Environmental Sustainability},
	shorttitle = {{{SUSTAINABLY OURSInformation}} System Design as Catalyst},
	author = {Nathan, Lisa and Friedman, Batya and Hendry, Dave},
	year = 2009,
	month = jul,
	journal = {Interactions},
	volume = 16,
	number = 4,
	pages = {6--11},
	issn = {1072-5520, 1558-3449},
	doi = {10.1145/1551986.1551988},
	urldate = {2024-09-09},
	langid = {english}
}
@article{neustaedterSharingDomesticLife2015,
	keywords = {includes},
	title = {Sharing {{Domestic Life}} through {{Long-Term Video Connections}}},
	author = {Neustaedter, Carman and Pang, Carolyn and Forghani, Azadeh and Oduor, Erick and Hillman, Serena and Judge, Tejinder K. and Massimi, Michael and Greenberg, Saul},
	year = 2015,
	month = mar,
	journal = {ACM Transactions on Computer-Human Interaction},
	volume = 22,
	number = 1,
	pages = {1--29},
	issn = {1073-0516, 1557-7325},
	doi = {10.1145/2696869},
	urldate = {2024-09-09},
	langid = {english}
}
@inproceedings{odomFieldworkFutureUser2012,
	keywords = {includes},
	title = {A Fieldwork of the Future with User Enactments},
	booktitle = {Proceedings of the {{Designing Interactive Systems Conference}}},
	author = {Odom, William and Zimmerman, John and Davidoff, Scott and Forlizzi, Jodi and Dey, Anind K. and Lee, Min Kyung},
	year = 2012,
	month = jun,
	pages = {338--347},
	publisher = {ACM},
	address = {Newcastle Upon Tyne United Kingdom},
	doi = {10.1145/2317956.2318008},
	urldate = {2024-09-09},
	langid = {english}
}
@inproceedings{odomPhotoboxDesignSlow2012,
	keywords = {includes},
	title = {Photobox: On the Design of a Slow Technology},
	shorttitle = {Photobox},
	booktitle = {Proceedings of the {{Designing Interactive Systems Conference}}},
	author = {Odom, William and Selby, Mark and Sellen, Abigail and Kirk, David and Banks, Richard and Regan, Tim},
	year = 2012,
	month = jun,
	pages = {665--668},
	publisher = {ACM},
	address = {Newcastle Upon Tyne United Kingdom},
	doi = {10.1145/2317956.2318055},
	urldate = {2024-09-09},
	langid = {english}
}
@inproceedings{odomPlacelessnessSpacelessnessFormlessness2014,
	keywords = {includes},
	title = {Placelessness, Spacelessness, and Formlessness: Experiential Qualities of Virtual Possessions},
	shorttitle = {Placelessness, Spacelessness, and Formlessness},
	booktitle = {Proceedings of the 2014 Conference on {{Designing}} Interactive Systems},
	author = {Odom, William and Zimmerman, John and Forlizzi, Jodi},
	year = 2014,
	month = jun,
	pages = {985--994},
	publisher = {ACM},
	address = {Vancouver BC Canada},
	doi = {10.1145/2598510.2598577},
	urldate = {2024-09-09},
	langid = {english}
}
@inproceedings{odomTechnologyHeirloomsConsiderations2012,
	keywords = {includes},
	title = {Technology Heirlooms?: Considerations for Passing down and Inheriting Digital Materials},
	shorttitle = {Technology Heirlooms?},
	booktitle = {Proceedings of the {{SIGCHI Conference}} on {{Human Factors}} in {{Computing Systems}}},
	author = {Odom, William and Banks, Richard and Kirk, David and Harper, Richard and Lindley, Si{\^a}n and Sellen, Abigail},
	year = 2012,
	month = may,
	pages = {337--346},
	publisher = {ACM},
	address = {Austin Texas USA},
	doi = {10.1145/2207676.2207723},
	urldate = {2024-09-09},
	langid = {english}
}
@article{ohaganPrivacyEnhancingTechnologyEveryday2022,
	keywords = {includes},
	title = {Privacy-{{Enhancing Technology}} and {{Everyday Augmented Reality}}: {{Understanding Bystanders}}' {{Varying Needs}} for {{Awareness}} and {{Consent}}},
	shorttitle = {Privacy-{{Enhancing Technology}} and {{Everyday Augmented Reality}}},
	author = {O'Hagan, Joseph and Saeghe, Pejman and Gugenheimer, Jan and Medeiros, Daniel and Marky, Karola and Khamis, Mohamed and McGill, Mark},
	year = 2022,
	month = dec,
	journal = {Proceedings of the ACM on Interactive, Mobile, Wearable and Ubiquitous Technologies},
	volume = 6,
	number = 4,
	pages = {1--35},
	issn = {2474-9567},
	doi = {10.1145/3569501},
	urldate = {2024-09-09},
	langid = {english},
}
@inproceedings{ohUsVsThem2017,
	keywords = {includes},
	title = {Us vs. {{Them}}: {{Understanding Artificial Intelligence Technophobia}} over the {{Google DeepMind Challenge Match}}},
	shorttitle = {Us vs. {{Them}}},
	booktitle = {Proceedings of the 2017 {{CHI Conference}} on {{Human Factors}} in {{Computing Systems}}},
	author = {Oh, Changhoon and Lee, Taeyoung and Kim, Yoojung and Park, SoHyun and Kwon, Saebom and Suh, Bongwon},
	year = 2017,
	month = may,
	pages = {2523--2534},
	publisher = {ACM},
	address = {Denver Colorado USA},
	doi = {10.1145/3025453.3025539},
	urldate = {2024-09-09},
	langid = {english}
}
@inproceedings{oogjesDesigningOtherHome2018,
	keywords = {includes},
	title = {Designing for an Other {{Home}}: {{Expanding}} and {{Speculating}} on {{Different Forms}} of {{Domestic Life}}},
	shorttitle = {Designing for an Other {{Home}}},
	booktitle = {Proceedings of the 2018 {{Designing Interactive Systems Conference}}},
	author = {Oogjes, Doenja and Odom, William and Fung, Pete},
	year = 2018,
	month = jun,
	pages = {313--326},
	publisher = {ACM},
	address = {Hong Kong China},
	doi = {10.1145/3196709.3196810},
	urldate = {2024-09-09},
	langid = {english}
}
@inproceedings{parkGenerativeAgentsInteractive2023,
	keywords = {includes},
	title = {Generative {{Agents}}: {{Interactive Simulacra}} of {{Human Behavior}}},
	shorttitle = {Generative {{Agents}}},
	booktitle = {Proceedings of the 36th {{Annual ACM Symposium}} on {{User Interface Software}} and {{Technology}}},
	author = {Park, Joon Sung and O'Brien, Joseph and Cai, Carrie Jun and Morris, Meredith Ringel and Liang, Percy and Bernstein, Michael S.},
	year = 2023,
	month = oct,
	pages = {1--22},
	publisher = {ACM},
	address = {San Francisco CA USA},
	doi = {10.1145/3586183.3606763},
	urldate = {2024-09-09},
	langid = {english},
}
@inproceedings{parkSocialSimulacraCreating2022,
	keywords = {includes},
	title = {Social {{Simulacra}}: {{Creating Populated Prototypes}} for {{Social Computing Systems}}},
	shorttitle = {Social {{Simulacra}}},
	booktitle = {Proceedings of the 35th {{Annual ACM Symposium}} on {{User Interface Software}} and {{Technology}}},
	author = {Park, Joon Sung and Popowski, Lindsay and Cai, Carrie and Morris, Meredith Ringel and Liang, Percy and Bernstein, Michael S.},
	year = 2022,
	month = oct,
	pages = {1--18},
	publisher = {ACM},
	address = {Bend OR USA},
	doi = {10.1145/3526113.3545616},
	urldate = {2024-09-09},
	langid = {english},
}
@article{paterNoHumansHere2022,
	keywords = {includes},
	title = {No {{Humans Here}}: {{Ethical Speculation}} on {{Public Data}}, {{Unintended Consequences}}, and the {{Limits}} of {{Institutional Review}}},
	shorttitle = {No {{Humans Here}}},
	author = {Pater, Jessica and Fiesler, Casey and Zimmer, Michael},
	year = 2022,
	month = jan,
	journal = {Proceedings of the ACM on Human-Computer Interaction},
	volume = 6,
	number = {GROUP},
	pages = {1--13},
	issn = {2573-0142},
	doi = {10.1145/3492857},
	urldate = {2024-09-09},
	langid = {english},
}
@inproceedings{pendseTreatmentHealingEnvisioning2022,
	keywords = {includes},
	title = {From {{Treatment}} to {{Healing}}:{{Envisioning}} a {{Decolonial Digital Mental Health}}},
	shorttitle = {From {{Treatment}} to {{Healing}}},
	booktitle = {{{CHI Conference}} on {{Human Factors}} in {{Computing Systems}}},
	author = {Pendse, Sachin R and Nkemelu, Daniel and Bidwell, Nicola J and Jadhav, Sushrut and Pathare, Soumitra and De Choudhury, Munmun and Kumar, Neha},
	year = 2022,
	month = apr,
	pages = {1--23},
	publisher = {ACM},
	address = {New Orleans LA USA},
	doi = {10.1145/3491102.3501982},
	urldate = {2024-09-09},
	langid = {english},
}
@inproceedings{pierceDesignProposalWireless2016,
	keywords = {includes},
	title = {Design {{Proposal}} for a {{Wireless Derouter}}: {{Speculatively Engaging Digitally Disconnected Space}}},
	shorttitle = {Design {{Proposal}} for a {{Wireless Derouter}}},
	booktitle = {Proceedings of the 2016 {{ACM Conference}} on {{Designing Interactive Systems}}},
	author = {Pierce, James},
	year = 2016,
	month = jun,
	pages = {388--402},
	publisher = {ACM},
	address = {Brisbane QLD Australia},
	doi = {10.1145/2901790.2901908},
	urldate = {2024-09-09},
	langid = {english}
}
@inproceedings{pierceEnergyMonitorsInteraction2012,
	keywords = {includes},
	title = {Beyond Energy Monitors: Interaction, Energy, and Emerging Energy Systems},
	shorttitle = {Beyond Energy Monitors},
	booktitle = {Proceedings of the {{SIGCHI Conference}} on {{Human Factors}} in {{Computing Systems}}},
	author = {Pierce, James and Paulos, Eric},
	year = 2012,
	month = may,
	pages = {665--674},
	publisher = {ACM},
	address = {Austin Texas USA},
	doi = {10.1145/2207676.2207771},
	urldate = {2024-09-09},
	langid = {english}
}
@inproceedings{pierceSmartHomeSecurity2019a,
	keywords = {includes},
	title = {Smart {{Home Security Cameras}} and {{Shifting Lines}} of {{Creepiness}}: {{A Design-Led Inquiry}}},
	shorttitle = {Smart {{Home Security Cameras}} and {{Shifting Lines}} of {{Creepiness}}},
	booktitle = {Proceedings of the 2019 {{CHI Conference}} on {{Human Factors}} in {{Computing Systems}}},
	author = {Pierce, James},
	year = 2019,
	month = may,
	pages = {1--14},
	publisher = {ACM},
	address = {Glasgow Scotland Uk},
	doi = {10.1145/3290605.3300275},
	urldate = {2024-09-09},
	langid = {english}
}
@inproceedings{plodererProcessEngagementEngaging2012,
	keywords = {includes},
	title = {A Process of Engagement: Engaging with the Process},
	shorttitle = {A Process of Engagement},
	booktitle = {Proceedings of the {{Designing Interactive Systems Conference}}},
	author = {Ploderer, Bernd and Leong, Tuck and Ashkanasy, Shawn and Howard, Steve},
	year = 2012,
	month = jun,
	pages = {224--233},
	publisher = {ACM},
	address = {Newcastle Upon Tyne United Kingdom},
	doi = {10.1145/2317956.2317992},
	urldate = {2024-09-09},
	langid = {english},
}
@inproceedings{poupyrevProjectJacquardInteractive2016,
	keywords = {includes},
	title = {Project {{Jacquard}}: {{Interactive Digital Textiles}} at {{Scale}}},
	shorttitle = {Project {{Jacquard}}},
	booktitle = {Proceedings of the 2016 {{CHI Conference}} on {{Human Factors}} in {{Computing Systems}}},
	author = {Poupyrev, Ivan and Gong, Nan-Wei and Fukuhara, Shiho and Karagozler, Mustafa Emre and Schwesig, Carsten and Robinson, Karen E.},
	year = 2016,
	month = may,
	pages = {4216--4227},
	publisher = {ACM},
	address = {San Jose California USA},
	doi = {10.1145/2858036.2858176},
	urldate = {2024-09-09},
	langid = {english},
}
@inproceedings{prostAwarenessEmpowermentUsing2015,
	keywords = {includes},
	title = {From {{Awareness}} to {{Empowerment}}: {{Using Design Fiction}} to {{Explore Paths}} towards a {{Sustainable Energy Future}}},
	shorttitle = {From {{Awareness}} to {{Empowerment}}},
	booktitle = {Proceedings of the 18th {{ACM Conference}} on {{Computer Supported Cooperative Work}} \& {{Social Computing}}},
	author = {Prost, Sebastian and Mattheiss, Elke and Tscheligi, Manfred},
	year = 2015,
	month = feb,
	pages = {1649--1658},
	publisher = {ACM},
	address = {Vancouver BC Canada},
	doi = {10.1145/2675133.2675281},
	urldate = {2024-09-09},
	langid = {english}
}
@inproceedings{raeFrameworkUnderstandingDesigning2015,
	keywords = {includes},
	title = {A {{Framework}} for {{Understanding}} and {{Designing Telepresence}}},
	booktitle = {Proceedings of the 18th {{ACM Conference}} on {{Computer Supported Cooperative Work}} \& {{Social Computing}}},
	author = {Rae, Irene and Venolia, Gina and Tang, John C. and Molnar, David},
	year = 2015,
	month = feb,
	pages = {1552--1566},
	publisher = {ACM},
	address = {Vancouver BC Canada},
	doi = {10.1145/2675133.2675141},
	urldate = {2024-09-09},
	langid = {english}
}
@article{rakovaWhereResponsibleAI2021,
	keywords = {includes},
	title = {Where {{Responsible AI}} Meets {{Reality}}: {{Practitioner Perspectives}} on {{Enablers}} for {{Shifting Organizational Practices}}},
	shorttitle = {Where {{Responsible AI}} Meets {{Reality}}},
	author = {Rakova, Bogdana and Yang, Jingying and Cramer, Henriette and Chowdhury, Rumman},
	year = 2021,
	month = apr,
	journal = {Proceedings of the ACM on Human-Computer Interaction},
	volume = 5,
	number = {CSCW1},
	pages = {1--23},
	issn = {2573-0142},
	doi = {10.1145/3449081},
	urldate = {2024-09-09},
	langid = {english},
}
@article{raziSlidingMyDMs2023,
	keywords = {includes},
	title = {Sliding into {{My DMs}}: {{Detecting Uncomfortable}} or {{Unsafe Sexual Risk Experiences}} within {{Instagram Direct Messages Grounded}} in the {{Perspective}} of {{Youth}}},
	shorttitle = {Sliding into {{My DMs}}},
	author = {Razi, Afsaneh and Alsoubai, Ashwaq and Kim, Seunghyun and Ali, Shiza and Stringhini, Gianluca and De Choudhury, Munmun and Wisniewski, Pamela J.},
	year = 2023,
	month = apr,
	journal = {Proceedings of the ACM on Human-Computer Interaction},
	volume = 7,
	number = {CSCW1},
	pages = {1--29},
	issn = {2573-0142},
	doi = {10.1145/3579522},
	urldate = {2024-09-09},
	langid = {english}
}
@inproceedings{reevesEnvisioningUbiquitousComputing2012,
	keywords = {includes},
	title = {Envisioning Ubiquitous Computing},
	booktitle = {Proceedings of the {{SIGCHI Conference}} on {{Human Factors}} in {{Computing Systems}}},
	author = {Reeves, Stuart},
	year = 2012,
	month = may,
	pages = {1573--1582},
	publisher = {ACM},
	address = {Austin Texas USA},
	doi = {10.1145/2207676.2208278},
	urldate = {2022-10-18},
	langid = {english},
}
@inproceedings{ribesRepresentingCommunityKnowing2008,
	keywords = {includes},
	title = {Representing Community: Knowing Users in the Face of Changing Constituencies},
	shorttitle = {Representing Community},
	booktitle = {Proceedings of the 2008 {{ACM}} Conference on {{Computer}} Supported Cooperative Work},
	author = {Ribes, David and Finholt, Thomas A.},
	year = 2008,
	month = nov,
	pages = {107--116},
	publisher = {ACM},
	address = {San Diego CA USA},
	doi = {10.1145/1460563.1460581},
	urldate = {2024-09-09},
	langid = {english}
}
@article{ringfort-felnerKiroDesignFiction2022,
	keywords = {includes},
	title = {Kiro: {{A Design Fiction}} to {{Explore Social Conversation}} with {{Voice Assistants}}},
	shorttitle = {Kiro},
	author = {{Ringfort-Felner}, Ronda and Laschke, Matthias and Sadeghian, Shadan and Hassenzahl, Marc},
	year = 2022,
	month = jan,
	journal = {Proceedings of the ACM on Human-Computer Interaction},
	volume = 6,
	number = {GROUP},
	pages = {1--21},
	issn = {2573-0142},
	doi = {10.1145/3492852},
	urldate = {2024-09-09},
	langid = {english}
}
@inproceedings{rogersNeverTooOld2014,
	keywords = {includes},
	title = {Never Too Old: Engaging Retired People Inventing the Future with {{MaKey MaKey}}},
	shorttitle = {Never Too Old},
	booktitle = {Proceedings of the {{SIGCHI Conference}} on {{Human Factors}} in {{Computing Systems}}},
	author = {Rogers, Yvonne and Paay, Jeni and Brereton, Margot and Vaisutis, Kate L. and Marsden, Gary and Vetere, Frank},
	year = 2014,
	month = apr,
	pages = {3913--3922},
	publisher = {ACM},
	address = {Toronto Ontario Canada},
	doi = {10.1145/2556288.2557184},
	urldate = {2024-09-09},
	langid = {english}
}
@article{sabieDecadeInternationalMigration2022,
	keywords = {includes},
	title = {A {{Decade}} of {{International Migration Research}} in {{HCI}}: {{Overview}}, {{Challenges}}, {{Ethics}}, {{Impact}}, and {{Future Directions}}},
	shorttitle = {A {{Decade}} of {{International Migration Research}} in {{HCI}}},
	author = {Sabie, Dina and Ekmekcioglu, Cansu and Ahmed, Syed Ishtiaque},
	year = 2022,
	month = aug,
	journal = {ACM Transactions on Computer-Human Interaction},
	volume = 29,
	number = 4,
	pages = {1--35},
	issn = {1073-0516, 1557-7325},
	doi = {10.1145/3490555},
	urldate = {2024-09-09},
	langid = {english}
}
@inproceedings{saffoRemoteCollaborativeVirtual2021,
	keywords = {includes},
	title = {Remote and {{Collaborative Virtual Reality Experiments}} via {{Social VR Platforms}}},
	booktitle = {Proceedings of the 2021 {{CHI Conference}} on {{Human Factors}} in {{Computing Systems}}},
	author = {Saffo, David and Di Bartolomeo, Sara and Yildirim, Caglar and Dunne, Cody},
	year = 2021,
	month = may,
	pages = {1--15},
	publisher = {ACM},
	address = {Yokohama Japan},
	doi = {10.1145/3411764.3445426},
	urldate = {2024-09-09},
	langid = {english},
}
@article{sahaSustainableICTDBangladesh2022,
	keywords = {includes},
	title = {Towards {{Sustainable ICTD}} in {{Bangladesh}}: {{Understanding}} the {{Program}} and {{Policy Landscape}} and {{Its Implications}} for {{CSCW}} and {{HCI}}},
	shorttitle = {Towards {{Sustainable ICTD}} in {{Bangladesh}}},
	author = {Saha, Manika and Varghese, Delvin and Bartindale, Tom and Thilsted, Shakuntala Haraksingh and Ahmed, Syed Ishtiaque and Olivier, Patrick},
	year = 2022,
	month = mar,
	journal = {Proceedings of the ACM on Human-Computer Interaction},
	volume = 6,
	number = {CSCW1},
	pages = {1--31},
	issn = {2573-0142},
	doi = {10.1145/3512973},
	urldate = {2024-09-09},
	langid = {english},
}
@inproceedings{salehiWeAreDynamo2015,
	keywords = {includes},
	title = {We {{Are Dynamo}}: {{Overcoming Stalling}} and {{Friction}} in {{Collective Action}} for {{Crowd Workers}}},
	shorttitle = {We {{Are Dynamo}}},
	booktitle = {Proceedings of the 33rd {{Annual ACM Conference}} on {{Human Factors}} in {{Computing Systems}}},
	author = {Salehi, Niloufar and Irani, Lilly C. and Bernstein, Michael S. and Alkhatib, Ali and Ogbe, Eva and Milland, Kristy and {Clickhappier}},
	year = 2015,
	month = apr,
	pages = {1621--1630},
	publisher = {ACM},
	address = {Seoul Republic of Korea},
	doi = {10.1145/2702123.2702508},
	urldate = {2024-09-09},
	langid = {english}
}
@article{sanchez-cortesMoodVlogMultimodal2015,
	keywords = {includes},
	title = {In the {{Mood}} for {{Vlog}}: {{Multimodal Inference}} in {{Conversational Social Video}}},
	shorttitle = {In the {{Mood}} for {{Vlog}}},
	author = {{Sanchez-Cortes}, Dairazalia and Kumano, Shiro and Otsuka, Kazuhiro and {Gatica-Perez}, Daniel},
	year = 2015,
	month = jul,
	journal = {ACM Transactions on Interactive Intelligent Systems},
	volume = 5,
	number = 2,
	pages = {1--24},
	issn = {2160-6455, 2160-6463},
	doi = {10.1145/2641577},
	urldate = {2024-09-09},
	langid = {english}
}
@article{sandersDesigningCodesigningCollective2014,
	keywords = {includes},
	title = {From Designing to Co-Designing to Collective Dreaming: Three Slices in Time},
	shorttitle = {From Designing to Co-Designing to Collective Dreaming},
	author = {Sanders, Liz and Stappers, Pieter Jan},
	year = 2014,
	month = oct,
	journal = {Interactions},
	volume = 21,
	number = 6,
	pages = {24--33},
	issn = {1072-5520, 1558-3449},
	doi = {10.1145/2670616},
	urldate = {2024-09-09},
	langid = {english},
}
@inproceedings{saraijiMetaArmsBodyRemapping2018,
	keywords = {includes},
	title = {{{MetaArms}}: {{Body Remapping Using Feet-Controlled Artificial Arms}}},
	shorttitle = {{MetaArms}},
	booktitle = {Proceedings of the 31st {{Annual ACM Symposium}} on {{User Interface Software}} and {{Technology}}},
	author = {Saraiji, Mhd Yamen and Sasaki, Tomoya and Kunze, Kai and Minamizawa, Kouta and Inami, Masahiko},
	year = 2018,
	month = oct,
	pages = {65--74},
	publisher = {ACM},
	address = {Berlin Germany},
	doi = {10.1145/3242587.3242665},
	urldate = {2024-09-09},
	langid = {english},
}
@inproceedings{sauppeSocialImpactRobot2015,
	keywords = {includes},
	title = {The {{Social Impact}} of a {{Robot Co-Worker}} in {{Industrial Settings}}},
	booktitle = {Proceedings of the 33rd {{Annual ACM Conference}} on {{Human Factors}} in {{Computing Systems}}},
	author = {Saupp{\'e}, Allison and Mutlu, Bilge},
	year = 2015,
	month = apr,
	pages = {3613--3622},
	publisher = {ACM},
	address = {Seoul Republic of Korea},
	doi = {10.1145/2702123.2702181},
	urldate = {2024-09-09},
	langid = {english}
}
@inproceedings{schulenbergLeveragingAIbasedModeration2023,
	keywords = {includes},
	title = {Towards {{Leveraging AI-based Moderation}} to {{Address Emergent Harassment}} in {{Social Virtual Reality}}},
	booktitle = {Proceedings of the 2023 {{CHI Conference}} on {{Human Factors}} in {{Computing Systems}}},
	author = {Schulenberg, Kelsea and Li, Lingyuan and Freeman, Guo and Zamanifard, Samaneh and McNeese, Nathan J.},
	year = 2023,
	month = apr,
	pages = {1--17},
	publisher = {ACM},
	address = {Hamburg Germany},
	doi = {10.1145/3544548.3581090},
	urldate = {2024-09-09},
	langid = {english}
}
@inproceedings{seeringDyadicInteractionsConsidering2019,
	keywords = {includes},
	title = {Beyond {{Dyadic Interactions}}: {{Considering Chatbots}} as {{Community Members}}},
	shorttitle = {Beyond {{Dyadic Interactions}}},
	booktitle = {Proceedings of the 2019 {{CHI Conference}} on {{Human Factors}} in {{Computing Systems}}},
	author = {Seering, Joseph and Luria, Michal and Kaufman, Geoff and Hammer, Jessica},
	year = 2019,
	month = may,
	pages = {1--13},
	publisher = {ACM},
	address = {Glasgow Scotland Uk},
	doi = {10.1145/3290605.3300680},
	urldate = {2024-09-09},
	langid = {english},
}
@article{seeringReconsideringSelfModerationRole2020,
	keywords = {includes},
	title = {Reconsidering {{Self-Moderation}}: The {{Role}} of {{Research}} in {{Supporting Community-Based Models}} for {{Online Content Moderation}}},
	shorttitle = {Reconsidering {{Self-Moderation}}},
	author = {Seering, Joseph},
	year = 2020,
	month = oct,
	journal = {Proceedings of the ACM on Human-Computer Interaction},
	volume = 4,
	number = {CSCW2},
	pages = {1--28},
	issn = {2573-0142},
	doi = {10.1145/3415178},
	urldate = {2024-09-09},
	langid = {english},
}
@inproceedings{simeoneSubstitutionalRealityUsing2015,
	keywords = {includes},
	title = {Substitutional {{Reality}}: {{Using}} the {{Physical Environment}} to {{Design Virtual Reality Experiences}}},
	shorttitle = {Substitutional {{Reality}}},
	booktitle = {Proceedings of the 33rd {{Annual ACM Conference}} on {{Human Factors}} in {{Computing Systems}}},
	author = {Simeone, Adalberto L. and Velloso, Eduardo and Gellersen, Hans},
	year = 2015,
	month = apr,
	pages = {3307--3316},
	publisher = {ACM},
	address = {Seoul Republic of Korea},
	doi = {10.1145/2702123.2702389},
	urldate = {2024-09-09},
	langid = {english},
}
@inproceedings{smithDesigningCohabitationNaturecultures2017,
	keywords = {includes},
	title = {Designing for {{Cohabitation}}: {{Naturecultures}}, {{Hybrids}}, and {{Decentering}} the {{Human}} in {{Design}}},
	shorttitle = {Designing for {{Cohabitation}}},
	booktitle = {Proceedings of the 2017 {{CHI Conference}} on {{Human Factors}} in {{Computing Systems}}},
	author = {Smith, Nancy and Bardzell, Shaowen and Bardzell, Jeffrey},
	year = 2017,
	month = may,
	pages = {1714--1725},
	publisher = {ACM},
	address = {Denver Colorado USA},
	doi = {10.1145/3025453.3025948},
	urldate = {2024-09-09},
	langid = {english}
}
@article{sodenTimeHistoricismCSCW2021,
	keywords = {includes},
	title = {Time for {{Historicism}} in {{CSCW}}: {{An Invitation}}},
	shorttitle = {Time for {{Historicism}} in {{CSCW}}},
	author = {Soden, Robert and Ribes, David and Avle, Seyram and Sutherland, Will},
	year = 2021,
	month = oct,
	journal = {Proceedings of the ACM on Human-Computer Interaction},
	volume = 5,
	number = {CSCW2},
	pages = {1--18},
	issn = {2573-0142},
	doi = {10.1145/3479603},
	urldate = {2024-09-09},
	langid = {english}
}
@inproceedings{sondergaardFabulationApproachDesign2023,
	keywords = {includes},
	title = {Fabulation as an {{Approach}} for {{Design Futuring}}},
	booktitle = {Proceedings of the 2023 {{ACM Designing Interactive Systems Conference}}},
	author = {S{\o}ndergaard, Marie Louise Juul and Campo Woytuk, Nadia and Howell, Noura and Tsaknaki, Vasiliki and Helms, Karey and Jenkins, Tom and Sanches, Pedro},
	year = 2023,
	month = jul,
	pages = {1693--1709},
	publisher = {ACM},
	address = {Pittsburgh PA USA},
	doi = {10.1145/3563657.3596097},
	urldate = {2024-09-09},
	langid = {english},
}
@inproceedings{sondergaardFeministPosthumanistDesign2023,
	keywords = {includes},
	title = {Feminist {{Posthumanist Design}} of {{Menstrual Care}} for {{More-than-Human Bodies}}},
	booktitle = {Proceedings of the 2023 {{CHI Conference}} on {{Human Factors}} in {{Computing Systems}}},
	author = {S{\o}ndergaard, Marie Louise Juul and Campo Woytuk, Nadia},
	year = 2023,
	month = apr,
	pages = {1--18},
	publisher = {ACM},
	address = {Hamburg Germany},
	doi = {10.1145/3544548.3581083},
	urldate = {2024-09-09},
	langid = {english},
}
@inproceedings{sondergaardIntimateFuturesStaying2018,
	keywords = {includes},
	title = {Intimate {{Futures}}: {{Staying}} with the {{Trouble}} of {{Digital Personal Assistants}} through {{Design Fiction}}},
	shorttitle = {Intimate {{Futures}}},
	booktitle = {Proceedings of the 2018 {{Designing Interactive Systems Conference}}},
	author = {S{\o}ndergaard, Marie Louise Juul and Hansen, Lone Koefoed},
	year = 2018,
	month = jun,
	pages = {869--880},
	publisher = {ACM},
	address = {Hong Kong China},
	doi = {10.1145/3196709.3196766},
	urldate = {2024-09-09},
	langid = {english}
}
@inproceedings{speicherWhatMixedReality2019,
	keywords = {includes},
	title = {What Is {{Mixed Reality}}?},
	booktitle = {Proceedings of the 2019 {{CHI Conference}} on {{Human Factors}} in {{Computing Systems}}},
	author = {Speicher, Maximilian and Hall, Brian D. and Nebeling, Michael},
	year = 2019,
	month = may,
	pages = {1--15},
	publisher = {ACM},
	address = {Glasgow Scotland Uk},
	doi = {10.1145/3290605.3300767},
	urldate = {2024-09-09},
	langid = {english}
}
@inproceedings{steinhardtAnticipationWorkCultivating2015a,
	keywords = {includes},
	title = {Anticipation {{Work}}: {{Cultivating Vision}} in {{Collective Practice}}},
	shorttitle = {Anticipation {{Work}}},
	booktitle = {Proceedings of the 18th {{ACM Conference}} on {{Computer Supported Cooperative Work}} \& {{Social Computing}}},
	author = {Steinhardt, Stephanie B. and Jackson, Steven J.},
	year = 2015,
	month = feb,
	pages = {443--453},
	publisher = {ACM},
	address = {Vancouver BC Canada},
	doi = {10.1145/2675133.2675298},
	urldate = {2024-09-09},
	langid = {english}
}
@article{sterlingCOVERSTORYDesignFiction2009,
	keywords = {includes},
	title = {{{COVER STORYDesign}} Fiction},
	author = {Sterling, Bruce},
	year = 2009,
	month = may,
	journal = {Interactions},
	volume = 16,
	number = 3,
	pages = {20--24},
	issn = {1072-5520, 1558-3449},
	doi = {10.1145/1516016.1516021},
	urldate = {2024-09-09},
	langid = {english}
}
@article{strengersSmartEnergyEveryday2014,
	keywords = {includes},
	title = {Smart Energy in Everyday Life: Are You Designing for Resource Man?},
	shorttitle = {Smart Energy in Everyday Life},
	author = {Strengers, Yolande},
	year = 2014,
	month = jul,
	journal = {Interactions},
	volume = 21,
	number = 4,
	pages = {24--31},
	issn = {1072-5520, 1558-3449},
	doi = {10.1145/2621931},
	urldate = {2024-09-09},
	langid = {english},
}
@article{suDollsMenAnticipating2019,
	keywords = {includes},
	title = {Of {{Dolls}} and {{Men}}: {{Anticipating Sexual Intimacy}} with {{Robots}}},
	shorttitle = {Of {{Dolls}} and {{Men}}},
	author = {Su, Norman Makoto and Lazar, Amanda and Bardzell, Jeffrey and Bardzell, Shaowen},
	year = 2019,
	month = jun,
	journal = {ACM Transactions on Computer-Human Interaction},
	volume = 26,
	number = 3,
	pages = {1--35},
	issn = {1073-0516, 1557-7325},
	doi = {10.1145/3301422},
	urldate = {2024-09-09},
	langid = {english},
}
@inproceedings{sureshExpertiseRolesFramework2021,
	keywords = {includes},
	title = {Beyond {{Expertise}} and {{Roles}}: {{A Framework}} to {{Characterize}} the {{Stakeholders}} of {{Interpretable Machine Learning}} and Their {{Needs}}},
	shorttitle = {Beyond {{Expertise}} and {{Roles}}},
	booktitle = {Proceedings of the 2021 {{CHI Conference}} on {{Human Factors}} in {{Computing Systems}}},
	author = {Suresh, Harini and Gomez, Steven R. and Nam, Kevin K. and Satyanarayan, Arvind},
	year = 2021,
	month = may,
	pages = {1--16},
	publisher = {ACM},
	address = {Yokohama Japan},
	doi = {10.1145/3411764.3445088},
	urldate = {2024-09-09},
	langid = {english},
}
@inproceedings{sykownikSomethingPersonalMetaverse2022,
	keywords = {includes},
	title = {Something {{Personal}} from the {{Metaverse}}: {{Goals}}, {{Topics}}, and {{Contextual Factors}} of {{Self-Disclosure}} in {{Commercial Social VR}}},
	shorttitle = {Something {{Personal}} from the {{Metaverse}}},
	booktitle = {{{CHI Conference}} on {{Human Factors}} in {{Computing Systems}}},
	author = {Sykownik, Philipp and Maloney, Divine and Freeman, Guo and Masuch, Maic},
	year = 2022,
	month = apr,
	pages = {1--17},
	publisher = {ACM},
	address = {New Orleans LA USA},
	doi = {10.1145/3491102.3502008},
	urldate = {2024-09-09},
	langid = {english},
}
@article{tanenbaumDesignFictionalInteractions2014,
	keywords = {includes},
	title = {Design Fictional Interactions: Why {{HCI}} Should Care about Stories},
	shorttitle = {Design Fictional Interactions},
	author = {Tanenbaum, Theresa Jean},
	year = 2014,
	month = sep,
	journal = {Interactions},
	volume = 21,
	number = 5,
	pages = {22--23},
	issn = {1072-5520, 1558-3449},
	doi = {10.1145/2648414},
	urldate = {2024-09-09},
	langid = {english}
}
@inproceedings{tanenbaumSteampunkDesignFiction2012,
	keywords = {includes},
	title = {Steampunk as Design Fiction},
	booktitle = {Proceedings of the {{SIGCHI Conference}} on {{Human Factors}} in {{Computing Systems}}},
	author = {Tanenbaum, Theresa Jean and Tanenbaum, Karen and Wakkary, Ron},
	year = 2012,
	month = may,
	pages = {1583--1592},
	publisher = {ACM},
	address = {Austin Texas USA},
	doi = {10.1145/2207676.2208279},
	urldate = {2024-09-09},
	langid = {english},
}
@article{thiemeDesigningHumancenteredAI2023,
	keywords = {includes},
	title = {Designing {{Human-centered AI}} for {{Mental Health}}: {{Developing Clinically Relevant Applications}} for {{Online CBT Treatment}}},
	shorttitle = {Designing {{Human-centered AI}} for {{Mental Health}}},
	author = {Thieme, Anja and Hanratty, Maryann and Lyons, Maria and Palacios, Jorge and Marques, Rita Faia and Morrison, Cecily and Doherty, Gavin},
	year = 2023,
	month = apr,
	journal = {ACM Transactions on Computer-Human Interaction},
	volume = 30,
	number = 2,
	pages = {1--50},
	issn = {1073-0516, 1557-7325},
	doi = {10.1145/3564752},
	urldate = {2024-09-09},
	langid = {english},
}
@inproceedings{tomlinsonCollapseInformaticsAugmenting2012a,
	keywords = {includes},
	title = {Collapse Informatics: Augmenting the Sustainability \& {{ICT4D}} Discourse in {{HCI}}},
	shorttitle = {Collapse Informatics},
	booktitle = {Proceedings of the {{SIGCHI Conference}} on {{Human Factors}} in {{Computing Systems}}},
	author = {Tomlinson, Bill and Silberman, M. Six and Patterson, Donald and Pan, Yue and Blevis, Eli},
	year = 2012,
	month = may,
	pages = {655--664},
	publisher = {ACM},
	address = {Austin Texas USA},
	doi = {10.1145/2207676.2207770},
	urldate = {2024-09-09},
	langid = {english}
}
@article{tomlinsonCollapseInformaticsPractice2013a,
	keywords = {includes},
	title = {Collapse Informatics and Practice: {{Theory}}, Method, and Design},
	shorttitle = {Collapse Informatics and Practice},
	author = {Tomlinson, Bill and Blevis, Eli and Nardi, Bonnie and Patterson, Donald J. and Silberman, M. Six and Pan, Yue},
	year = 2013,
	month = sep,
	journal = {ACM Transactions on Computer-Human Interaction},
	volume = 20,
	number = 4,
	pages = {1--26},
	issn = {1073-0516, 1557-7325},
	doi = {10.1145/2493431},
	urldate = {2024-09-09},
	langid = {english}
}
@article{tomlinsonWhatIfSustainability2012,
	keywords = {includes},
	title = {What If Sustainability Doesn't Work Out?},
	author = {Tomlinson, Bill and Patterson, Donald J. and Pan, Yue and Blevis, Eli and Nardi, Bonnie and Silberman, Six and Norton, Juliet and LaViola, Joseph J.},
	year = 2012,
	month = nov,
	journal = {Interactions},
	volume = 19,
	number = 6,
	pages = {50--55},
	issn = {1072-5520, 1558-3449},
	doi = {10.1145/2377783.2377794},
	urldate = {2024-09-09},
	langid = {english}
}
@inproceedings{tsaknakiFabulatingBiodataFutures2022,
	keywords = {includes},
	title = {Fabulating {{Biodata Futures}} for {{Living}} and {{Knowing Together}}},
	booktitle = {Designing {{Interactive Systems Conference}}},
	author = {Tsaknaki, Vasiliki and Sanches, Pedro and Jenkins, Tom and Howell, Noura and Boer, Laurens and Bitzouni, Afroditi},
	year = 2022,
	month = jun,
	pages = {1878--1892},
	publisher = {ACM},
	address = {Virtual Event Australia},
	doi = {10.1145/3532106.3533477},
	urldate = {2024-09-09},
	langid = {english},
}
@inproceedings{tsengDarkSidePerceptual2022,
	keywords = {includes},
	title = {The {{Dark Side}} of {{Perceptual Manipulations}} in {{Virtual Reality}}},
	booktitle = {{{CHI Conference}} on {{Human Factors}} in {{Computing Systems}}},
	author = {Tseng, Wen-Jie and Bonnail, Elise and McGill, Mark and Khamis, Mohamed and Lecolinet, Eric and Huron, Samuel and Gugenheimer, Jan},
	year = 2022,
	month = apr,
	pages = {1--15},
	publisher = {ACM},
	address = {New Orleans LA USA},
	doi = {10.1145/3491102.3517728},
	urldate = {2024-09-09},
	langid = {english},
}
@inproceedings{tuliRethinkingMenstrualTrackers2022,
	keywords = {includes},
	title = {Rethinking {{Menstrual Trackers Towards Period-Positive Ecologies}}},
	booktitle = {{{CHI Conference}} on {{Human Factors}} in {{Computing Systems}}},
	author = {Tuli, Anupriya and Singh, Surbhi and Narula, Rikita and Kumar, Neha and Singh, Pushpendra},
	year = 2022,
	month = apr,
	pages = {1--20},
	publisher = {ACM},
	address = {New Orleans LA USA},
	doi = {10.1145/3491102.3517662},
	urldate = {2024-09-09},
	langid = {english}
}
@article{vanderbeekenFEATURETakingBroaderView2009,
	keywords = {includes},
	title = {{{FEATURETaking}} a Broader View of the Human Experience},
	author = {Vanderbeeken, Mark},
	year = 2009,
	month = mar,
	journal = {Interactions},
	volume = 16,
	number = 2,
	pages = {54--57},
	issn = {1072-5520, 1558-3449},
	doi = {10.1145/1487632.1487645},
	urldate = {2024-09-09},
	langid = {english}
}
@inproceedings{varanasiItCurrentlyHodgepodge2023,
	keywords = {includes},
	title = {``{{It}} Is Currently Hodgepodge'': {{Examining AI}}/{{ML Practitioners}}' {{Challenges}} during {{Co-production}} of {{Responsible AI Values}}},
	shorttitle = {``{{It}} Is Currently Hodgepodge''},
	booktitle = {Proceedings of the 2023 {{CHI Conference}} on {{Human Factors}} in {{Computing Systems}}},
	author = {Varanasi, Rama Adithya and Goyal, Nitesh},
	year = 2023,
	month = apr,
	pages = {1--17},
	publisher = {ACM},
	address = {Hamburg Germany},
	doi = {10.1145/3544548.3580903},
	urldate = {2024-09-09},
	langid = {english},
}
@inproceedings{vermaRethinkingRoleAI2023,
	keywords = {includes},
	title = {Rethinking the {{Role}} of {{AI}} with {{Physicians}} in {{Oncology}}: {{Revealing Perspectives}} from {{Clinical}} and {{Research Workflows}}},
	shorttitle = {Rethinking the {{Role}} of {{AI}} with {{Physicians}} in {{Oncology}}},
	booktitle = {Proceedings of the 2023 {{CHI Conference}} on {{Human Factors}} in {{Computing Systems}}},
	author = {Verma, Himanshu and Mlynar, Jakub and Schaer, Roger and Reichenbach, Julien and Jreige, Mario and Prior, John and Ev{\'e}quoz, Florian and Depeursinge, Adrien},
	year = 2023,
	month = apr,
	pages = {1--19},
	publisher = {ACM},
	address = {Hamburg Germany},
	doi = {10.1145/3544548.3581506},
	urldate = {2024-09-09},
	langid = {english},
}
@article{vinesAgeOldProblemExamining2015a,
	keywords = {includes},
	title = {An {{Age-Old Problem}}: {{Examining}} the {{Discourses}} of {{Ageing}} in {{HCI}} and {{Strategies}} for {{Future Research}}},
	shorttitle = {An {{Age-Old Problem}}},
	author = {Vines, John and Pritchard, Gary and Wright, Peter and Olivier, Patrick and Brittain, Katie},
	year = 2015,
	month = mar,
	journal = {ACM Transactions on Computer-Human Interaction},
	volume = 22,
	number = 1,
	pages = {1--27},
	issn = {1073-0516, 1557-7325},
	doi = {10.1145/2696867},
	urldate = {2024-09-09},
	langid = {english}
}
@inproceedings{vinesJoyChequesTrust2012,
	keywords = {includes},
	title = {The Joy of Cheques: Trust, Paper and Eighty Somethings},
	shorttitle = {The Joy of Cheques},
	booktitle = {Proceedings of the {{ACM}} 2012 Conference on {{Computer Supported Cooperative Work}}},
	author = {Vines, John and Dunphy, Paul and Blythe, Mark and Lindsay, Stephen and Monk, Andrew and Olivier, Patrick},
	year = 2012,
	month = feb,
	pages = {147--156},
	publisher = {ACM},
	address = {Seattle Washington USA},
	doi = {10.1145/2145204.2145229},
	urldate = {2024-09-09},
	langid = {english}
}
@inproceedings{volkelElicitingAnalysingUsers2021,
	keywords = {includes},
	title = {Eliciting and {{Analysing Users}}' {{Envisioned Dialogues}} with {{Perfect Voice Assistants}}},
	booktitle = {Proceedings of the 2021 {{CHI Conference}} on {{Human Factors}} in {{Computing Systems}}},
	author = {V{\"o}lkel, Sarah Theres and Buschek, Daniel and Eiband, Malin and Cowan, Benjamin R. and Hussmann, Heinrich},
	year = 2021,
	month = may,
	pages = {1--15},
	publisher = {ACM},
	address = {Yokohama Japan},
	doi = {10.1145/3411764.3445536},
	urldate = {2024-09-09},
	langid = {english},
}
@inproceedings{wakkaryMorseThingsDesign2017,
	keywords = {includes},
	title = {Morse {{Things}}: {{A Design Inquiry}} into the {{Gap Between Things}} and {{Us}}},
	shorttitle = {Morse {{Things}}},
	booktitle = {Proceedings of the 2017 {{Conference}} on {{Designing Interactive Systems}}},
	author = {Wakkary, Ron and Oogjes, Doenja and Hauser, Sabrina and Lin, Henry and Cao, Cheng and Ma, Leo and Duel, Tijs},
	year = 2017,
	month = jun,
	pages = {503--514},
	publisher = {ACM},
	address = {Edinburgh United Kingdom},
	doi = {10.1145/3064663.3064734},
	urldate = {2024-09-09},
	langid = {english},
}
@article{wakkarySustainableDesignFiction2013,
	keywords = {includes},
	title = {A Sustainable Design Fiction: {{Green}} Practices},
	shorttitle = {A Sustainable Design Fiction},
	author = {Wakkary, Ron and Desjardins, Audrey and Hauser, Sabrina and Maestri, Leah},
	year = 2013,
	month = sep,
	journal = {ACM Transactions on Computer-Human Interaction},
	volume = 20,
	number = 4,
	pages = {1--34},
	issn = {1073-0516, 1557-7325},
	doi = {10.1145/2494265},
	urldate = {2024-09-09},
	langid = {english}
}
@article{williamsPerpetualWorkLife2019,
	keywords = {includes},
	title = {The {{Perpetual Work Life}} of {{Crowdworkers}}: {{How Tooling Practices Increase Fragmentation}} in {{Crowdwork}}},
	shorttitle = {The {{Perpetual Work Life}} of {{Crowdworkers}}},
	author = {Williams, Alex C. and Mark, Gloria and Milland, Kristy and Lank, Edward and Law, Edith},
	year = 2019,
	month = nov,
	journal = {Proceedings of the ACM on Human-Computer Interaction},
	volume = 3,
	number = {CSCW},
	pages = {1--28},
	issn = {2573-0142},
	doi = {10.1145/3359126},
	urldate = {2024-09-09},
	langid = {english}
}
@article{winchesterREALizingOurMessy2010,
	keywords = {includes},
	title = {{{REALizing}} Our Messy Futures: Toward Culturally Responsive Design Tools in Engaging Our Deeper Dives},
	shorttitle = {{{REALizing}} Our Messy Futures},
	author = {Winchester, Woodrow W.},
	year = 2010,
	month = nov,
	journal = {Interactions},
	volume = 17,
	number = 6,
	pages = {14--19},
	issn = {1072-5520, 1558-3449},
	doi = {10.1145/1865245.1865249},
	urldate = {2024-09-09},
	langid = {english}
}
@article{wongElicitingValuesReflections2017a,
	keywords = {includes},
	title = {Eliciting {{Values Reflections}} by {{Engaging Privacy Futures Using Design Workbooks}}},
	author = {Wong, Richmond Y. and Mulligan, Deirdre K. and Van Wyk, Ellen and Pierce, James and Chuang, John},
	year = 2017,
	month = dec,
	journal = {Proceedings of the ACM on Human-Computer Interaction},
	volume = 1,
	number = {CSCW},
	pages = {1--26},
	issn = {2573-0142},
	doi = {10.1145/3134746},
	urldate = {2024-09-09},
	langid = {english},
}
@inproceedings{wongRealFictionalEntanglementsUsing2017b,
	keywords = {includes},
	title = {Real-{{Fictional Entanglements}}: {{Using Science Fiction}} and {{Design Fiction}} to {{Interrogate Sensing Technologies}}},
	shorttitle = {Real-{{Fictional Entanglements}}},
	booktitle = {Proceedings of the 2017 {{Conference}} on {{Designing Interactive Systems}}},
	author = {Wong, Richmond Y. and Van Wyk, Ellen and Pierce, James},
	year = 2017,
	month = jun,
	pages = {567--579},
	publisher = {ACM},
	address = {Edinburgh United Kingdom},
	doi = {10.1145/3064663.3064682},
	urldate = {2024-09-09},
	langid = {english}
}
@article{wongSeeingToolkitHow2023,
	keywords = {includes},
	title = {Seeing {{Like}} a {{Toolkit}}: {{How Toolkits Envision}} the {{Work}} of {{AI Ethics}}},
	shorttitle = {Seeing {{Like}} a {{Toolkit}}},
	author = {Wong, Richmond Y. and Madaio, Michael A. and Merrill, Nick},
	year = 2023,
	month = apr,
	journal = {Proceedings of the ACM on Human-Computer Interaction},
	volume = 7,
	number = {CSCW1},
	pages = {1--27},
	issn = {2573-0142},
	doi = {10.1145/3579621},
	urldate = {2024-09-09},
	langid = {english},
}
@inproceedings{yildirimHowExperiencedDesigners2022,
	keywords = {includes},
	title = {How {{Experienced Designers}} of {{Enterprise Applications Engage AI}} as a {{Design Material}}},
	booktitle = {{{CHI Conference}} on {{Human Factors}} in {{Computing Systems}}},
	author = {Yildirim, Nur and Kass, Alex and Tung, Teresa and Upton, Connor and Costello, Donnacha and Giusti, Robert and Lacin, Sinem and Lovic, Sara and O'Neill, James M and Meehan, Rudi O'Reilly and {\'O} Loide{\'a}in, Eoin and Pini, Azzurra and Corcoran, Medb and Hayes, Jeremiah and Cahalane, Diarmuid J and Shivhare, Gaurav and Castoro, Luigi and Caruso, Giovanni and Oh, Changhoon and McCann, James and Forlizzi, Jodi and Zimmerman, John},
	year = 2022,
	month = apr,
	pages = {1--13},
	publisher = {ACM},
	address = {New Orleans LA USA},
	doi = {10.1145/3491102.3517491},
	urldate = {2024-09-09},
	copyright = {http://www.acm.org/publications/policies/copyright\_policy\#Background},
	langid = {english},
}
@inproceedings{yooValueSensitiveActionreflection2013,
	keywords = {includes},
	title = {A Value Sensitive Action-Reflection Model: Evolving a Co-Design Space with Stakeholder and Designer Prompts},
	shorttitle = {A Value Sensitive Action-Reflection Model},
	booktitle = {Proceedings of the {{SIGCHI Conference}} on {{Human Factors}} in {{Computing Systems}}},
	author = {Yoo, Daisy and Huldtgren, Alina and Woelfer, Jill Palzkill and Hendry, David G. and Friedman, Batya},
	year = 2013,
	month = apr,
	pages = {419--428},
	publisher = {ACM},
	address = {Paris France},
	doi = {10.1145/2470654.2470715},
	urldate = {2024-09-09},
	langid = {english}
}
@inproceedings{zamfirescu-pereiraHerdingAICats2023,
	keywords = {includes},
	title = {Herding {{AI Cats}}: {{Lessons}} from {{Designing}} a {{Chatbot}} by {{Prompting GPT-3}}},
	shorttitle = {Herding {{AI Cats}}},
	booktitle = {Proceedings of the 2023 {{ACM Designing Interactive Systems Conference}}},
	author = {{Zamfirescu-Pereira}, J.D. and Wei, Heather and Xiao, Amy and Gu, Kitty and Jung, Grace and Lee, Matthew G and Hartmann, Bjoern and Yang, Qian},
	year = 2023,
	month = jul,
	pages = {2206--2220},
	publisher = {ACM},
	address = {Pittsburgh PA USA},
	doi = {10.1145/3563657.3596138},
	urldate = {2024-09-09},
	langid = {english},
}
@inproceedings{zimmermanAnalysisCritiqueResearch2010a,
	keywords = {includes},
	title = {An Analysis and Critique of {{{\emph{Research}}}}{\emph{ through }}{{{\emph{Design}}}}: Towards a Formalization of a Research Approach},
	shorttitle = {An Analysis and Critique of {{{\emph{Research}}}}{\emph{ through }}{{{\emph{Design}}}}},
	booktitle = {Proceedings of the 8th {{ACM Conference}} on {{Designing Interactive Systems}}},
	author = {Zimmerman, John and Stolterman, Erik and Forlizzi, Jodi},
	year = 2010,
	month = aug,
	pages = {310--319},
	publisher = {ACM},
	address = {Aarhus Denmark},
	doi = {10.1145/1858171.1858228},
	urldate = {2024-09-09},
	langid = {english}
}
