@article{he2023edcec,
  title={ed-cec: improving rare word recognition using asr postprocessing based on error detection and context-aware error correction},
  author={He, Jiajun and Yang, Zekun and Toda, Tomoki},
  journal={arXiv preprint arXiv:2310.05129},
  year={2023}
}

@inproceedings{lux2021metalearning,
  title={Meta-Learning for improving rare word recognition in end-to-end ASR},
  author={Lux, Florian and Vu, Ngoc Thang},
  booktitle={ICASSP 2021-2021 IEEE International Conference on Acoustics, Speech and Signal Processing (ICASSP)},
  pages={6229--6233},
  year={2021},
  organization={IEEE}
}

@article{min2023exploring,
  title={Exploring the Integration of Large Language Models into Automatic Speech Recognition Systems: An Empirical Study},
  author={Min, Zeping and Wang, Jinbo},
  journal={arXiv preprint arXiv:2307.06530},
  year={2023}
}

@article{pu2023multistage,
  title={Multi-stage Large Language Model Correction for Speech Recognition},
  author={Pu, Jie and Nguyen, Thai-Son and St{\"u}ker, Sebastian},
  journal={arXiv preprint arXiv:2310.11532},
  year={2023},
  url={https://arxiv.org/abs/2310.11532}
}

@article{yang2024ctcassisted,
  title={CTC-Assisted LLM-Based Contextual ASR},
  author={Yang, Guanrou and others},
  journal={arXiv preprint arXiv:2411.06437},
  year={2024}
}

