@article{he2023edcec,
  title={ed-cec: improving rare word recognition using asr postprocessing based on error detection and context-aware error correction},
  author={He, Jiajun and Yang, Zekun and Toda, Tomoki},
  journal={arXiv preprint arXiv:2310.05129},
  year={2023}
}

@inproceedings{lux2021metalearning,
  title={Meta-Learning for improving rare word recognition in end-to-end ASR},
  author={Lux, Florian and Vu, Ngoc Thang},
  booktitle={ICASSP 2021-2021 IEEE International Conference on Acoustics, Speech and Signal Processing (ICASSP)},
  pages={6229--6233},
  year={2021},
  organization={IEEE}
}

@article{yang2024ctcassisted,
  title={CTC-Assisted LLM-Based Contextual ASR},
  author={Yang, Guanrou and others},
  journal={arXiv preprint arXiv:2411.06437},
  year={2024}
}

@article{min2023exploring,
  title={Exploring the Integration of Large Language Models into Automatic Speech Recognition Systems: An Empirical Study},
  author={Min, Zeping and Wang, Jinbo},
  journal={arXiv preprint arXiv:2307.06530},
  year={2023}
}

@article{ma2024slam_asr,
  title={An Embarrassingly Simple Approach for LLM with Strong ASR Capacity},
  author={Ma, Ziyang and Yang, Guanrou and Yang, Yifan and Gao, Zhifu and Wang, Jiaming and Du, Zhihao and Yu, Fan and Chen, Qian and Zheng, Siqi and Zhang, Shiliang and Chen, Xie},
  journal={arXiv preprint arXiv:2402.08846},
  year={2024}
}

@article{bai2023qwen,
  title={Qwen Technical Report},
  author={Bai, Jinze and Bai, Shuai and Chu, Yunfei and Cui, Zeyu and Dang, Kai and Deng, Xiaodong and Fan, Yang and Ge, Wenbin and Han, Yu and Huang, Fei and Hui, Binyuan and Ji, Luo and Li, Mei and Lin, Junyang and Lin, Runji and Liu, Dayiheng and Liu, Gao and Lu, Chengqiang and Lu, Keming and Ma, Jianxin and Men, Rui and Ren, Xingzhang and Ren, Xuancheng and Tan, Chuanqi and Tan, Sinan and Tu, Jianhong and Wang, Peng and Wang, Shijie and Wang, Wei and Wu, Shengguang and Xu, Benfeng and Xu, Jin and Yang, An and Yang, Hao and Yang, Jian and Yang, Shusheng and Yao, Yang and Yu, Bowen and Yuan, Hongyi and Yuan, Zheng and Zhang, Jianwei and Zhang, Xingxuan and Zhang, Yichang and Zhang, Zhenru and Zhou, Chang and Zhou, Jingren and Zhou, Xiaohuan and Zhu, Tianhang},
  journal={arXiv preprint arXiv:2309.16609},
  year={2023}
}

@article{hu2021lora,
  title={LoRA: Low-Rank Adaptation of Large Language Models},
  author={Hu, Edward J. and Shen, Yelong and Wallis, Phillip and Allen-Zhu, Zeyuan and Li, Yuanzhi and Wang, Shean and Chen, Weizhu},
  journal={arXiv preprint arXiv:2106.09685},
  year={2021}
}

@inproceedings{rasley2020deepspeed,
  title={DeepSpeed: System Optimizations Enable Training Deep Learning Models with Over 100 Billion Parameters},
  author={Jeff Rasley and Samyam Rajbhandari and Olatunji Ruwase and Yong Zhao and Yuxiong He},
  booktitle={Proceedings of the 26th ACM SIGKDD International Conference on Knowledge Discovery \& Data Mining},
  pages={3505–3506},
  year={2020},
  publisher={ACM}
}

@inproceedings{babylonhealth2023primock57,
  author    = {A. P. Korfiatis and F. Moramarco and R. Sarac and A. Savkov},
  title     = {PriMock57: A Dataset Of Primary Care Mock Consultations},
  booktitle = {Proceedings of the 60th Annual Meeting of the Association for Computational Linguistics (Volume 2: Short Papers)},
  year      = {2022},
  pages     = {588--598},
  address   = {Dublin, Ireland},
  url       = {https://aclanthology.org/2022.acl-short.65/}
}

@misc{kincaid2018transcription,
  author    = {Jason Kincaid},
  title     = {Which Automatic Transcription Service is the Most Accurate? — 2018},
  howpublished = {\emph{Descript Blog}},
  year      = {2018},
  month     = {September},
  url       = {https://www.descript.com/blog/article/which-automatic-transcription-service-is-the-most-accurate-2018}
}

@article{zipformer,
  title={Zipformer: A faster and better encoder for automatic speech recognition},
  author={Povey, Daniel and others},
  journal={arXiv preprint arXiv:2310.11230},
  year={2023},
  url={https://arxiv.org/pdf/2310.11230}
}

@misc{k2,
  author = {k2-fsa},
  title = {k2: FSA/FST algorithms, differentiable, with PyTorch compatibility},
  year = {2020},
  howpublished = {\url{https://github.com/k2-fsa/k2}},
  note = {Accessed: 2024-12-30}
}

@article{pu2023multistage,
  title={Multi-stage Large Language Model Correction for Speech Recognition},
  author={Pu, Jie and Nguyen, Thai-Son and St{\"u}ker, Sebastian},
  journal={arXiv preprint arXiv:2310.11532},
  year={2023},
  url={https://arxiv.org/abs/2310.11532}
}