@inproceedings{ayzik2020deep,
  title={Deep image compression using decoder side information},
  author={Ayzik, Sharon and Avidan, Shai},
  booktitle={ECCV},
  pages={699--714},
  year={2020}
}

@inproceedings{balle2017end,
  title={End-to-end optimized image compression},
  author={Ball{\'e}, Johannes and Laparra, Valero and Simoncelli, Eero P},
  booktitle={ICLR},
  year={2017}
}

@inproceedings{mentzer2018conditional,
  title={Conditional probability models for deep image compression},
  author={Mentzer, Fabian and Agustsson, Eirikur and Tschannen, Michael and Timofte, Radu and Van Gool, Luc},
  booktitle={CVPR},
  pages={4394--4402},
  year={2018}
}
@misc{bellard2014bpg,
  title={BPG Image Format},
  author={Bellard, Fabrice},
  year={2014},
  howpublished={\url{https://bellard.org/bpg/}}
}

@inproceedings{chen2018overview,
  title={An Overview of Core Coding Tools in the AV1 Video Codec},
  author={Chen, Yue and Mukherjee, Debargha and Han, Jingning and Grange, Adrian and Xu, Yaowu and Liu, Zoe and Parker, Sarah and Chen, Cheng and Agarwal, Hui and Deshpande, Sachin and others},
  booktitle={PCS},
  year={2018},
  organization={IEEE}
}

@article{bross2021overview,
  title={Overview of the Versatile Video Coding (VVC) Standard and its Applications},
  author={Bross, Benjamin and Chen, Jianle and Ohm, Jens-Rainer and Sullivan, Gary J and Wang, Ye-Kui},
  journal={IEEE Transactions on Circuits and Systems for Video Technology},
  year={2021},
  publisher={IEEE}
}

@inproceedings{balle2018variational,
  title={Variational image compression with a scale hyperprior},
  author={Ball{\'e}, Johannes and Minnen, David and Singh, Saurabh and Hwang, Sung Jin and Johnston, Nick},
  booktitle={ICLR},
  year={2018}
}

@inproceedings{cheng2021learned,
  title={Learned Image Compression with Discretized Gaussian Mixture Likelihoods and Attention Modules},
  author={Cheng, Zhengxue and Sun, Heming and Takeuchi, Masaru and Katto, Jiro},
  booktitle={CVPR},
  pages={7939--7948},
  year={2021}
}

@article{sullivan2012overview,
  title={Overview of the High Efficiency Video Coding (HEVC) Standard},
  author={Sullivan, Gary J and Ohm, Jens-Rainer and Han, Woo-Jin and Wiegand, Thomas},
  journal={IEEE Transactions on Circuits and Systems for Video Technology},
  volume={22},
  number={12},
  pages={1649--1668},
  year={2012},
  publisher={IEEE}
}

@article{wallace1992jpeg,
  title={The JPEG still picture compression standard},
  author={Wallace, Gregory K},
  journal={IEEE Transactions on Consumer Electronics},
  volume={38},
  number={1},
  pages={xviii--xxxiv},
  year={1992},
  publisher={IEEE}
}

@inproceedings{zou2022elic,
  title={ELIC: Efficient Learned Image Compression with Unevenly Grouped Space-Channel Contextual Adaptive Coding},
  author={Zou, Fangzheng and Feng, Yanhong and Wei, Yue and Ren, Jianqiang},
  booktitle={CVPR},
  pages={5718--5727},
  year={2022}
}

@inproceedings{chen2023transformer,
  title={Transformer-based Context Modeling for Image Compression},
  author={Chen, Zhihao and Wang, Ruikang and He, Dailan and Zhang, Lei and Ma, Siwei},
  booktitle={CVPR},
  year={2023}
}
@inproceedings{minnen2018joint,
  title={Joint autoregressive and hierarchical priors for learned image compression},
  author={Minnen, David and Ballé, Johannes and Toderici, George D},
  booktitle={NeurIPS},
  pages={10771--10780},
  year={2018}
}

@article{wu2022content,
  title={Content-aware reference frame selection for efficient video compression},
  author={Wu, Yibo and Chen, Zhaoqing and Wen, Yongbing and Huang, Huming and Yuan, Haojie},
  journal={IEEE Transactions on Image Processing},
  volume={31},
  pages={5186--5198},
  year={2022},
  publisher={IEEE}
}
@inproceedings{he2016deep,
  title={Deep residual learning for image recognition},
  author={He, Kaiming and Zhang, Xiangyu and Ren, Shaoqing and Sun, Jian},
  booktitle={CVPR},
  pages={770--778},
  year={2016}
}

@inproceedings{huang2023learned,
  title={Learned distributed image compression with multi-scale patch matching in feature domain},
  author={Huang, Yujun and Chen, Bin and Qin, Shiyu and Li, Jiawei and Wang, Yaowei and Dai, Tao and Xia, Shu-Tao},
  booktitle={AAAI},
  volume={37},
  number={4},
  pages={4322--4329},
  year={2023}
}

@misc{kodak1993suite,
  author = {E. Kodak},
  title = {Kodak Lossless True Color Image Suite (PhotoCD PCD0992)},
  year = {1993},
  note = {Version 5}
}

@inproceedings{krizhevsky2012imagenet,
  title={Imagenet classification with deep convolutional neural networks},
  author={Krizhevsky, Alex and Sutskever, Ilya and Hinton, Geoffrey E},
  booktitle={NeurIPS},
  volume={25},
  year={2012}
}

@inproceedings{lee2019context,
  title={Context-adaptive Entropy Model for End-to-end Optimized Image Compression},
  author={Lee, Jooyoung and Cho, Seunghyun and Beack, Seung-Kwon},
  booktitle={ICLR},
  year={2019}
}

@article{liu2020unified,
  title={A unified end-to-end framework for efficient deep image compression},
  author={Liu, Jiaheng and Lu, Guo and Hu, Zhihao and Xu, Dong},
  journal={arXiv preprint arXiv:2002.03370},
  year={2020}
}

@inproceedings{liu2023learned,
  title={Learned image compression with mixed transformer-cnn architectures},
  author={Liu, Jinming and Sun, Heming and Katto, Jiro},
  booktitle={CVPR},
  pages={14388--14397},
  year={2023}
}

@inproceedings{sun2003resolution,
  title={Image hallucination with primal sketch priors},
  author={Sun, Jian and Zheng, Nan-Ning and Tao, Hai and Shun, Heung-Yeung},
  booktitle={CVPR},
  year={2003}
}

@inproceedings{timofte2017ntire,
  title={Ntire 2017 challenge on single image super-resolution: Methods and results},
  author={Timofte, Radu and Agustsson, Eirikur and Van Gool, Luc and Yang, Ming-Hsuan and Zhang, Lei},
  booktitle={CVPR workshops},
  pages={114--125},
  year={2017}
}

@inproceedings{toderici2017full,
  title={Full resolution image compression with recurrent neural networks},
  author={Toderici, George and Vincent, Damien and Johnston, Nick and Jin Hwang, Sung and Minnen, David and Shor, Joel and Covell, Michele},
  booktitle={CVPR},
  pages={5306--5314},
  year={2017}
}

@inproceedings{toderici2020clic,
  title={CLIC: Workshop and challenge on learned image compression},
  author={Toderici, George and Shi, Wenzhe and Timofte, Radu and Theis, Lucas and Ball{\'e}, Johannes and Agustsson, Eirikur and Johnston, Nick and Mentzer, Fabian},
  booktitle={CVPR workshop},
  year={2020}
}

@article{xiong2010robust,
  title={Robust web image/video super-resolution},
  author={Xiong, Zhiwei and Sun, Xiaoyan and Wu, Feng},
  journal={IEEE transactions on image processing},
  volume={19},
  number={8},
  pages={2017--2028},
  year={2010},
  publisher={IEEE}
}

@article{yue2013cloud,
  title={Cloud-based image coding for mobile devices—Toward thousands to one compression},
  author={Yue, Huanjing and Sun, Xiaoyan and Yang, Jingyu and Wu, Feng},
  journal={IEEE transactions on multimedia},
  volume={15},
  number={4},
  pages={845--857},
  year={2013},
  publisher={IEEE}
}

@inproceedings{li2021deep,
  title={Deep contextual video compression},
  author={Li, Jiahao and Li, Bin and Lu, Yan},
  booktitle={NeurIPS},
  volume={34},
  pages={18114--18125},
  year={2021}
}

@inproceedings{li2023rfd,
  title={RFD-ECNet: Extreme Underwater Image Compression with Reference to Feature Dictionary},
  author={Li, Mengyao and Shen, Liquan and Ye, Peng and Feng, Guorui and Wang, Zheyin},
  booktitle={ICCV},
  pages={12980--12989},
  year={2023}
}

@article{qian2022entroformer,
  title={Entroformer: A transformer-based entropy model for learned image compression},
  author={Qian, Yichen and Lin, Ming and Sun, Xiuyu and Tan, Zhiyu and Jin, Rong},
  journal={arXiv preprint arXiv:2202.05492},
  year={2022}
}

@inproceedings{cheng2020learned,
  title={Learned image compression with discretized gaussian mixture likelihoods and attention modules},
  author={Cheng, Zhengxue and Sun, Heming and Takeuchi, Masaru and Katto, Jiro},
  booktitle={CVPR},
  pages={7939--7948},
  year={2020}
}

@inproceedings{jia2024generative,
  title={Generative Latent Coding for Ultra-Low Bitrate Image Compression},
  author={Jia, Zhaoyang and Li, Jiahao and Li, Bin and Li, Houqiang and Lu, Yan},
  booktitle={CVPR},
  pages={26088--26098},
  year={2024}
}

@inproceedings{li2023neural,
  title={Neural video compression with diverse contexts},
  author={Li, Jiahao and Li, Bin and Lu, Yan},
  booktitle={CVPR},
  pages={22616--22626},
  year={2023}
}

@inproceedings{zhao2021universal,
  title={A universal encoder rate distortion optimization framework for learned compression},
  author={Zhao, Jing and Li, Bin and Li, Jiahao and Xiong, Ruiqin and Lu, Yan},
  booktitle={CVPR},
  pages={1880--1884},
  year={2021}
}

@article{zhao2023universal,
  title={A universal optimization framework for learning-based image codec},
  author={Zhao, Jing and Li, Bin and Li, Jiahao and Xiong, Ruiqin and Lu, Yan},
  journal={ACM Transactions on Multimedia Computing, Communications and Applications},
  volume={20},
  number={1},
  pages={1--19},
  year={2023},
  publisher={ACM New York, NY}
}

@inproceedings{yang2023tinc,
  title={Tinc: Tree-structured implicit neural compression},
  author={Yang, Runzhao},
  booktitle={CVPR},
  pages={18517--18526},
  year={2023}
}

@article{sheng2022temporal,
  title={Temporal context mining for learned video compression},
  author={Sheng, Xihua and Li, Jiahao and Li, Bin and Li, Li and Liu, Dong and Lu, Yan},
  journal={IEEE Transactions on Multimedia},
  volume={25},
  pages={7311--7322},
  year={2022},
  publisher={IEEE}
}

@inproceedings{cao2023masactrl,
  title={Masactrl: Tuning-free mutual self-attention control for consistent image synthesis and editing},
  author={Cao, Mingdeng and Wang, Xintao and Qi, Zhongang and Shan, Ying and Qie, Xiaohu and Zheng, Yinqiang},
  booktitle={CVPR},
  year={2023}
}

@article{wu2024datasetdm,
  title={Datasetdm: Synthesizing data with perception annotations using diffusion models},
  author={Wu, Weijia and Zhao, Yuzhong and Chen, Hao and Gu, Yuchao and Zhao, Rui and He, Yefei and Zhou, Hong and Shou, Mike Zheng and Shen, Chunhua},
  journal={NeurIPS},
  year={2023}
}
@article{zheng2024birefnet,
  title={Bilateral Reference for High-Resolution Dichotomous Image Segmentation},
  author={Zheng, Peng and Gao, Dehong and Fan, Deng-Ping and Liu, Li and Laaksonen, Jorma and Ouyang, Wanli and Sebe, Nicu},
  journal={CAAI AIR},
  volume = {3},
  pages = {9150038},
  year={2024}
}
@inproceedings{zhou2023dichotomous,
  title={Dichotomous image segmentation with frequency priors},
  author={Zhou, Yan and Dong, Bo and Wu, Yuanfeng and Zhu, Wentao and Chen, Geng and Zhang, Yanning},
  booktitle={IJCAI},
  year={2023}
}
@inproceedings{ho2020denoising,
  title={Denoising diffusion probabilistic models},
  author={Ho, Jonathan and Jain, Ajay and Abbeel, Pieter},
  booktitle={NeurIPS},
  year={2020}
}
@article{chen2017deeplab,
  title={Deeplab: Semantic image segmentation with deep convolutional nets, atrous convolution, and fully connected crfs},
  author={Chen, Liang-Chieh and Papandreou, George and Kokkinos, Iasonas and Murphy, Kevin and Yuille, Alan L},
  journal={IEEE Trans. Pattern Anal. Mach. Intell.},
  volume={40},
  number={4},
  pages={834--848},
  year={2017},
  publisher={IEEE}
}
@inproceedings{liu2024cross,
  title={Cross-dimension affinity distillation for 3d em neuron segmentation},
  author={Liu, Xiaoyu and Cai, Miaomiao and Chen, Yinda and Zhang, Yueyi and Shi, Te and Zhang, Ruobing and Chen, Xuejin and Xiong, Zhiwei},
  booktitle={CVPR},
  year={2024}
}
@article{yuan2023marine,
  title={Marine environmental monitoring with unmanned vehicle platforms: Present applications and future prospects},
  author={Yuan, Shuyun and Li, Ying and Bao, Fangwen and Xu, Haoxiang and Yang, Yuping and Yan, Qiushi and Zhong, Shuqiao and Yin, Haoyang and Xu, Jiajun and Huang, Ziwei and others},
  journal={Sci. Total Environ.},
  volume={858},
  pages={159741},
  year={2023},
  publisher={Elsevier}
}


@article{figueira2022survey,
  title={Survey on synthetic data generation, evaluation methods and GANs},
  author={Figueira, Alvaro and Vaz, Bruno},
  journal={Math.},
  volume={10},
  number={15},
  pages={2733},
  year={2022},
  publisher={MDPI}
}

@article{goodfellow2020generative,
  title={Generative adversarial networks},
  author={Goodfellow, Ian and Pouget-Abadie, Jean and Mirza, Mehdi and Xu, Bing and Warde-Farley, David and Ozair, Sherjil and Courville, Aaron and Bengio, Yoshua},
  journal={Commun. ACM},
  volume={63},
  number={11},
  pages={139--144},
  year={2020},
  publisher={ACM New York, NY, USA}
}

@article{li2018generative,
  title={A generative model for category text generation},
  author={Li, Yang and Pan, Quan and Wang, Suhang and Yang, Tao and Cambria, Erik},
  journal={Inf. Sci.},
  volume={450},
  pages={301--315},
  year={2018},
  publisher={Elsevier}
}

@article{ma2020stage,
  title={Stage-wise salient object detection in 360 omnidirectional image via object-level semantical saliency ranking},
  author={Ma, Guangxiao and Li, Shuai and Chen, Chenglizhao and Hao, Aimin and Qin, Hong},
  journal={IEEE Trans. Vis. Comput. Graph.},
  volume={26},
  number={12},
  pages={3535--3545},
  year={2020},
  publisher={IEEE}
}
@inproceedings{achanta2009frequency,
  title={Frequency-tuned salient region detection},
  author={Achanta, Radhakrishna and Hemami, Sheila and Estrada, Francisco and Susstrunk, Sabine},
  booktitle={CVPR},
  year={2009}
}
@inproceedings{margolin2014evaluate,
  title={How to evaluate foreground maps?},
  author={Margolin, Ran and Zelnik-Manor, Lihi and Tal, Ayellet},
  booktitle={CVPR},
  year={2014}
}
@inproceedings{fan2017structure,
  title={Structure-measure: A new way to evaluate foreground maps},
  author={Fan, Deng-Ping and Cheng, Ming-Ming and Liu, Yun and Li, Tao and Borji, Ali},
  booktitle={ICCV},
  year={2017}
}
@inproceedings{fan2018enhanced,
  title={Enhanced-alignment measure for binary foreground map evaluation},
  author={Fan, Deng-Ping and Gong, Cheng and Cao, Yang and Ren, Bo and Cheng, Ming-Ming and Borji, Ali},
  booktitle={IJCAI},
  year={2018}
}
@article{mcinnes2018umap,
  title={Umap: Uniform manifold approximation and projection for dimension reduction},
  author={McInnes, Leland and Healy, John and Melville, James},
  journal={arXiv preprint arXiv:1802.03426},
  year={2018}
}
@inproceedings{radford2021learning,
  title={Learning transferable visual models from natural language supervision},
  author={Radford, Alec and Kim, Jong Wook and Hallacy, Chris and Ramesh, Aditya and Goh, Gabriel and Agarwal, Sandhini and Sastry, Girish and Askell, Amanda and Mishkin, Pamela and Clark, Jack and others},
  booktitle={ICML},
  year={2021},
}
@inproceedings{perazzi2012saliency,
  title={Saliency filters: Contrast based filtering for salient region detection},
  author={Perazzi, Federico and Kr{\"a}henb{\"u}hl, Philipp and Pritch, Yael and Hornung, Alexander},
  booktitle={CVPR},
  year={2012}
}
@inproceedings{wang2019salient,
  title={Salient object detection with pyramid attention and salient edges},
  author={Wang, Wenguan and Zhao, Shuyang and Shen, Jianbing and Hoi, Steven CH and Borji, Ali},
  booktitle={CVPR},
  year={2019}
}
@inproceedings{zhang2018collaborative,
  title={Collaborative and adversarial network for unsupervised domain adaptation},
  author={Zhang, Weichen and Ouyang, Wanli and Li, Wen and Xu, Dong},
  booktitle={CVPR},
  year={2018}
}

@article{podell2023sdxl,
  title={Sdxl: Improving latent diffusion models for high-resolution image synthesis},
  author={Podell, Dustin and English, Zion and Lacey, Kyle and Blattmann, Andreas and Dockhorn, Tim and M{\"u}ller, Jonas and Penna, Joe and Rombach, Robin},
  journal={arXiv preprint arXiv:2307.01952},
  year={2023}
}
@inproceedings{li2021frequency,
  title={Frequency-aware discriminative feature learning supervised by single-center loss for face forgery detection},
  author={Li, Jiaming and Xie, Hongtao and Li, Jiahong and Wang, Zhongyuan and Zhang, Yongdong},
  booktitle={CVPR},
  year={2021}
}

@inproceedings{xu2020squeezesegv3,
  title={Squeezesegv3: Spatially-adaptive convolution for efficient point-cloud segmentation},
  author={Xu, Chenfeng and Wu, Bichen and Wang, Zining and Zhan, Wei and Vajda, Peter and Keutzer, Kurt and Tomizuka, Masayoshi},
  booktitle={ECCV},
  year={2020},
}
@inproceedings{chen2023self,
  title={Self-supervised neuron segmentation with multi-agent reinforcement learning},
  author={Chen, Yinda and Huang, Wei and Zhou, Shenglong and Chen, Qi and Xiong, Zhiwei},
  booktitle={IJCAI},
  year={2023}
}

@inproceedings{liu2023instructive,
  title={Instructive feature enhancement for dichotomous medical image segmentation},
  author={Liu, Lian and Zhou, Han and Chen, Jiongquan and Liu, Sijing and Shi, Wenlong and Ni, Dong and Fan, Deng-Ping and Yang, Xin},
  booktitle={MICCAI},
  year={2023},
}
@article{ke2024segment,
  title={Segment anything in high quality},
  author={Ke, Lei and Ye, Mingqiao and Danelljan, Martin and Tai, Yu-Wing and Tang, Chi-Keung and Yu, Fisher and others},
  journal={NeurIPS},
  volume={36},
  year={2023}
}
@inproceedings{pei2023unite,
  title={Unite-divide-unite: Joint boosting trunk and structure for high-accuracy dichotomous image segmentation},
  author={Pei, Jialun and Zhou, Zhangjun and Jin, Yueming and Tang, He and Heng, Pheng-Ann},
  booktitle={ACM MM},
  year={2023}
}

@article{nguyen2024dataset,
  title={Dataset diffusion: Diffusion-based synthetic data generation for pixel-level semantic segmentation},
  author={Nguyen, Quang and Vu, Truong and Tran, Anh and Nguyen, Khoi},
  journal={NeurIPS},
  year={2023}
}

@article{yang2024freemask,
  title={Freemask: Synthetic images with dense annotations make stronger segmentation models},
  author={Yang, Lihe and Xu, Xiaogang and Kang, Bingyi and Shi, Yinghuan and Zhao, Hengshuang},
  journal={NeurIPS},
  year={2023}
}

@article{chen2024towards,
  title={Towards Generalizable Tumor Synthesis},
  author={Chen, Qi and Chen, Xiaoxi and Song, Haorui and Xiong, Zhiwei and Yuille, Alan and Wei, Chen and Zhou, Zongwei},
  journal={CVPR},
  year={2024}
}
@inproceedings{lin2023explore,
  title={Explore the power of synthetic data on few-shot object detection},
  author={Lin, Shaobo and Wang, Kun and Zeng, Xingyu and Zhao, Rui},
  booktitle={CVPR},
  year={2023}
}
@inproceedings{wang2018synthetic,
  title={Synthetic data made to order: The case of parsing},
  author={Wang, Dingquan and Eisner, Jason},
  booktitle={EMNLP},
  year={2018}
}

@inproceedings{liu2024rethinking,
  title={Rethinking Interactive Image Segmentation with Low Latency High Quality and Diverse Prompts},
  author={Liu, Qin and Cho, Jaemin and Bansal, Mohit and Niethammer, Marc},
  booktitle={CVPR},
  year={2024}
}
@inproceedings{yu2024multi,
  title={Multi-view Aggregation Network for Dichotomous Image Segmentation},
  author={Yu, Qian and Zhao, Xiaoqi and Pang, Youwei and Zhang, Lihe and Lu, Huchuan},
  booktitle={CVPR},
  year={2024}
}
@article{an2024distributional,
  title={Distributional learning of variational autoencoder: Application to synthetic data generation},
  author={An, Seunghwan and Jeon, Jong-June},
  journal={NeurIPS},
  year={2023}
}
@inproceedings{abay2019privacy,
  title={Privacy preserving synthetic data release using deep learning},
  author={Abay, Nazmiye Ceren and Zhou, Yan and Kantarcioglu, Murat and Thuraisingham, Bhavani and Sweeney, Latanya},
  booktitle={KDD},
  year={2019},
}
@inproceedings{kishore2021synthetic,
  title={Synthetic data generation using imitation training},
  author={Kishore, Aman and Choe, Tae Eun and Kwon, Junghyun and Park, Minwoo and Hao, Pengfei and Mittel, Akshita},
  booktitle={CVPR},
  year={2021}
}


@article{nguyen2024expt,
  title={ExPT: Synthetic pretraining for few-shot experimental design},
  author={Nguyen, Tung and Agrawal, Sudhanshu and Grover, Aditya},
  journal={NeurIPS},
  year={2023}
}
@article{chen2024tokenunify,
  title={TokenUnify: Scalable Autoregressive Visual Pre-training with Mixture Token Prediction},
  author={Chen, Yinda and Shi, Haoyuan and Liu, Xiaoyu and Shi, Te and Zhang, Ruobing and Liu, Dong and Xiong, Zhiwei and Wu, Feng},
  journal={arXiv preprint arXiv:2405.16847},
  year={2024}
}

@inproceedings{chen2024bimcv,
  title={BIMCV-r: A landmark dataset for 3d ct text-image retrieval},
  author={Chen, Yinda and Liu, Che and Liu, Xiaoyu and Arcucci, Rossella and Xiong, Zhiwei},
  booktitle={MICCAI},
  year={2024}
}

@article{chen2023generative,
  title={Generative text-guided 3d vision-language pretraining for unified medical image segmentation},
  author={Chen, Yinda and Liu, Che and Huang, Wei and Cheng, Sibo and Arcucci, Rossella and Xiong, Zhiwei},
  journal={arXiv preprint arXiv:2306.04811},
  year={2023}
}
@inproceedings{stutz2019disentangling,
  title={Disentangling adversarial robustness and generalization},
  author={Stutz, David and Hein, Matthias and Schiele, Bernt},
  booktitle={CVPR},
  year={2019}
}

@inproceedings{liu2021synthetic,
  title={Synthetic benchmarks for scientific research in explainable machine learning},
  author={Liu, Yang and Khandagale, Sujay and White, Colin and Neiswanger, Willie},
  booktitle={NeurIPS Dataset Track},
  year={2021}
}
@inproceedings{chen2024learning,
  title={Learning multiscale consistency for self-supervised electron microscopy instance segmentation},
  author={Chen, Yinda and Huang, Wei and Liu, Xiaoyu and Deng, Shiyu and Chen, Qi and Xiong, Zhiwei},
  booktitle={ICASSP},
  year={2024}
}

@inproceedings{zhang2023adding,
  title={Adding conditional control to text-to-image diffusion models},
  author={Zhang, Lvmin and Rao, Anyi and Agrawala, Maneesh},
  booktitle={ICCV},
  year={2023}
}
@inproceedings{toker2024satsynth,
  title={Satsynth: Augmenting image-mask pairs through diffusion models for aerial semantic segmentation},
  author={Toker, Aysim and Eisenberger, Marvin and Cremers, Daniel and Leal-Taix{\'e}, Laura},
  booktitle={CVPR},
  year={2024}
}
@inproceedings{machavcek2023mask,
  title={Mask-conditioned latent diffusion for generating gastrointestinal polyp images},
  author={Mach{\'a}{\v{c}}ek, Roman and Mozaffari, Leila and Sepasdar, Zahra and Parasa, Sravanthi and Halvorsen, P{\aa}l and Riegler, Michael A and Thambawita, Vajira},
  booktitle={ICDAR},
  year={2023}
}


@article{chen2014semantic,
  title={Semantic image segmentation with deep convolutional nets and fully connected crfs},
  author={Chen, Liang-Chieh and Papandreou, George and Kokkinos, Iasonas and Murphy, Kevin and Yuille, Alan L},
  journal={arXiv preprint arXiv:1412.7062},
  year={2014}
}
@article{liu2017unsupervised,
  title={Unsupervised image-to-image translation networks},
  author={Liu, Ming-Yu and Breuel, Thomas and Kautz, Jan},
  journal={NeurIPS},
  year={2017}
}
@inproceedings{isola2017image,
  title={Image-to-image translation with conditional adversarial networks},
  author={Isola, Phillip and Zhu, Jun-Yan and Zhou, Tinghui and Efros, Alexei A},
  booktitle={CVPR},
  year={2017}
}
@inproceedings{mena2019binary,
  title={A binary variational autoencoder for hashing},
  author={Mena, Francisco and Nanculef, Ricardo},
  booktitle={ICPR},
  year={2019},
}

@inproceedings{kawar2023imagic,
  title={Imagic: Text-based real image editing with diffusion models},
  author={Kawar, Bahjat and Zada, Shiran and Lang, Oran and Tov, Omer and Chang, Huiwen and Dekel, Tali and Mosseri, Inbar and Irani, Michal},
  booktitle={CVPR},
  year={2023}
}
@inproceedings{yang2023paint,
  title={Paint by example: Exemplar-based image editing with diffusion models},
  author={Yang, Binxin and Gu, Shuyang and Zhang, Bo and Zhang, Ting and Chen, Xuejin and Sun, Xiaoyan and Chen, Dong and Wen, Fang},
  booktitle={CVPR},
  year={2023}
}

@inproceedings{cheng2020sequential,
  title={Sequential attention GAN for interactive image editing},
  author={Cheng, Yu and Gan, Zhe and Li, Yitong and Liu, Jingjing and Gao, Jianfeng},
  booktitle={ACM MM},
  year={2020}
}
@inproceedings{kim2021exploiting,
  title={Exploiting spatial dimensions of latent in gan for real-time image editing},
  author={Kim, Hyunsu and Choi, Yunjey and Kim, Junho and Yoo, Sungjoo and Uh, Youngjung},
  booktitle={CVPR},
  year={2021}
}


@article{radford2015unsupervised,
  title={Unsupervised representation learning with deep convolutional generative adversarial networks},
  author={Radford, Alec and Metz, Luke and Chintala, Soumith},
  journal={arXiv preprint arXiv:1511.06434},
  year={2015}
}

@article{kingma2013auto,
  title={Auto-encoding variational bayes},
  author={Kingma, Diederik P and Welling, Max},
  journal={arXiv preprint arXiv:1312.6114},
  year={2013}
}
@inproceedings{rezende2015variational,
  title={Variational inference with normalizing flows},
  author={Rezende, Danilo and Mohamed, Shakir},
  booktitle={ICML},
  pages={1530--1538},
  year={2015},
}
@article{dinh2016density,
  title={Density estimation using real nvp},
  author={Dinh, Laurent and Sohl-Dickstein, Jascha and Bengio, Samy},
  journal={arXiv preprint arXiv:1605.08803},
  year={2016}
}
@article{karras2017progressive,
  title={Progressive growing of gans for improved quality, stability, and variation},
  author={Karras, Tero and Aila, Timo and Laine, Samuli and Lehtinen, Jaakko},
  journal={arXiv preprint arXiv:1710.10196},
  year={2017}
}

@inproceedings{tulyakov2018mocogan,
  title={Mocogan: Decomposing motion and content for video generation},
  author={Tulyakov, Sergey and Liu, Ming-Yu and Yang, Xiaodong and Kautz, Jan},
  booktitle={CVPR},
  year={2018}
}

@inproceedings{huang2017stacked,
  title={Stacked generative adversarial networks},
  author={Huang, Xun and Li, Yixuan and Poursaeed, Omid and Hopcroft, John and Belongie, Serge},
  booktitle={CVPR},
  year={2017}
}

@inproceedings{xu2018attngan,
  title={Attngan: Fine-grained text to image generation with attentional generative adversarial networks},
  author={Xu, Tao and Zhang, Pengchuan and Huang, Qiuyuan and Zhang, Han and Gan, Zhe and Huang, Xiaolei and He, Xiaodong},
  booktitle={CVPR},
  year={2018}
}
@inproceedings{liu2023zero,
  title={Zero-1-to-3: Zero-shot one image to 3d object},
  author={Liu, Ruoshi and Wu, Rundi and Van Hoorick, Basile and Tokmakov, Pavel and Zakharov, Sergey and Vondrick, Carl},
  booktitle={CVPR},
  year={2023}
}
@inproceedings{rombach2022high,
  title={High-resolution image synthesis with latent diffusion models},
  author={Rombach, Robin and Blattmann, Andreas and Lorenz, Dominik and Esser, Patrick and Ommer, Bj{\"o}rn},
  booktitle={CVPR},
  year={2022}
}
@inproceedings{qin2022highly,
  title={Highly accurate dichotomous image segmentation},
  author={Qin, Xuebin and Dai, Hang and Hu, Xiaobin and Fan, Deng-Ping and Shao, Ling and Van Gool, Luc},
  booktitle={ECCV},
  year={2022},
}
@inproceedings{qin2019basnet,
  title={Basnet: Boundary-aware salient object detection},
  author={Qin, Xuebin and Zhang, Zichen and Huang, Chenyang and Gao, Chao and Dehghan, Masood and Jagersand, Martin},
  booktitle={CVPR},
  year={2019}
}
@article{azizi2023synthetic,
  title={Synthetic data from diffusion models improves imagenet classification},
  author={Azizi, Shekoofeh and Kornblith, Simon and Saharia, Chitwan and Norouzi, Mohammad and Fleet, David J},
  journal={arXiv preprint arXiv:2304.08466},
  year={2023}
}

@article{tian2024stablerep,
  title={Stablerep: Synthetic images from text-to-image models make strong visual representation learners},
  author={Tian, Yonglong and Fan, Lijie and Isola, Phillip and Chang, Huiwen and Krishnan, Dilip},
  journal={NeurIPS},
  year={2023}
}

@article{zheng2024toward,
  title={Toward understanding generative data augmentation},
  author={Zheng, Chenyu and Wu, Guoqiang and Li, Chongxuan},
  journal={NeurIPS},
  year={2023}
}
@inproceedings{fabbri2021motsynth,
  title={Motsynth: How can synthetic data help pedestrian detection and tracking?},
  author={Fabbri, Matteo and Bras{\'o}, Guillem and Maugeri, Gianluca and Cetintas, Orcun and Gasparini, Riccardo and O{\v{s}}ep, Aljo{\v{s}}a and Calderara, Simone and Leal-Taix{\'e}, Laura and Cucchiara, Rita},
  booktitle={CVPR},
  year={2021}
}
@inproceedings{wood2021fake,
  title={Fake it till you make it: face analysis in the wild using synthetic data alone},
  author={Wood, Erroll and Baltru{\v{s}}aitis, Tadas and Hewitt, Charlie and Dziadzio, Sebastian and Cashman, Thomas J and Shotton, Jamie},
  booktitle={CVPR},
  year={2021}
}
@inproceedings{qiu2021synface,
  title={Synface: Face recognition with synthetic data},
  author={Qiu, Haibo and Yu, Baosheng and Gong, Dihong and Li, Zhifeng and Liu, Wei and Tao, Dacheng},
  booktitle={CVPR},
  year={2021}
}
@inproceedings{hahner2021fog,
  title={Fog simulation on real LiDAR point clouds for 3D object detection in adverse weather},
  author={Hahner, Martin and Sakaridis, Christos and Dai, Dengxin and Van Gool, Luc},
  booktitle={CVPR},
  year={2021}
}
@inproceedings{yang2020surfelgan,
  title={Surfelgan: Synthesizing realistic sensor data for autonomous driving},
  author={Yang, Zhenpei and Chai, Yuning and Anguelov, Dragomir and Zhou, Yin and Sun, Pei and Erhan, Dumitru and Rafferty, Sean and Kretzschmar, Henrik},
  booktitle={CVPR},
  year={2020}
}

@inproceedings{shen2024imagpose,
title={IMAGPose: A Unified Conditional Framework for Pose-Guided Person Generation},
author={Shen, Fei and Tang, Jinhui},
booktitle={The Thirty-eighth Annual Conference on Neural Information Processing Systems},
year={2024}
}

@article{shen2024imagdressing,
title={Imagdressing-v1: Customizable virtual dressing},
author={Shen, Fei and Jiang, Xin and He, Xin and Ye, Hu and Wang, Cong and Du, Xiaoyu and Li, Zechao and Tang, Jinhui},
journal={arXiv preprint arXiv:2407.12705},
year={2024}
}

@inproceedings{shenadvancing,
title={Advancing Pose-Guided Image Synthesis with Progressive Conditional Diffusion Models},
author={Shen, Fei and Ye, Hu and Zhang, Jun and Wang, Cong and Han, Xiao and Wei, Yang},
booktitle={The Twelfth International Conference on Learning Representations},
year={2024}
}

@article{shen2024boosting,
title={Boosting consistency in story visualization with rich-contextual conditional diffusion models},
author={Shen, Fei and Ye, Hu and Liu, Sibo and Zhang, Jun and Wang, Cong and Han, Xiao and Yang, Wei},
journal={arXiv preprint arXiv:2407.02482},
year={2024}
}

@inproceedings{shen2023pbsl,
title={Pedestrian-specific Bipartite-aware Similarity Learning for Text-based Person Retrieval},
author={Shen, Fei and Shu, Xiangbo and Du, Xiaoyu and Tang, Jinhui},
booktitle={Proceedings of the 31th ACM International Conference on Multimedia},
year={2023}
}

@misc{sun2024ultrahighresolutionsegmentationboundaryenhanced,
title={Ultra-High Resolution Segmentation via Boundary-Enhanced Patch-Merging Transformer},
author={Haopeng Sun},
year={2024},
eprint={2412.10181},
archivePrefix={arXiv},
primaryClass={cs.CV},
url={https://arxiv.org/abs/2412.10181},
}

@inproceedings{sunprogram,
title={PROGRAM: PROtotype GRAph Model based Pseudo-Label Learning for Test-Time Adaptation},
author={Sun, Haopeng and Xu, Lumin and Jin, Sheng and Luo, Ping and Qian, Chen and Liu, Wentao},
booktitle={The Twelfth International Conference on Learning Representations},
year={2024}
}

@INPROCEEDINGS{10095835,
author={Ma, Xiaowen and Ma, Mengting and Hu, Chenlu and Song, Zhiyuan and Zhao, Ziyan and Feng, Tian and Zhang, Wei},
booktitle={ICASSP 2023 - 2023 IEEE International Conference on Acoustics, Speech and Signal Processing (ICASSP)},
title={Log-Can: Local-Global Class-Aware Network For Semantic Segmentation of Remote Sensing Images},
year={2023},
volume={},
number={},
pages={1-5},
keywords={Image resolution;Semantic segmentation;Semantics;Interference;Computer architecture;Signal processing;Sensors;Semantic segmentation;remote sensing;class representations},
doi={10.1109/ICASSP49357.2023.10095835}}

@misc{ma2024logcanadaptivelocalglobalclassaware,
title={LOGCAN++: Adaptive Local-global class-aware network for semantic segmentation of remote sensing imagery},
author={Xiaowen Ma and Rongrong Lian and Zhenkai Wu and Hongbo Guo and Mengting Ma and Sensen Wu and Zhenhong Du and Siyang Song and Wei Zhang},
year={2024},
eprint={2406.16502},
archivePrefix={arXiv},
primaryClass={cs.CV},
url={https://arxiv.org/abs/2406.16502},
}

@inproceedings{RAMMVC,
title={Reliable Attribute-missing Multi-view Clustering with Instance-level and feature-level Cooperative Imputation},
author={Hu, Dayu and Liu, Suyuan and Wang, Jun and Zhang, Junpu and Wang, Siwei and Hu, Xingchen and Zhu, Xinzhong and Tang, Chang and Liu, Xinwang},
booktitle={Proceedings of the 32nd ACM International Conference on Multimedia},
pages={1456--1466},
year={2024}
}

@article{scMFC,
title={High-order Topology for Deep Single-cell Multi-view Fuzzy Clustering},
author={Hu, Dayu and Dong, Zhibin and Liang, Ke and Yu, Hao and Wang, Siwei and Liu, Xinwang},
journal={IEEE Transactions on Fuzzy Systems},
year={2024},
publisher={IEEE}
}

@inproceedings{li2024translating,
title={Translating Motion to Notation: Hand Labanotation for Intuitive and Comprehensive Hand Movement Documentation},
author={Li, Ling and Yang, WenRui and Yu, Xinchun and Xing, Junliang and Zhang, Xiao-Ping},
booktitle={Proceedings of the 32nd ACM International Conference on Multimedia},
pages={4092--4100},
year={2024}
}
@inproceedings{li2024deviation,
title={Deviation Wing Loss for High-Performance 2D Pose Estimation},
author={Li, Ling and Xing, Junliang and Yu, Xinchun and Zhang, Xiao-Ping},
booktitle={2024 IEEE International Conference on Multimedia and Expo (ICME)},
pages={1--6},
year={2024},
organization={IEEE}
}

@article{zhang2024cf,
  title={CF-DAN: Facial-expression recognition based on cross-fusion dual-attention network},
  author={Zhang, Fan and Chen, Gongguan and Wang, Hua and Zhang, Caiming},
  journal={Computational Visual Media},
  pages={1--16},
  year={2024},
  publisher={Springer}
}

@article{zhang2023multi,
  title={Multi-scale video super-resolution transformer with polynomial approximation},
  author={Zhang, Fan and Chen, Gongguan and Wang, Hua and Li, Jinjiang and Zhang, Caiming},
  journal={IEEE Transactions on Circuits and Systems for Video Technology},
  volume={33},
  number={9},
  pages={4496--4506},
  year={2023},
  publisher={IEEE}
}
@article{tao2023dudb,
  title={DUDB: Deep Unfolding Based Dual-Branch Feature Fusion Network for Pan-sharpening remote sensing images},
  author={Tao, Hailin and Li, Jinjiang and Hua, Zhen and Zhang, Fan},
  journal={IEEE Transactions on Geoscience and Remote Sensing},
  year={2023},
  publisher={IEEE}
}

@article{yin2024class,
title={Class Probability Space Regularization for semi-supervised semantic segmentation},
author={Yin, Jianjian and Yan, Shuai and Chen, Tao and Chen, Yi and Yao, Yazhou},
journal={Computer Vision and Image Understanding},
pages={104146},
year={2024},
publisher={Elsevier}
}

@article{Zhang2023EHSSAE,
title={EHSS: An Efficient Hybrid-supervised Symmetric Stereo Matching Network},
author={Dapeng Zhang and Peng Zhi and Binbin Yong and Jin-Qiang Wang and Yufeng Hou and Lan Guo and Qingguo Zhou and Rui Zhou},
journal={2023 IEEE 26th International Conference on Intelligent Transportation Systems (ITSC)},
year={2023},
pages={1044-1051},
url={https://api.semanticscholar.org/CorpusID:267661311}
}


@misc{zhang2024mapexpertonlinehdmap,
title={MapExpert: Online HD Map Construction with Simple and Efficient Sparse Map Element Expert},
author={Dapeng Zhang and Dayu Chen and Peng Zhi and Yinda Chen and Zhenlong Yuan and Chenyang Li and Sunjing and Rui Zhou and Qingguo Zhou},
year={2024},
eprint={2412.12704},
archivePrefix={arXiv},
primaryClass={cs.CV},
url={https://arxiv.org/abs/2412.12704},
}

@misc{Yuan2024h,
title = {{{MSP-MVS}}: {{Multi-Granularity Segmentation Prior Guided Multi-View Stereo}}},
shorttitle = {{{MSP-MVS}}},
author = {Yuan, Zhenlong and Liu, Cong and Shen, Fei and Li, Zhaoxin and Luo, Jinguo and Mao, Tianlu and Wang, Zhaoqi},
year = {2024},
month = dec,
number = {arXiv:2407.19323},
eprint = {2407.19323},
primaryclass = {cs},
publisher = {arXiv},
archiveprefix = {arXiv}
}

@misc{Yuan2024i,
title = {{{DVP-MVS}}: {{Synergize Depth-Edge}} and {{Visibility Prior}} for {{Multi-View Stereo}}},
shorttitle = {{{DVP-MVS}}},
author = {Yuan, Zhenlong and Luo, Jinguo and Shen, Fei and Li, Zhaoxin and Liu, Cong and Mao, Tianlu and Wang, Zhaoqi},
year = {2024},
month = dec,
number = {arXiv:2412.11578},
eprint = {2412.11578},
primaryclass = {cs},
publisher = {arXiv},
archiveprefix = {arXiv}
}

@inproceedings{Yuan2024j,
title = {{{SD-MVS}}: {{Segmentation-Driven Deformation Multi-View Stereo}} with {{Spherical Refinement}} and {{EM Optimization}}},
shorttitle = {{{SD-MVS}}},
booktitle = {Proceedings of the {{AAAI Conference}} on {{Artificial Intelligence}}},
author = {Yuan, Zhenlong and Cao, Jiakai and Li, Zhaoxin and Jiang, Hao and Wang, Zhaoqi},
year = {2024},
volume = {38},
pages = {6871--6880}
}
@inproceedings{qian2024maskfactory,
  title={Maskfactory: Towards high-quality synthetic data generation for dichotomous image segmentation},
  author={Qian, Haotian and Chen, Yinda and Lou, Shengtao and Khan, Fahad and Jin, Xiaogang and Fan, Deng-Ping},
  booktitle={NeurIPS},
  year={2024}
}
@article{liu2023t3d,
  title={T3d: Towards 3d medical image understanding through vision-language pre-training},
  author={Liu, Che and Ouyang, Cheng and Chen, Yinda and Quilodr{\'a}n-Casas, Cesar C{\'e}sar and Ma, Lei and Fu, Jie and Guo, Yike and Shah, Anand and Bai, Wenjia and Arcucci, Rossella},
  journal={arXiv preprint arXiv:2312.01529},
  year={2023}
}
@article{yang2024unicompress,
  title={UniCompress: Enhancing Multi-Data Medical Image Compression with Knowledge Distillation},
  author={Yang, Runzhao and Chen, Yinda and Zhang, Zhihong and Liu, Xiaoyu and Li, Zongren and He, Kunlun and Xiong, Zhiwei and Suo, Jinli and Dai, Qionghai},
  journal={arXiv preprint arXiv:2405.16850},
  year={2024}
}
@article{deng2024unsupervised,
  title={Unsupervised Domain Adaptation for EM Image Denoising with Invertible Networks},
  author={Deng, Shiyu and Chen, Yinda and Huang, Wei and Zhang, Ruobing and Xiong, Zhiwei},
  journal={IEEE Transactions on Medical Imaging},
  year={2024},
  publisher={IEEE}
}