@inproceedings{ayzik2020deep,
  title={Deep image compression using decoder side information},
  author={Ayzik, Sharon and Avidan, Shai},
  booktitle={ECCV},
  pages={699--714},
  year={2020}
}

@inproceedings{balle2017end,
  title={End-to-end optimized image compression},
  author={Ball{\'e}, Johannes and Laparra, Valero and Simoncelli, Eero P},
  booktitle={ICLR},
  year={2017}
}

@inproceedings{balle2018variational,
  title={Variational image compression with a scale hyperprior},
  author={Ball{\'e}, Johannes and Minnen, David and Singh, Saurabh and Hwang, Sung Jin and Johnston, Nick},
  booktitle={ICLR},
  year={2018}
}

@inproceedings{cheng2020learned,
  title={Learned image compression with discretized gaussian mixture likelihoods and attention modules},
  author={Cheng, Zhengxue and Sun, Heming and Takeuchi, Masaru and Katto, Jiro},
  booktitle={CVPR},
  pages={7939--7948},
  year={2020}
}

@inproceedings{huang2023learned,
  title={Learned distributed image compression with multi-scale patch matching in feature domain},
  author={Huang, Yujun and Chen, Bin and Qin, Shiyu and Li, Jiawei and Wang, Yaowei and Dai, Tao and Xia, Shu-Tao},
  booktitle={AAAI},
  volume={37},
  number={4},
  pages={4322--4329},
  year={2023}
}

@inproceedings{jia2024generative,
  title={Generative Latent Coding for Ultra-Low Bitrate Image Compression},
  author={Jia, Zhaoyang and Li, Jiahao and Li, Bin and Li, Houqiang and Lu, Yan},
  booktitle={CVPR},
  pages={26088--26098},
  year={2024}
}

@inproceedings{li2021deep,
  title={Deep contextual video compression},
  author={Li, Jiahao and Li, Bin and Lu, Yan},
  booktitle={NeurIPS},
  volume={34},
  pages={18114--18125},
  year={2021}
}

@inproceedings{li2023neural,
  title={Neural video compression with diverse contexts},
  author={Li, Jiahao and Li, Bin and Lu, Yan},
  booktitle={CVPR},
  pages={22616--22626},
  year={2023}
}

@inproceedings{li2023rfd,
  title={RFD-ECNet: Extreme Underwater Image Compression with Reference to Feature Dictionary},
  author={Li, Mengyao and Shen, Liquan and Ye, Peng and Feng, Guorui and Wang, Zheyin},
  booktitle={ICCV},
  pages={12980--12989},
  year={2023}
}

@inproceedings{liu2023learned,
  title={Learned image compression with mixed transformer-cnn architectures},
  author={Liu, Jinming and Sun, Heming and Katto, Jiro},
  booktitle={CVPR},
  pages={14388--14397},
  year={2023}
}

@inproceedings{mentzer2018conditional,
  title={Conditional probability models for deep image compression},
  author={Mentzer, Fabian and Agustsson, Eirikur and Tschannen, Michael and Timofte, Radu and Van Gool, Luc},
  booktitle={CVPR},
  pages={4394--4402},
  year={2018}
}

@inproceedings{minnen2018joint,
  title={Joint autoregressive and hierarchical priors for learned image compression},
  author={Minnen, David and Ball√©, Johannes and Toderici, George D},
  booktitle={NeurIPS},
  pages={10771--10780},
  year={2018}
}

@article{qian2022entroformer,
  title={Entroformer: A transformer-based entropy model for learned image compression},
  author={Qian, Yichen and Lin, Ming and Sun, Xiuyu and Tan, Zhiyu and Jin, Rong},
  journal={arXiv preprint arXiv:2202.05492},
  year={2022}
}

@article{sheng2022temporal,
  title={Temporal context mining for learned video compression},
  author={Sheng, Xihua and Li, Jiahao and Li, Bin and Li, Li and Liu, Dong and Lu, Yan},
  journal={IEEE Transactions on Multimedia},
  volume={25},
  pages={7311--7322},
  year={2022},
  publisher={IEEE}
}

@article{wu2022content,
  title={Content-aware reference frame selection for efficient video compression},
  author={Wu, Yibo and Chen, Zhaoqing and Wen, Yongbing and Huang, Huming and Yuan, Haojie},
  journal={IEEE Transactions on Image Processing},
  volume={31},
  pages={5186--5198},
  year={2022},
  publisher={IEEE}
}

@inproceedings{yang2023tinc,
  title={Tinc: Tree-structured implicit neural compression},
  author={Yang, Runzhao},
  booktitle={CVPR},
  pages={18517--18526},
  year={2023}
}

@inproceedings{zhao2021universal,
  title={A universal encoder rate distortion optimization framework for learned compression},
  author={Zhao, Jing and Li, Bin and Li, Jiahao and Xiong, Ruiqin and Lu, Yan},
  booktitle={CVPR},
  pages={1880--1884},
  year={2021}
}

@article{zhao2023universal,
  title={A universal optimization framework for learning-based image codec},
  author={Zhao, Jing and Li, Bin and Li, Jiahao and Xiong, Ruiqin and Lu, Yan},
  journal={ACM Transactions on Multimedia Computing, Communications and Applications},
  volume={20},
  number={1},
  pages={1--19},
  year={2023},
  publisher={ACM New York, NY}
}

