@article{gallegos2023llmsurvey,
author = {Isabel O. Gallegos and Ryan A. Rossi and Joe Barrow and Md Mehrab Tanjim and Sungchul Kim and Franck Dernoncourt and Tong Yu and Ruiyi Zhang and Nesreen K. Ahmed},
title = {Bias and Fairness in Large Language Models: A Survey},
year = {2023},
journal={Computational Linguistics}
}

@article{rottger2024safetyprompts,
author = {Paul Röttger and Fabio Pernisi and Bertie Vidgen and Dirk Hovy},
title = {SafetyPrompts: a Systematic Review of Open Datasets for Evaluating and Improving Large Language Model Safety},
year = {2024},
journal={arXiv:2404.05399}
}

@article{smith2022holistic,
author = {Eric Michael Smith and Melissa Hall and Melanie Kambadur and Eleonora Presani and Adina Williams},
title = {"I'm sorry to hear that": Finding New Biases in Language Models with a Holistic Descriptor Dataset},
year = {2022},
journal={Conference on Empirical Methods in Natural Language Processing}
}


@article{rogers2006culturalapprop,
author = {Richard A. Rogers},
title = {From Cultural Exchange to Transculturation: A Review and Reconceptualization of Cultural Appropriation},
year = {2006},
journal={Communication Theory}
}

@article{ziff1997borrowedpower,
author = {Bruce H. Ziff and Pratima V. Rao},
title = {Borrowed Power: Essays on Cultural Appropriation},
year = {1997},
journal={Rutgers University Press}
}

@inproceedings{sap2020sbf,
    title = "Social Bias Frames: Reasoning about Social and Power Implications of Language",
    author = "Sap, Maarten  and
      Gabriel, Saadia  and
      Qin, Lianhui  and
      Jurafsky, Dan  and
      Smith, Noah A.  and
      Choi, Yejin",
    booktitle = "Proceedings of the 58th Annual Meeting of the Association for Computational Linguistics",
    month = jul,
    year = "2020",
    address = "Online",
    publisher = "Association for Computational Linguistics",
}

@article{dhamala2021bold,
author = {Jwala Dhamala and Tony Sun and Varun Kumar and Satyapriya Krishna and Yada Pruksachatkun and Kai-Wei Chang and Rahul Gupta},
title = {{BOLD}: Dataset and metrics for measuring biases in open-ended language generation},
year = {2021},
journal={ACM Conference on Fairness, Accountability, and Transparency (FAccT)}
}

@article{blodgett2021salmon,
author = {Su Lin Blodgett and Gilsinia Lopez and Alexandra Olteanu and Robert Sim and Hanna Wallach},
title = {Stereotyping Norwegian Salmon: An Inventory of Pitfalls in Fairness Benchmark Datasets},
journal = {Proceedings of the 59th Annual Meeting of the Association for Computational Linguistics and the 11th International Joint Conference on Natural Language Processing},
year = {2021}
}

@article{lucy2024onesize,
author = {Li Lucy and Su Lin Blodgett and Milad Shokouhi and Hanna Wallach and Alexandra Olteanu},
title = {"One-Size-Fits-All"? Examining Expectations around What Constitute "Fair" or "Good" NLG System Behaviors},
journal = {Annual Conference of the North American Chapter of the Association for Computational Linguistics},
year = {2024}
}

@article{goldfarbtarrant2023mask,
author = {Seraphina Goldfarb-Tarrant and Eddie Ungless and Esma Balkir and Su Lin Blodgett},
title = {This Prompt is Measuring <MASK>: Evaluating Bias Evaluation in Language Models},
journal = {Findings of the Association for Computational Linguistics},
year = {2023}
}

@article{liang2023helm,
  title={Holistic Evaluation of Language Models},
  author={Percy Liang and Rishi Bommasani and Tony Lee and Dimitris Tsipras and Dilara Soylu and Michihiro Yasunaga and Yian Zhang and Deepak Narayanan and Yuhuai Wu and Ananya Kumar and Benjamin Newman and Binhang Yuan and Bobby Yan and Ce Zhang and Christian Cosgrove and Christopher D. Manning and Christopher Ré and Diana Acosta-Navas and Drew A. Hudson and Eric Zelikman and Esin Durmus and Faisal Ladhak and Frieda Rong and Hongyu Ren and Huaxiu Yao and Jue Wang and Keshav Santhanam and Laurel Orr and Lucia Zheng and Mert Yuksekgonul and Mirac Suzgun and Nathan Kim and Neel Guha and Niladri Chatterji and Omar Khattab and Peter Henderson and Qian Huang and Ryan Chi and Sang Michael Xie and Shibani Santurkar and Surya Ganguli and Tatsunori Hashimoto and Thomas Icard and Tianyi Zhang and Vishrav Chaudhary and William Wang and Xuechen Li and Yifan Mai and Yuhui Zhang and Yuta Koreeda},
  journal={Transactions on Machine Learning Research},
  year={2023},
}

@article{parrish2022bbq,
author = {Alicia Parrish and Angelica Chen and Nikita Nangia and Vishakh Padmakumar and Jason Phang and Jana Thompson and Phu Mon Htut and Samuel R. Bowman},
title = {{BBQ}: A Hand-Built Bias Benchmark for Question Answering},
journal = {Findings of the Association for Computational Linguistics (ACL)},
year = {2022}
}

@article{tamkin2023discrimeval,
author = {Alex Tamkin and Amanda Askell and Liane Lovitt and Esin Durmus and Nicholas Joseph and Shauna Kravec and Karina Nguyen and Jared Kaplan and Deep Ganguli},
title = {Evaluating and Mitigating Discrimination in Language Model Decisions},
journal = {arXiv:2312.03689},
year = {2023}
}

@article{sheng2019babysitter,
author = {Emily Sheng and Kai-Wei Chang and Premkumar Natarajan and Nanyun Peng},
title = {The Woman Worked as a Babysitter: On Biases in Language Generation},
journal = {Empirical Methods in Natural Language Processing (EMNLP)},
year = {2019}
}

@article{wan2023warm,
author = {Yixin Wan and George Pu and Jiao Sun and Aparna Garimella and Kai-Wei Chang and Nanyun Peng},
title = {"Kelly is a Warm Person, Joseph is a Role Model": Gender Biases in LLM-Generated Reference Letters},
journal = {Findings of Empirical Methods in Natural Language Processing},
year = {2023}
}

@article{wang2023decodingtrust,
author = {Boxin Wang and Weixin Chen and Hengzhi Pei and Chulin Xie and Mintong Kang and Chenhui Zhang and Chejian Xu and Zidi Xiong and Ritik Dutta and Rylan Schaeffer and Sang T. Truong and Simran Arora and Mantas Mazeika and Dan Hendrycks and Zinan Lin and Yu Cheng, Sanmi Koyejo and Dawn Song and Bo Li},
journal = {Conference on Neural Information Processing Systems (NeurIPS) Datasets and Benchmarks Track},
title = {{DecodingTrust}: A Comprehensive Assessment of Trustworthiness in GPT Models},
year = {2023}
}

@article{bartl2020becpro,
author = {Marion Bartl and Malvina Nissim and Albert Gatt},
journal = {Proceedings of the 2nd Workshop on Gender Bias in Natural Language Processing at COLING},
title = {Unmasking Contextual Stereotypes: Measuring and Mitigating {BERT}'s Gender Bias},
year = {2020}
}

@article{balkin2003antisubordination,
author = {Jack M. Balkin and Reva B. Siegel},
journal = {Issues in Legal Scholarship},
title = {The American Civil Rights Tradition: Anticlassification or Antisubordination?},
year = {2003}
}

@article{colker1986antisubordination,
author = {Ruth Colker},
journal = {New  York University Law Review},
title = {Anti-subordination above all: Sex, race, and equal protection},
year = {1986}
}

@article{burgess2020raceconscious,
author = {Tiffani Burgess},
journal = {ACLU News \& Commentary},
title = {Race-Conscious Policies — Including Affirmative Action — Are Necessary For Addressing Racial Inequity},
year = {2020}
}

@article{sawhill2016raceconscious,
author = {Isabel V. Sawhill and Richard V. Reeves},
journal = {Brookings Commentary},
title = {The case for ‘race-conscious’ policies},
year = {2016}
}

@article{george2021crt,
author = {Janel George},
journal = {Human Rights Magazine},
title = {A Lesson on Critical Race Theory},
year = {2021}
}

@article{nangia2020crowspairs,
author = {Nikita Nangia and Clara Vania and Rasika Bhalerao and Samuel R. Bowman},
journal = {Conference on Empirical Methods in Natural Language Processing},
title = {{CrowS-Pairs}: A Challenge Dataset for Measuring Social Biases
in Masked Language Models},
year = {2020}
}

@article{kiritchenko2018eec,
author = {Svetlana Kiritchenko and Saif M. Mohammad},
journal = {Proceedings of *Sem},
title = {Examining Gender and Race Bias in Two Hundred Sentiment Analysis Systems},
year = {2018}
}

@article{krieg2023grepbiasir,
author = {Klara Krieg and Emilia Parada-Cabaleiro and Gertraud Medicus and Oleg Lesota and Markus Schedl and Navid Rekabsaz},
journal = {CHIIR},
title = {{Grep-BiasIR}: A Dataset for Investigating Gender Representation Bias in Information Retrieval Results},
year = {2023}
}

@article{nozza2021honest,
author = {Debora Nozza and Federico Bianchi and Dirk Hovy},
journal = {Conference of the North American Chapter of the Association for Computational Linguistics: Human Language Technologies},
title = {{HONEST}: Measuring Hurtful Sentence Completion in Language Models},
year = {2021}
}

@article{qian2022panda,
author = {Rebecca Qian and Candace Ross and Jude Fernandes and Eric Michael Smith and Douwe Kiela and Adina Williams},
journal = {Conference on Empirical Methods in Natural Language Processing (EMNLP)},
title = {Perturbation Augmentation for Fairer NLP},
year = {2022}
}

@article{bonillasilva2003colorblind,
author = {Eduardo Bonilla-Silva},
journal = {Rowman \& Littlefield},
title = {Racism without Racists: Color-Blind Racism and the Persistence of Racial Inequality in the United States},
year = {2003}
}

@article{sleeter1990multicultural,
author = {Christine E. Sleeter},
journal = {SUNY Press},
title = {Empowerment through Multicultural Education},
year = {1990}
}

@article{richeson2004multicult,
author = {Jennifer A. Richeson and  Richard J. Nussbaum},
journal = {Journal of Experimental Social Psychology},
title = {The impact of multiculturalism versus color-blindness on racial bias},
year = {2004}
}

@article{neville2013colorblindideology,
author = {Helen A. Neville and Germine H. Awad and James E. Brooks and Michelle P. Flores and Jamie Bluemel},
journal = {American Psychologist},
title = {Color-blind racial ideology: theory, training, and measurement implications in psychology},
year = {2013}
}

@article{stoll2016genderblindsexism,
author = {Laurie Cooper Stoll and Terry Glenn Lilley and Kelly Pinter},
journal = {Violence Against Women},
title = {Gender-Blind Sexism and Rape Myth Acceptance},
year = {2016}
}

@article{saguy2008beyondcontact,
author = {Tamar Saguy and John F Dovidio and Felicia Pratto},
journal = {Personality and Social Psychology Bulletin},
title = {Beyond contact: intergroup contact in the context of power relations},
year = {2008}
}

@article{plaut2009multiculturformin,
author = {Victoria C. Plaut and Kecia M. Thomas and Matt J. Goren},
journal = {Psychological Science},
title = {Is Multiculturalism or Color Blindness Better for Minorities?},
year = {2009}
}

@article{blodgett2020bias,
author = {Su Lin Blodgett and Solon Barocas and Hal Daumé III and Hanna Wallach},
journal = {Proceedings of the Association for Computational Linguistics (ACL)},
title = {Language (Technology) is Power: A Critical Survey of “Bias” in NLP},
year = {2020}
}

@article{hellman2011discrimination,
  author = {Deborah Hellman},
  title = {When Is Discrimination Wrong?},
  journal={Harvard University Press},
  year = {2011},
}

@article{wan2024factualitytax,
  author = {Yixin Wan and Di Wu and Haoran Wang and Kai-Wei Chang},
  title = {The Factuality Tax of Diversity-Intervened Text-to-Image Generation: Benchmark and Fact-Augmented Intervention},
  journal={Conference on Empirical Methods in Natural Language Processing (EMNLP)},
  year = {2024},
}

@article{parker2023hatespeech,
  author = {Sara Parker and Derek Ruths},
  title = {Is hate speech detection the solution the world wants?},
  journal={Proceedings of the National Academy of Sciences of the United States of America (PNAS)},
  year = {2023},
}

@article{barikeri2021redditbias,
  author = {Soumya Barikeri and Anne Lauscher and Ivan Vulić and Goran Glavaš},
  title = {RedditBias: A Real-World Resource for Bias Evaluation and Debiasing of Conversational Language Models},
  journal={Proceedings of the Association for Computational Linguistics (ACL)},
  year = {2021},
}

@article{nadeem2021stereoset,
  author = {Moin Nadeem and Anna Bethke and Siva Reddy},
  title = {StereoSet: Measuring stereotypical bias in pretrained language models},
  journal={Proceedings of the Association for Computational Linguistics (ACL)},
  year = {2021},
}

@article{huang2023trustgpt,
  author = {Yue Huang and Qihui Zhang and Philip S. Y and Lichao Sun},
  title = {{TrustGPT}: A Benchmark for Trustworthy and Responsible Large Language Models},
  journal={arXiv:2306.11507},
  year = {2023},
}

@article{li2020unqovering,
  author = {Tao Li and Tushar Khot and Daniel Khashabi and Ashish Sabharwal and Vivek Srikumar},
  title = {{UnQovering} Stereotyping Biases via Underspecified Questions},
  journal={Findings of Empirical Methods in Natural Language Processing (Findings of EMNLP)},
  year = {2020},
}

@article{lawton2000meritocracymyth,
  author = {Anne Lawton},
  title = {The Meritocracy Myth and the Illusion of Equal
Employment Opportunity},
  journal={Minnesota Law Review},
  year = {2000},
}

@article{bobocel1998justicebasedoppo,
  author = {Ramona D. Bobocel and Leanne S. Son Hing and Liane M. Davey and David J. Stanley and Mark P. Zanna},
  title = {Justice-based opposition to social policies: Is it genuine?},
  journal={Journal of Personality and Social Psychology},
  year = {1998},
}

@article{mcconahay1976symbolicracism,
  author = {John B. McConahay and Joseph C. Hough Jr.},
  title = {Symbolic Racism},
  journal={Journal of Social Issues},
  year = {1976},
}

@article{felkner2023winoqueer,
  author = {Virginia K. Felkner and Ho-Chun Herbert Chang and Eugene Jang and Jonathan May},
  title = {WinoQueer: A Community-in-the-Loop Benchmark for Anti-LGBTQ+ Bias in Large Language Models},
  journal={Association for Computational Linguistics (ACL)},
  year = {2023},
}

@article{felkner2024winosemitism,
  author = {Virginia K. Felkner and Jennifer A. Thompson and Jonathan May},
  title = {GPT is Not an Annotator: The Necessity of Human Annotation in Fairness Benchmark Construction},
  journal={Association for Computational Linguistics (ACL)},
  year = {2024},
}

@article{gupta2024calm,
  author = {Vipul Gupta and Pranav Narayanan Venkit and Hugo Laurençon and Shomir Wilson and Rebecca J. Passonneau},
  title = {{CALM}: A Multi-task Benchmark for Comprehensive Assessment of Language Model Bias},
  journal={Conference on Language Modeling (COLM)},
  year = {2024},
}

@article{may2019seat,
  author = {Chandler May and Alex Wang and Shikha Bordia and Samuel R. Bowman and Rachel Rudinger},
  title = {On Measuring Social Biases in Sentence Encoders},
  journal={Conference of the North American Chapter of the Association for Computational Linguistics (NAACL)},
  year = {2019},
}

@article{huang2020sentiment,
  author = {Po-Sen Huang and Huan Zhang and Ray Jiang and Robert Stanforth and Johannes Welbl and  Jack W. Rae and Vishal Maini and Dani Yogatama and Pushmeet Kohli},
  title = {Reducing Sentiment Bias in Language Models via Counterfactual Evaluation},
  journal={Findings of the Empirical Methods in Natural Language Processing (Findings at EMNLP)},
  year = {2020},
}

@article{venkit2023ableism,
  author = {Pranav Narayanan Venkit and Mukund Srinath and Shomir Wilson},
  title = {Automated Ableism: An Exploration of Explicit Disability Biases in Sentiment and Toxicity Analysis Models},
  journal={3rd Workshop on Trustworthy Natural Language Processing at ACL},
  year = {2023},
}

@article{webster2020disco,
  author = {Kellie Webster and Xuezhi Wang and  Ian Tenney and Alex Beutel and Emily Pitler and Ellie Pavlick and Jilin Chen and Ed Chi and Slav Petrov},
  title = {Measuring and Reducing Gendered Correlations in Pre-trained Models},
  journal={arXiv:2010.06032},
  year = {2020},
}

@article{esiobu2023robbie,
  author = {David Esiobu and Xiaoqing Tan and Saghar Hosseini and Megan Ung and Yuchen Zhang and Jude Fernandes and Jane Dwivedi-Yu and Eleonora Presani and Adina Williams and Eric Michael Smith},
  title = {{ROBBIE}: Robust Bias Evaluation of Large Generative Language Models},
  journal={Empirical Methods in Natural Language Processing (EMNLP)},
  year = {2023},
}

@article{jha2023seegull,
  author = {Akshita Jha and Aida Davani and Chandan K. Reddy and Shachi Dave and Vinodkumar Prabhakaran and Sunipa Dev},
  title = {{SeeGULL}: A Stereotype Benchmark with Broad Geo-Cultural Coverage Leveraging Generative Models},
  journal={Proceedings of the Meeting of the Association for Computational Linguistics},
  year = {2023},
}

@article{bhatt2022indianstereotypes,
  author = {Shaily Bhatt and Sunipa Dev and Partha Talukdar and Shachi Dave and Vinodkumar Prabhakaran},
  title = {Re-contextualizing Fairness in NLP: The Case of India},
  journal={Proceedings of the 2nd Conference of the Asia-Pacific Chapter of the Association for Computational Linguistics and the 12th International Joint Conference on Natural Language Processing},
  year = {2022},
}

@article{liang2021lmbias,
  author = {Paul Pu Liang and Chiyu Wu and Louis-Philippe Morency and Ruslan Salakhutdinov},
  title = {Towards Understanding and Mitigating Social Biases in Language Models},
  journal={International Conference on Machine
Learning (ICML)},
  year = {2021},
}

@article{kirk2021biasoutofbox,
  author = {Hannah Kirk and Yennie Jun and Haider Iqbal and Elias Benussi and Filippo Volpin and Frederic A. Dreyer and Aleksandar Shtedritski and Yuki M. Asano},
  title = {Bias Out-of-the-Box: An Empirical Analysis of Intersectional Occupational Biases in Popular Generative Language Models},
  journal={Conference on Neural Information Processing Systems (NeurIPS)},
  year = {2021},
}

@article{ganguli2023moralselfcorrection,
  author = {Deep Ganguli and Amanda Askell and Nicholas Schiefer and Thomas I. Liao and Kamilė Lukošiūtė and Anna Chen and Anna Goldie and Azalia Mirhoseini and Catherine Olsson and Danny Hernandez and Dawn Drain and Dustin Li and Eli Tran-Johnson and Ethan Perez and Jackson Kernion and Jamie Kerr and Jared Mueller and Joshua Landau and Kamal Ndousse and Karina Nguyen and Liane Lovitt and Michael Sellitto and Nelson Elhage and Noemi Mercado and Nova DasSarma and Oliver Rausch and Robert Lasenby and Robin Larson and Sam Ringer and Sandipan Kundu and Saurav Kadavath and Scott Johnston and Shauna Kravec and Sheer El Showk and Tamera Lanham and Timothy Telleen-Lawton and Tom Henighan and Tristan Hume and Yuntao Bai and Zac Hatfield-Dodds and Ben Mann and Dario Amodei and Nicholas Joseph, Sam McCandlish and Tom Brown and Christopher Olah and Jack Clark and Samuel R. Bowman and Jared Kaplan},
  title = {The Capacity for Moral Self-Correction in Large Language Models},
  journal={arXiv:2302.07459},
  year = {2023},
}
@article{zhao2021ethicaladvicetaker,
  author = {Jieyu Zhao and Daniel Khashabi and Tushar Khot and Ashish Sabharwal and Kai-Wei Chang},
  title = {Ethical-Advice Taker: Do Language Models Understand Natural Language Interventions?},
  journal={ACL-IJCNLP},
  year = {2021},
}

@article{bai2022constitutionalaiharmlessnessai,
      title={Constitutional AI: Harmlessness from AI Feedback}, 
      author={Yuntao Bai and Saurav Kadavath and Sandipan Kundu and Amanda Askell and Jackson Kernion and Andy Jones and Anna Chen and Anna Goldie and Azalia Mirhoseini and Cameron McKinnon and Carol Chen and Catherine Olsson and Christopher Olah and Danny Hernandez and Dawn Drain and Deep Ganguli and Dustin Li and Eli Tran-Johnson and Ethan Perez and Jamie Kerr and Jared Mueller and Jeffrey Ladish and Joshua Landau and Kamal Ndousse and Kamile Lukosuite and Liane Lovitt and Michael Sellitto and Nelson Elhage and Nicholas Schiefer and Noemi Mercado and Nova DasSarma and Robert Lasenby and Robin Larson and Sam Ringer and Scott Johnston and Shauna Kravec and Sheer El Showk and Stanislav Fort and Tamera Lanham and Timothy Telleen-Lawton and Tom Conerly and Tom Henighan and Tristan Hume and Samuel R. Bowman and Zac Hatfield-Dodds and Ben Mann and Dario Amodei and Nicholas Joseph and Sam McCandlish and Tom Brown and Jared Kaplan},
      year={2022},
journal={arXiv:2212.08073}
}

@article{gallegos2024selfdebias,
  author = {Isabel O. Gallegos and Ryan A. Rossi and Joe Barrow and Md Mehrab Tanjim and Tong Yu and Hanieh Deilamsalehy and Ruiyi Zhang and Sungchul Kim and Franck Dernoncourt},
  title = {Self-Debiasing Large Language Models: Zero-Shot Recognition and Reduction of Stereotypes},
  journal={arXiv:2402.01981},
  year = {2024},
}

@article{card2020littlepower,
  author = {Dallas Card and Peter Henderson and Urvashi Khandelwal and Robin Jia and Kyle Mahowald and Dan Jurafsky},
  title = {With Little Power Comes Great Responsibility},
  journal={Empirical Methods in Natural Language Processing (EMNLP)},
  year = {2020},
}

@article{zink2024raceadj,
  title={Race adjustments in clinical algorithms can help correct for racial disparities in data quality},
  author={Anna Zink and Ziad Obermeyer and Emma Pierson},
  journal={Proceedings of the National Academy of Sciences of the United States of America (PNAS)},
  year={2024}
}

@article{ahn2021ethnicbias,
  title={Mitigating Language-Dependent Ethnic Bias in {BERT}},
  author={Jaimeen Ahn and Alice Oh},
  journal={Empirical Methods in Natural Language Processing (EMNLP)},
  year={2021}
}

@article{wang2024benchmarksuites,
  title={Benchmark suites instead of leaderboards for evaluating AI fairness},
  author={Angelina Wang and Aaron Hertzmann and Olga Russakovsky},
  journal={Patterns},
  year={2024}
}

@article{rudinger2018winogender,
  title={Gender Bias in Coreference Resolution},
  author={Rachel Rudinger and Jason Naradowsky and Brian Leonard and Benjamin Van Durme},
  journal={Proceedings of the Conference of the North American Chapter of the Association for Computational Linguistics},
  year={2018}
}

@article{sotnikova2021stereo,
  title={Analyzing Stereotypes in Generative Text Inference Tasks},
  author={Anna Sotnikova and Yang Trista Cao and Hal Daumé III and Rachel Rudinger},
  journal={Findings of the Association for Computational Linguistics},
  year={2021}
}

@article{ovalle2023fullywhoiam,
  title={“I’m fully who I am”: Towards Centering Transgender and Non-Binary Voices to Measure Biases in Open Language Generation},
  author={Anaelia Ovalle and Palash Goyal and Jwala Dhamala and Zachary Jaggers and Kai-Wei Chang and Aram Galstyan and Richard Zemel and Rahul Gupta},
  journal={ACM Conference on Fairness, Accountability, and Transparency (FAccT)},
  year={2023}
}

@article{sun2024trustllm,
author = {Lichao Sun and Yue Huang, Haoran Wang and Siyuan Wu, Qihui Zhang and Chujie Gao and Yixin Huang, Wenhan Lyu and Yixuan Zhang and Xiner Li and Zhengliang Liu and Yixin Liu and Yijue Wang, Zhikun Zhang and Bhavya Kailkhura and Caiming Xiong and Chaowei Xiao and Chunyuan Li and Eric Xing and Furong Huang and Hao Liu and Heng Ji and Hongyi Wang and Huan Zhang and Huaxiu Yao and Manolis Kellis and Marinka Zitnik and Meng Jiang and Mohit Bansal and James Zou and Jian Pei and Jian Liu and Jianfeng Gao and Jiawei Han and Jieyu Zhao and Jiliang Tang and Jindong Wang and John Mitchell and Kai Shu and Kaidi Xu and Kai-Wei Chang and Lifang He and Lifu Huang and Michael Backes and Neil Zhenqiang Gong and Philip S. Yu and Pin-Yu Chen and Quanquan Gu and Ran Xu and Rex Ying and Shuiwang Ji and Suman Jana, Tianlong Chen and Tianming Liu and Tianyi Zhou and William Wang and Xiang Li and Xiangliang Zhang and Xiao Wang and Xing Xie and Xun Chen and Xuyu Wang and Yan Liu and Yanfang Ye and Yinzhi Cao and Yong Chen and Yue Zhao},
journal = {Preprint at arXiv, \url{https://doi.org/10.48550/arXiv.2401.05561}},
title = {{TrustLLM}: Trustworthiness in Large Language Models},
year = {2024},
howpublished={Preprint at arXiv, \url{https://arxiv.org/abs/2401.05561}}
}

@article{bai2024implicit,
  title={Measuring Implicit Bias in Explicitly Unbiased Large Language Models},
  author={Xuechunzi Bai and Angelina Wang and Ilia Sucholutsky and Thomas L. Griffiths},
  journal={arXiv:2402.04105},
  year={2024}
}

@article{pikuliak2024genderstereo,
author = {Matúš Pikuliak and Andrea Hrckova and Stefan Oresko and Marián Šimko},
journal = {Findings of Empirical Methods in Natural Language Processing},
title = {Women Are Beautiful, Men Are Leaders: Gender Stereotypes in Machine Translation and Language Modeling},
year = {2024}
}


@article{miller2024errorbareval,
author = {Evan Miller},
journal = {arXiv:2411.00640},
title = {Adding Error Bars to Evals: A Statistical Approach to Language Model Evaluations},
year = {2024}
}

@article{huang2016clusterboot,
author = {Francis L. Huang},
journal = {Educational and Psychological Measurement},
title = {Using Cluster Bootstrapping to Analyze Nested Data With a Few Clusters},
year = {2016}
}



@misc{fairadmissionharvard2023,
  author      = {{Students for Fair Admissions v. Harvard}}, 
  title       = {Students for Fair Admissions v. Harvard},
  howpublished= {600 U.S. 181},
  note        = {U.S. Supreme Court, 2023}
}

@article{usbls2023,
author = {},
title = {U.S. Bureau of Labor Statistics},
journal = {},
year = {2023}
}

@article{ren2024safetywashing,
author = {Richard Ren and Steven Basart and Adam Khoja and Alice Gatti and Long Phan and Xuwang Yin and Mantas Mazeika and Alexander Pan and Gabriel Mukobi and Ryan H. Kim and Stephen Fitz and Dan Hendrycks},
journal = {NeurIPS Track Datasets and Benchmarks},
title = {Safetywashing: Do AI Safety Benchmarks Actually Measure Safety Progress?},
year = {2024}
}

@article{robertson2024gemini,
author = {Adi Robertson},
journal = {The Verge},
title = {Google apologizes for ‘missing the mark’ after Gemini generated racially diverse Nazis},
year = {2024}
}

@article{kaplan2020scalinglaws,
author = {Jared Kaplan and Sam McCandlish and Tom Henighan and Tom B. Brown and Benjamin Chess and Rewon Child and Scott Gray and Alec Radford and Jeffrey Wu and Dario Amodei},
journal = {arXiv:2001.08361},
title = {Scaling Laws for Neural Language Models},
year = {2020}
}

@article{isik2024scalinglaws,
author = {Berivan Isik and Natalia Ponomareva and Hussein Hazimeh and Dimitris Paparas and Sergei Vassilvitskii and Sanmi Koyejo},
journal = {arXiv:2402.04177},
title = {Scaling Laws for Downstream Task Performance of Large Language Models},
year = {2024}
}

@article{pan2023landscapeselfcorrection,
author = {Liangming Pan and Michael Saxon and Wenda Xu and Deepak Nathani and Xinyi Wang and William Yang Wang},
journal = {arXiv:2308.03188},
title = {Automatically Correcting Large Language Models: Surveying the landscape of diverse self-correction strategies},
year = {2023}
}

@article{liu2024intrinsicselfcorrectino,
author = {Guangliang Liu and Haitao Mao and Jiliang Tang and Kristen Marie Johnson},
journal = {Empirical Methods in Natural Language Processing (EMNLP)},
title = {Intrinsic Self-correction for Enhanced Morality: An Analysis of Internal Mechanisms and the Superficial Hypothesis},
year = {2024}
}

@article{wagstaff2012matters,
author = {Kiri Wagstaff},
journal = {International Conference on Machine Learning (ICML)},
title = {Machine Learning that Matters},
year = {2012}
}

@article{tam2024speakfreely,
author = {Zhi Rui Tam and Cheng-Kuang Wu and Yi-Lin Tsai and Chieh-Yen Lin and Hung-yi Lee and Yun-Nung Chen},
journal = {Proceedings of the 2024 Conference on Empirical Methods in Natural Language Processing: Industry Track},
title = {Let Me Speak Freely? A Study on the Impact of Format Restrictions on Performance of Large Language Models},
year = {2024}
}

@article{rottger2024politicalcompass,
author = {Paul Röttger and Valentin Hofmann and Valentina Pyatkin and Musashi Hinck and Hannah Rose Kirk and Hinrich Schütze and Dirk Hovy},
journal = {Annual Meeting of the Association for Computational Linguistics},
title = {Political Compass or Spinning Arrow? Towards More Meaningful Evaluations for Values and Opinions in Large Language Models},
year = {2024}
}

@article{huang2024collectiveconstai,
author = {Saffron Huang and Divya Siddarth and Liane Lovitt and Thomas I. Liao and Esin Durmus and Alex Tamkin and Deep Ganguli},
journal = {arXiv:2406.07814},
title = {Collective Constitutional AI: Aligning a Language Model with Public Input},
year = {2024}
}

@article{lipton2018treatmentdisparity,
author = {Zachary C. Lipton and Alexandra Chouldechova and Julian McAuley},
journal = {International Conference on Neural Information Processing Systems (NeurIPS)},
title = {Does mitigating ML's impact disparity require treatment disparity?},
year = {2018}
}

@article{dwork2012awareness,
author = {Cynthia Dwork and Moritz Hardt and Toniann Pitassi and Omer Reingold and Rich Zemel},
journal = {Proceedings of the 3rd Innovations in Theoretical Computer Science Conference},
title = {Fairness Through Awareness},
year = {2012}
}

@article{hardt2016eqopp,
author = {Moritz Hardt and Eric Price and Nathan Srebro},
title = {Equality of Opportunity in Supervised Learning},
journal = {Advances in Neural Information Processing Systems (NeurIPS)},
year = 2016
}

@article{basedau2019rmar,
author = {Matthias Basedau and Jonathan Fox and Christopher Huber and Arne Pieters and Tom Konzack and Mora Deitch},
title = {Introducing the "religious minorities at risk" dataset},
journal = {Peace Economics, Peace Science and Public Policy},
year = 2019
}

@article{jeshion2020reclaimslurs,
author = {Robin Jeshion},
title = {Pride and Prejudiced: On the Reclamation of Slurs},
journal = {Grazer Philosophische Studien},
year = 2020
}

@article{recht2019imagenetgeneralize,
author = {Benjamin Recht and Rebecca Roelofs and Ludwig Schmidt and Vaishaal Shankar},
title = {Do ImageNet Classifiers Generalize to ImageNet?},
journal = {International Conference on Machine
Learning (ICML)},
year = 2019
}

@article{sambasivan2021reimagineindia,
  author = {Nithya Sambasivan and Erin Arnesen and Ben Hutchinson and Tulsee Doshi and Vinodkumar Prabhakaran},
  title = {Re-imagining Algorithmic Fairness in India and Beyond},
  journal={ACM Conference on Fairness, Accountability, and Transparency (FAccT)},
  year = {2021},
}

@article{renze2024samplingtemp,
  author = {Matthew Renze and Erhan Guven},
  title = {The Effect of Sampling Temperature on Problem Solving in Large Language Models},
  journal={arXiv:2402.05201},
  year = {2024},
}

@article{ho2020affirmativealgs,
  author = {Daniel E. Ho and Alice Xiang},
  title = {Affirmative Algorithms: The Legal Grounds for Fairness as Awareness},
  journal={Chicago Law Review Online},
  year = {2020},
}

@article{kim2022raceawarealgs,
  author = {Pauline T. Kim},
  title = {Race-Aware Algorithms: Fairness, Nondiscrimination and Affirmative Action},
  journal={California Law Review},
  year = {2022},
}

@article{lepoutre2022hatefulcounterspeech,
  author = {Maxime Lepoutre},
  title = {Hateful Counterspeech},
  journal={Ethical Theory and Moral Practice},
  year = {2022},
}

@article{matsuda1989racistspeech,
  author = {Mari J. Matsuda},
  title = {Public Response to Racist Speech: Considering the Victim's Story},
  journal={Michigan Law Review},
  year = {1989},
}


@article{cao2022intrinsic,
author = {Yang Trista Cao and Yada Pruksachatkun and Kai-Wei Chang and Rahul Gupta and Varun Kumar and Jwala Dhamala and Aram Galstyan},
title = {On the Intrinsic and Extrinsic Fairness Evaluation Metrics for Contextualized Language Representations},
journal = {Association for Computational Linguistics (ACL)},
year = 2022
}

@article{wang2021biasamp,
author = {Angelina Wang and Olga Russakovsky},
title = {Directional Bias Amplification},
journal = {International Conference on Machine Learning (ICML)},
year = 2021
}

@article{hendrycks2021mmlu,
author = {Dan Hendrycks and Collin Burns and Steven Basart and Andy Zou and Mantas Mazeika and Dawn Song and Jacob Steinhardt},
title = {Measuring Massive Multitask Language Understanding},
journal = {International Conference on Learning Representations (ICLR)},
year = 2021
}

@article{eeoc1982bfoq,
author = {{U.S. EEOC}},
title = {CM-625 Bona Fide Occupational Qualifications},
journal = {United States Equal Employment Opportunity Commission},
year = 1982
}

@misc{mistralai12b,
author = {{Mistral AI}},
title = {Model Card for Mistral-Nemo-Instruct-2407},
journal = {Hugging Face},
year = 2024,
howpublished={\url{https://huggingface.co/mistralai/Mistral-Nemo-Instruct-2407}}
}
@misc{grattafiori2024llama3herdmodels,
      title={The Llama 3 Herd of Models}, 
      author={Aaron Grattafiori and Abhimanyu Dubey and Abhinav Jauhri and Abhinav Pandey and Abhishek Kadian and Ahmad Al-Dahle and Aiesha Letman and Akhil Mathur and Alan Schelten and Alex Vaughan and Amy Yang and Angela Fan and Anirudh Goyal and Anthony Hartshorn and Aobo Yang and Archi Mitra and Archie Sravankumar and Artem Korenev and Arthur Hinsvark and Arun Rao and Aston Zhang and Aurelien Rodriguez and Austen Gregerson and Ava Spataru and Baptiste Roziere and Bethany Biron and Binh Tang and Bobbie Chern and Charlotte Caucheteux and Chaya Nayak and Chloe Bi and Chris Marra and Chris McConnell and Christian Keller and Christophe Touret and Chunyang Wu and Corinne Wong and Cristian Canton Ferrer and Cyrus Nikolaidis and Damien Allonsius and Daniel Song and Danielle Pintz and Danny Livshits and Danny Wyatt and David Esiobu and Dhruv Choudhary and Dhruv Mahajan and Diego Garcia-Olano and Diego Perino and Dieuwke Hupkes and Egor Lakomkin and Ehab AlBadawy and Elina Lobanova and Emily Dinan and Eric Michael Smith and Filip Radenovic and Francisco Guzmán and Frank Zhang and Gabriel Synnaeve and Gabrielle Lee and Georgia Lewis Anderson and Govind Thattai and Graeme Nail and Gregoire Mialon and Guan Pang and Guillem Cucurell and Hailey Nguyen and Hannah Korevaar and Hu Xu and Hugo Touvron and Iliyan Zarov and Imanol Arrieta Ibarra and Isabel Kloumann and Ishan Misra and Ivan Evtimov and Jack Zhang and Jade Copet and Jaewon Lee and Jan Geffert and Jana Vranes and Jason Park and Jay Mahadeokar and Jeet Shah and Jelmer van der Linde and Jennifer Billock and Jenny Hong and Jenya Lee and Jeremy Fu and Jianfeng Chi and Jianyu Huang and Jiawen Liu and Jie Wang and Jiecao Yu and Joanna Bitton and Joe Spisak and Jongsoo Park and Joseph Rocca and Joshua Johnstun and Joshua Saxe and Junteng Jia and Kalyan Vasuden Alwala and Karthik Prasad and Kartikeya Upasani and Kate Plawiak and Ke Li and Kenneth Heafield and Kevin Stone and Khalid El-Arini and Krithika Iyer and Kshitiz Malik and Kuenley Chiu and Kunal Bhalla and Kushal Lakhotia and Lauren Rantala-Yeary and Laurens van der Maaten and Lawrence Chen and Liang Tan and Liz Jenkins and Louis Martin and Lovish Madaan and Lubo Malo and Lukas Blecher and Lukas Landzaat and Luke de Oliveira and Madeline Muzzi and Mahesh Pasupuleti and Mannat Singh and Manohar Paluri and Marcin Kardas and Maria Tsimpoukelli and Mathew Oldham and Mathieu Rita and Maya Pavlova and Melanie Kambadur and Mike Lewis and Min Si and Mitesh Kumar Singh and Mona Hassan and Naman Goyal and Narjes Torabi and Nikolay Bashlykov and Nikolay Bogoychev and Niladri Chatterji and Ning Zhang and Olivier Duchenne and Onur Çelebi and Patrick Alrassy and Pengchuan Zhang and Pengwei Li and Petar Vasic and Peter Weng and Prajjwal Bhargava and Pratik Dubal and Praveen Krishnan and Punit Singh Koura and Puxin Xu and Qing He and Qingxiao Dong and Ragavan Srinivasan and Raj Ganapathy and Ramon Calderer and Ricardo Silveira Cabral and Robert Stojnic and Roberta Raileanu and Rohan Maheswari and Rohit Girdhar and Rohit Patel and Romain Sauvestre and Ronnie Polidoro and Roshan Sumbaly and Ross Taylor and Ruan Silva and Rui Hou and Rui Wang and Saghar Hosseini and Sahana Chennabasappa and Sanjay Singh and Sean Bell and Seohyun Sonia Kim and Sergey Edunov and Shaoliang Nie and Sharan Narang and Sharath Raparthy and Sheng Shen and Shengye Wan and Shruti Bhosale and Shun Zhang and Simon Vandenhende and Soumya Batra and Spencer Whitman and Sten Sootla and Stephane Collot and Suchin Gururangan and Sydney Borodinsky and Tamar Herman and Tara Fowler and Tarek Sheasha and Thomas Georgiou and Thomas Scialom and Tobias Speckbacher and Todor Mihaylov and Tong Xiao and Ujjwal Karn and Vedanuj Goswami and Vibhor Gupta and Vignesh Ramanathan and Viktor Kerkez and Vincent Gonguet and Virginie Do and Vish Vogeti and Vítor Albiero and Vladan Petrovic and Weiwei Chu and Wenhan Xiong and Wenyin Fu and Whitney Meers and Xavier Martinet and Xiaodong Wang and Xiaofang Wang and Xiaoqing Ellen Tan and Xide Xia and Xinfeng Xie and Xuchao Jia and Xuewei Wang and Yaelle Goldschlag and Yashesh Gaur and Yasmine Babaei and Yi Wen and Yiwen Song and Yuchen Zhang and Yue Li and Yuning Mao and Zacharie Delpierre Coudert and Zheng Yan and Zhengxing Chen and Zoe Papakipos and Aaditya Singh and Aayushi Srivastava and Abha Jain and Adam Kelsey and Adam Shajnfeld and Adithya Gangidi and Adolfo Victoria and Ahuva Goldstand and Ajay Menon and Ajay Sharma and Alex Boesenberg and Alexei Baevski and Allie Feinstein and Amanda Kallet and Amit Sangani and Amos Teo and Anam Yunus and Andrei Lupu and Andres Alvarado and Andrew Caples and Andrew Gu and Andrew Ho and Andrew Poulton and Andrew Ryan and Ankit Ramchandani and Annie Dong and Annie Franco and Anuj Goyal and Aparajita Saraf and Arkabandhu Chowdhury and Ashley Gabriel and Ashwin Bharambe and Assaf Eisenman and Azadeh Yazdan and Beau James and Ben Maurer and Benjamin Leonhardi and Bernie Huang and Beth Loyd and Beto De Paola and Bhargavi Paranjape and Bing Liu and Bo Wu and Boyu Ni and Braden Hancock and Bram Wasti and Brandon Spence and Brani Stojkovic and Brian Gamido and Britt Montalvo and Carl Parker and Carly Burton and Catalina Mejia and Ce Liu and Changhan Wang and Changkyu Kim and Chao Zhou and Chester Hu and Ching-Hsiang Chu and Chris Cai and Chris Tindal and Christoph Feichtenhofer and Cynthia Gao and Damon Civin and Dana Beaty and Daniel Kreymer and Daniel Li and David Adkins and David Xu and Davide Testuggine and Delia David and Devi Parikh and Diana Liskovich and Didem Foss and Dingkang Wang and Duc Le and Dustin Holland and Edward Dowling and Eissa Jamil and Elaine Montgomery and Eleonora Presani and Emily Hahn and Emily Wood and Eric-Tuan Le and Erik Brinkman and Esteban Arcaute and Evan Dunbar and Evan Smothers and Fei Sun and Felix Kreuk and Feng Tian and Filippos Kokkinos and Firat Ozgenel and Francesco Caggioni and Frank Kanayet and Frank Seide and Gabriela Medina Florez and Gabriella Schwarz and Gada Badeer and Georgia Swee and Gil Halpern and Grant Herman and Grigory Sizov and Guangyi and Zhang and Guna Lakshminarayanan and Hakan Inan and Hamid Shojanazeri and Han Zou and Hannah Wang and Hanwen Zha and Haroun Habeeb and Harrison Rudolph and Helen Suk and Henry Aspegren and Hunter Goldman and Hongyuan Zhan and Ibrahim Damlaj and Igor Molybog and Igor Tufanov and Ilias Leontiadis and Irina-Elena Veliche and Itai Gat and Jake Weissman and James Geboski and James Kohli and Janice Lam and Japhet Asher and Jean-Baptiste Gaya and Jeff Marcus and Jeff Tang and Jennifer Chan and Jenny Zhen and Jeremy Reizenstein and Jeremy Teboul and Jessica Zhong and Jian Jin and Jingyi Yang and Joe Cummings and Jon Carvill and Jon Shepard and Jonathan McPhie and Jonathan Torres and Josh Ginsburg and Junjie Wang and Kai Wu and Kam Hou U and Karan Saxena and Kartikay Khandelwal and Katayoun Zand and Kathy Matosich and Kaushik Veeraraghavan and Kelly Michelena and Keqian Li and Kiran Jagadeesh and Kun Huang and Kunal Chawla and Kyle Huang and Lailin Chen and Lakshya Garg and Lavender A and Leandro Silva and Lee Bell and Lei Zhang and Liangpeng Guo and Licheng Yu and Liron Moshkovich and Luca Wehrstedt and Madian Khabsa and Manav Avalani and Manish Bhatt and Martynas Mankus and Matan Hasson and Matthew Lennie and Matthias Reso and Maxim Groshev and Maxim Naumov and Maya Lathi and Meghan Keneally and Miao Liu and Michael L. Seltzer and Michal Valko and Michelle Restrepo and Mihir Patel and Mik Vyatskov and Mikayel Samvelyan and Mike Clark and Mike Macey and Mike Wang and Miquel Jubert Hermoso and Mo Metanat and Mohammad Rastegari and Munish Bansal and Nandhini Santhanam and Natascha Parks and Natasha White and Navyata Bawa and Nayan Singhal and Nick Egebo and Nicolas Usunier and Nikhil Mehta and Nikolay Pavlovich Laptev and Ning Dong and Norman Cheng and Oleg Chernoguz and Olivia Hart and Omkar Salpekar and Ozlem Kalinli and Parkin Kent and Parth Parekh and Paul Saab and Pavan Balaji and Pedro Rittner and Philip Bontrager and Pierre Roux and Piotr Dollar and Polina Zvyagina and Prashant Ratanchandani and Pritish Yuvraj and Qian Liang and Rachad Alao and Rachel Rodriguez and Rafi Ayub and Raghotham Murthy and Raghu Nayani and Rahul Mitra and Rangaprabhu Parthasarathy and Raymond Li and Rebekkah Hogan and Robin Battey and Rocky Wang and Russ Howes and Ruty Rinott and Sachin Mehta and Sachin Siby and Sai Jayesh Bondu and Samyak Datta and Sara Chugh and Sara Hunt and Sargun Dhillon and Sasha Sidorov and Satadru Pan and Saurabh Mahajan and Saurabh Verma and Seiji Yamamoto and Sharadh Ramaswamy and Shaun Lindsay and Shaun Lindsay and Sheng Feng and Shenghao Lin and Shengxin Cindy Zha and Shishir Patil and Shiva Shankar and Shuqiang Zhang and Shuqiang Zhang and Sinong Wang and Sneha Agarwal and Soji Sajuyigbe and Soumith Chintala and Stephanie Max and Stephen Chen and Steve Kehoe and Steve Satterfield and Sudarshan Govindaprasad and Sumit Gupta and Summer Deng and Sungmin Cho and Sunny Virk and Suraj Subramanian and Sy Choudhury and Sydney Goldman and Tal Remez and Tamar Glaser and Tamara Best and Thilo Koehler and Thomas Robinson and Tianhe Li and Tianjun Zhang and Tim Matthews and Timothy Chou and Tzook Shaked and Varun Vontimitta and Victoria Ajayi and Victoria Montanez and Vijai Mohan and Vinay Satish Kumar and Vishal Mangla and Vlad Ionescu and Vlad Poenaru and Vlad Tiberiu Mihailescu and Vladimir Ivanov and Wei Li and Wenchen Wang and Wenwen Jiang and Wes Bouaziz and Will Constable and Xiaocheng Tang and Xiaojian Wu and Xiaolan Wang and Xilun Wu and Xinbo Gao and Yaniv Kleinman and Yanjun Chen and Ye Hu and Ye Jia and Ye Qi and Yenda Li and Yilin Zhang and Ying Zhang and Yossi Adi and Youngjin Nam and Yu and Wang and Yu Zhao and Yuchen Hao and Yundi Qian and Yunlu Li and Yuzi He and Zach Rait and Zachary DeVito and Zef Rosnbrick and Zhaoduo Wen and Zhenyu Yang and Zhiwei Zhao and Zhiyu Ma},
      year={2024},
      eprint={2407.21783},
      archivePrefix={arXiv},
      primaryClass={cs.AI},
      url={https://arxiv.org/abs/2407.21783}, 
}
@misc{jiang2023mistral7b,
      title={Mistral 7B}, 
      author={Albert Q. Jiang and Alexandre Sablayrolles and Arthur Mensch and Chris Bamford and Devendra Singh Chaplot and Diego de las Casas and Florian Bressand and Gianna Lengyel and Guillaume Lample and Lucile Saulnier and Lélio Renard Lavaud and Marie-Anne Lachaux and Pierre Stock and Teven Le Scao and Thibaut Lavril and Thomas Wang and Timothée Lacroix and William El Sayed},
      year={2023},
      eprint={2310.06825},
      archivePrefix={arXiv},
      primaryClass={cs.CL},
      url={https://arxiv.org/abs/2310.06825}, 
}

@misc{gemmateam2024gemma2improvingopen,
      title={Gemma 2: Improving Open Language Models at a Practical Size}, 
      author={Gemma Team and Morgane Riviere and Shreya Pathak and Pier Giuseppe Sessa and Cassidy Hardin and Surya Bhupatiraju and Léonard Hussenot and Thomas Mesnard and Bobak Shahriari and Alexandre Ramé and Johan Ferret and Peter Liu and Pouya Tafti and Abe Friesen and Michelle Casbon and Sabela Ramos and Ravin Kumar and Charline Le Lan and Sammy Jerome and Anton Tsitsulin and Nino Vieillard and Piotr Stanczyk and Sertan Girgin and Nikola Momchev and Matt Hoffman and Shantanu Thakoor and Jean-Bastien Grill and Behnam Neyshabur and Olivier Bachem and Alanna Walton and Aliaksei Severyn and Alicia Parrish and Aliya Ahmad and Allen Hutchison and Alvin Abdagic and Amanda Carl and Amy Shen and Andy Brock and Andy Coenen and Anthony Laforge and Antonia Paterson and Ben Bastian and Bilal Piot and Bo Wu and Brandon Royal and Charlie Chen and Chintu Kumar and Chris Perry and Chris Welty and Christopher A. Choquette-Choo and Danila Sinopalnikov and David Weinberger and Dimple Vijaykumar and Dominika Rogozińska and Dustin Herbison and Elisa Bandy and Emma Wang and Eric Noland and Erica Moreira and Evan Senter and Evgenii Eltyshev and Francesco Visin and Gabriel Rasskin and Gary Wei and Glenn Cameron and Gus Martins and Hadi Hashemi and Hanna Klimczak-Plucińska and Harleen Batra and Harsh Dhand and Ivan Nardini and Jacinda Mein and Jack Zhou and James Svensson and Jeff Stanway and Jetha Chan and Jin Peng Zhou and Joana Carrasqueira and Joana Iljazi and Jocelyn Becker and Joe Fernandez and Joost van Amersfoort and Josh Gordon and Josh Lipschultz and Josh Newlan and Ju-yeong Ji and Kareem Mohamed and Kartikeya Badola and Kat Black and Katie Millican and Keelin McDonell and Kelvin Nguyen and Kiranbir Sodhia and Kish Greene and Lars Lowe Sjoesund and Lauren Usui and Laurent Sifre and Lena Heuermann and Leticia Lago and Lilly McNealus and Livio Baldini Soares and Logan Kilpatrick and Lucas Dixon and Luciano Martins and Machel Reid and Manvinder Singh and Mark Iverson and Martin Görner and Mat Velloso and Mateo Wirth and Matt Davidow and Matt Miller and Matthew Rahtz and Matthew Watson and Meg Risdal and Mehran Kazemi and Michael Moynihan and Ming Zhang and Minsuk Kahng and Minwoo Park and Mofi Rahman and Mohit Khatwani and Natalie Dao and Nenshad Bardoliwalla and Nesh Devanathan and Neta Dumai and Nilay Chauhan and Oscar Wahltinez and Pankil Botarda and Parker Barnes and Paul Barham and Paul Michel and Pengchong Jin and Petko Georgiev and Phil Culliton and Pradeep Kuppala and Ramona Comanescu and Ramona Merhej and Reena Jana and Reza Ardeshir Rokni and Rishabh Agarwal and Ryan Mullins and Samaneh Saadat and Sara Mc Carthy and Sarah Cogan and Sarah Perrin and Sébastien M. R. Arnold and Sebastian Krause and Shengyang Dai and Shruti Garg and Shruti Sheth and Sue Ronstrom and Susan Chan and Timothy Jordan and Ting Yu and Tom Eccles and Tom Hennigan and Tomas Kocisky and Tulsee Doshi and Vihan Jain and Vikas Yadav and Vilobh Meshram and Vishal Dharmadhikari and Warren Barkley and Wei Wei and Wenming Ye and Woohyun Han and Woosuk Kwon and Xiang Xu and Zhe Shen and Zhitao Gong and Zichuan Wei and Victor Cotruta and Phoebe Kirk and Anand Rao and Minh Giang and Ludovic Peran and Tris Warkentin and Eli Collins and Joelle Barral and Zoubin Ghahramani and Raia Hadsell and D. Sculley and Jeanine Banks and Anca Dragan and Slav Petrov and Oriol Vinyals and Jeff Dean and Demis Hassabis and Koray Kavukcuoglu and Clement Farabet and Elena Buchatskaya and Sebastian Borgeaud and Noah Fiedel and Armand Joulin and Kathleen Kenealy and Robert Dadashi and Alek Andreev},
      year={2024},
      eprint={2408.00118},
      archivePrefix={arXiv},
      primaryClass={cs.CL},
      url={https://arxiv.org/abs/2408.00118}, 
}
@misc{openai2024gpt4ocard,
      title={GPT-4o System Card}, 
      author={OpenAI and : and Aaron Hurst and Adam Lerer and Adam P. Goucher and Adam Perelman and Aditya Ramesh and Aidan Clark and AJ Ostrow and Akila Welihinda and Alan Hayes and Alec Radford and Aleksander Mądry and Alex Baker-Whitcomb and Alex Beutel and Alex Borzunov and Alex Carney and Alex Chow and Alex Kirillov and Alex Nichol and Alex Paino and Alex Renzin and Alex Tachard Passos and Alexander Kirillov and Alexi Christakis and Alexis Conneau and Ali Kamali and Allan Jabri and Allison Moyer and Allison Tam and Amadou Crookes and Amin Tootoochian and Amin Tootoonchian and Ananya Kumar and Andrea Vallone and Andrej Karpathy and Andrew Braunstein and Andrew Cann and Andrew Codispoti and Andrew Galu and Andrew Kondrich and Andrew Tulloch and Andrey Mishchenko and Angela Baek and Angela Jiang and Antoine Pelisse and Antonia Woodford and Anuj Gosalia and Arka Dhar and Ashley Pantuliano and Avi Nayak and Avital Oliver and Barret Zoph and Behrooz Ghorbani and Ben Leimberger and Ben Rossen and Ben Sokolowsky and Ben Wang and Benjamin Zweig and Beth Hoover and Blake Samic and Bob McGrew and Bobby Spero and Bogo Giertler and Bowen Cheng and Brad Lightcap and Brandon Walkin and Brendan Quinn and Brian Guarraci and Brian Hsu and Bright Kellogg and Brydon Eastman and Camillo Lugaresi and Carroll Wainwright and Cary Bassin and Cary Hudson and Casey Chu and Chad Nelson and Chak Li and Chan Jun Shern and Channing Conger and Charlotte Barette and Chelsea Voss and Chen Ding and Cheng Lu and Chong Zhang and Chris Beaumont and Chris Hallacy and Chris Koch and Christian Gibson and Christina Kim and Christine Choi and Christine McLeavey and Christopher Hesse and Claudia Fischer and Clemens Winter and Coley Czarnecki and Colin Jarvis and Colin Wei and Constantin Koumouzelis and Dane Sherburn and Daniel Kappler and Daniel Levin and Daniel Levy and David Carr and David Farhi and David Mely and David Robinson and David Sasaki and Denny Jin and Dev Valladares and Dimitris Tsipras and Doug Li and Duc Phong Nguyen and Duncan Findlay and Edede Oiwoh and Edmund Wong and Ehsan Asdar and Elizabeth Proehl and Elizabeth Yang and Eric Antonow and Eric Kramer and Eric Peterson and Eric Sigler and Eric Wallace and Eugene Brevdo and Evan Mays and Farzad Khorasani and Felipe Petroski Such and Filippo Raso and Francis Zhang and Fred von Lohmann and Freddie Sulit and Gabriel Goh and Gene Oden and Geoff Salmon and Giulio Starace and Greg Brockman and Hadi Salman and Haiming Bao and Haitang Hu and Hannah Wong and Haoyu Wang and Heather Schmidt and Heather Whitney and Heewoo Jun and Hendrik Kirchner and Henrique Ponde de Oliveira Pinto and Hongyu Ren and Huiwen Chang and Hyung Won Chung and Ian Kivlichan and Ian O'Connell and Ian O'Connell and Ian Osband and Ian Silber and Ian Sohl and Ibrahim Okuyucu and Ikai Lan and Ilya Kostrikov and Ilya Sutskever and Ingmar Kanitscheider and Ishaan Gulrajani and Jacob Coxon and Jacob Menick and Jakub Pachocki and James Aung and James Betker and James Crooks and James Lennon and Jamie Kiros and Jan Leike and Jane Park and Jason Kwon and Jason Phang and Jason Teplitz and Jason Wei and Jason Wolfe and Jay Chen and Jeff Harris and Jenia Varavva and Jessica Gan Lee and Jessica Shieh and Ji Lin and Jiahui Yu and Jiayi Weng and Jie Tang and Jieqi Yu and Joanne Jang and Joaquin Quinonero Candela and Joe Beutler and Joe Landers and Joel Parish and Johannes Heidecke and John Schulman and Jonathan Lachman and Jonathan McKay and Jonathan Uesato and Jonathan Ward and Jong Wook Kim and Joost Huizinga and Jordan Sitkin and Jos Kraaijeveld and Josh Gross and Josh Kaplan and Josh Snyder and Joshua Achiam and Joy Jiao and Joyce Lee and Juntang Zhuang and Justyn Harriman and Kai Fricke and Kai Hayashi and Karan Singhal and Katy Shi and Kavin Karthik and Kayla Wood and Kendra Rimbach and Kenny Hsu and Kenny Nguyen and Keren Gu-Lemberg and Kevin Button and Kevin Liu and Kiel Howe and Krithika Muthukumar and Kyle Luther and Lama Ahmad and Larry Kai and Lauren Itow and Lauren Workman and Leher Pathak and Leo Chen and Li Jing and Lia Guy and Liam Fedus and Liang Zhou and Lien Mamitsuka and Lilian Weng and Lindsay McCallum and Lindsey Held and Long Ouyang and Louis Feuvrier and Lu Zhang and Lukas Kondraciuk and Lukasz Kaiser and Luke Hewitt and Luke Metz and Lyric Doshi and Mada Aflak and Maddie Simens and Madelaine Boyd and Madeleine Thompson and Marat Dukhan and Mark Chen and Mark Gray and Mark Hudnall and Marvin Zhang and Marwan Aljubeh and Mateusz Litwin and Matthew Zeng and Max Johnson and Maya Shetty and Mayank Gupta and Meghan Shah and Mehmet Yatbaz and Meng Jia Yang and Mengchao Zhong and Mia Glaese and Mianna Chen and Michael Janner and Michael Lampe and Michael Petrov and Michael Wu and Michele Wang and Michelle Fradin and Michelle Pokrass and Miguel Castro and Miguel Oom Temudo de Castro and Mikhail Pavlov and Miles Brundage and Miles Wang and Minal Khan and Mira Murati and Mo Bavarian and Molly Lin and Murat Yesildal and Nacho Soto and Natalia Gimelshein and Natalie Cone and Natalie Staudacher and Natalie Summers and Natan LaFontaine and Neil Chowdhury and Nick Ryder and Nick Stathas and Nick Turley and Nik Tezak and Niko Felix and Nithanth Kudige and Nitish Keskar and Noah Deutsch and Noel Bundick and Nora Puckett and Ofir Nachum and Ola Okelola and Oleg Boiko and Oleg Murk and Oliver Jaffe and Olivia Watkins and Olivier Godement and Owen Campbell-Moore and Patrick Chao and Paul McMillan and Pavel Belov and Peng Su and Peter Bak and Peter Bakkum and Peter Deng and Peter Dolan and Peter Hoeschele and Peter Welinder and Phil Tillet and Philip Pronin and Philippe Tillet and Prafulla Dhariwal and Qiming Yuan and Rachel Dias and Rachel Lim and Rahul Arora and Rajan Troll and Randall Lin and Rapha Gontijo Lopes and Raul Puri and Reah Miyara and Reimar Leike and Renaud Gaubert and Reza Zamani and Ricky Wang and Rob Donnelly and Rob Honsby and Rocky Smith and Rohan Sahai and Rohit Ramchandani and Romain Huet and Rory Carmichael and Rowan Zellers and Roy Chen and Ruby Chen and Ruslan Nigmatullin and Ryan Cheu and Saachi Jain and Sam Altman and Sam Schoenholz and Sam Toizer and Samuel Miserendino and Sandhini Agarwal and Sara Culver and Scott Ethersmith and Scott Gray and Sean Grove and Sean Metzger and Shamez Hermani and Shantanu Jain and Shengjia Zhao and Sherwin Wu and Shino Jomoto and Shirong Wu and Shuaiqi and Xia and Sonia Phene and Spencer Papay and Srinivas Narayanan and Steve Coffey and Steve Lee and Stewart Hall and Suchir Balaji and Tal Broda and Tal Stramer and Tao Xu and Tarun Gogineni and Taya Christianson and Ted Sanders and Tejal Patwardhan and Thomas Cunninghman and Thomas Degry and Thomas Dimson and Thomas Raoux and Thomas Shadwell and Tianhao Zheng and Todd Underwood and Todor Markov and Toki Sherbakov and Tom Rubin and Tom Stasi and Tomer Kaftan and Tristan Heywood and Troy Peterson and Tyce Walters and Tyna Eloundou and Valerie Qi and Veit Moeller and Vinnie Monaco and Vishal Kuo and Vlad Fomenko and Wayne Chang and Weiyi Zheng and Wenda Zhou and Wesam Manassra and Will Sheu and Wojciech Zaremba and Yash Patil and Yilei Qian and Yongjik Kim and Youlong Cheng and Yu Zhang and Yuchen He and Yuchen Zhang and Yujia Jin and Yunxing Dai and Yury Malkov},
      year={2024},
      eprint={2410.21276},
      archivePrefix={arXiv},
      primaryClass={cs.CL},
      url={https://arxiv.org/abs/2410.21276}, 
}


@article{anthropic2024claude,
author = {Anthropic},
title = {The Claude 3 Model Family: Opus, Sonnet, Haiku},
journal = {Anthropic},
year = 2024
}

@article{lewis2020rag,
author = {Patrick Lewis and Ethan Perez and Aleksandra Piktus and Fabio Petroni and Vladimir Karpukhin and Naman Goyal and Heinrich Küttler and Mike Lewis and Wen-tau Yih and Tim Rocktäschel and Sebastian Riedel and Douwe Kiela},
title = {Retrieval-Augmented Generation for Knowledge-Intensive NLP Tasks},
journal = {Conference on Neural Information Processing Systems (NeurIPS)},
year = 2020
}

@article{yee2021twittercrop,
author = {Kyra Yee and Uthaipon Tantipongpipat and Shubhanshu Mishra},
title = {Image Cropping on Twitter: Fairness Metrics, their Limitations, and the Importance of Representation, Design, and Agency},
journal = {ACM SIGCHI Conference on Computer-Supported Cooperative Work \& Social Computing (CSCW)},
year = 2021
}

@article{wei2022cot,
author = {Jason Wei and Xuezhi Wang and Dale Schuurmans and Maarten Bosma and brian ichter and Fei Xia and Ed Chi and Quoc V Le and Denny Zhou},
title = {Chain-of-Thought Prompting Elicits Reasoning in Large Language Models},
journal = {Conference on Neural Information Processing Systems (NeurIPS)},
year = 2022
}

@article{bennett2021itscomplicated,
author = {Cynthia L. Bennett and Cole Gleason and Morgan Klaus Scheuerman and Jeffrey P. Bigham and Anhong Guo and Alexandra To},
title = {``It’s Complicated''': Negotiating Accessibility and (Mis)Representation in Image Descriptions of Race, Gender, and Disability},
journal = {Proceedings of the Conference on Human Factors in Computing Systems (CHI)},
year = 2021
}

@article{mitchell2024ethicalgemini,
author = {Margaret Mitchell},
title = {Ethical AI Isn’t to Blame for Google’s Gemini Debacle},
journal = {TIME},
year = 2024
}

@article{rawls1971justice,
author = {John Rawls},
title = {A Theory of Justice},
journal = {Belknap Press},
year = 1971
}

@article{kitejackson2024lawyer,
author = {Darla Wynon Kite-Jackson},
title = {2023 Artificial Intelligence (AI) TechReport},
journal = {American Bar Association},
year = 2024
}

@article{wei2022emergent,
author = {Jason Wei and Yi Tay and Rishi Bommasani and Colin Raffel and Barret Zoph and Sebastian Borgeaud and Dani Yogatama and Maarten Bosma and Denny Zhou and Donald Metzler and Ed H. Chi and Tatsunori Hashimoto and Oriol Vinyals and Percy Liang and Jeff Dean and William Fedus},
title = {Emergent Abilities of Large Language Models},
journal = {Transactions on Machine Learning Research (TMLR)},
year = 2022
}

@article{watsondaniels2024colorblind,
  title={Algorithmic Fairness and Color-blind Racism: Navigating the Intersection},
  author={Jamelle Watson-Daniels},
  journal={Preprint at arXiv, \url{https://doi.org/10.48550/arXiv.2402.07778}},
  year={2024}
}

@article{li2024steeringllms,
  title={Steering LLMs Towards Unbiased Responses: A Causality-Guided Debiasing Framework},
  author={Jingling Li and Zeyu Tang and Xiaoyu Liu and Peter Spirtes and Kun Zhang and Liu Leqi and Yang Liu},
  journal={arXiv:2403.08743},
  year={2024}
}

@article{kantharuban2024stereopersonal,
  title={Stereotype or Personalization? User Identity Biases Chatbot Recommendations},
  author={Anjali Kantharuban and Jeremiah Milbauer and Emma Strubell and Graham Neubig},
  journal={arXiv:2410.05613},
  year={2024}
}