@InProceedings{Blayney_2024_CVPR_bezier,
    author    = {Blayney, Hugh and Tian, Hanlin and Scott, Hamish and Goldbeck, Nils and Stetson, Chess and Angeloudis, Panagiotis},
    title     = {{Bezier Everywhere All at Once: Learning Drivable Lanes as Bezier Graphs}},
    booktitle = {Proceedings of the IEEE/CVF Conference on Computer Vision and Pattern Recognition (CVPR)},
    year      = {2024},
    pages     = {15365-15374}
}

@INPROCEEDINGS{Buchner2023UrbanLaneGraph,
  author={Büchner, Martin and Zürn, Jannik and Todoran, Ion-George and Valada, Abhinav and Burgard, Wolfram},
  booktitle={Proceedings of the IEEE/CVF Conference on Computer Vision and Pattern Recognition (CVPR)}, 
  title={{Learning and Aggregating Lane Graphs for Urban Automated Driving}}, 
  year={2023},
  volume={},
  number={},
  pages={13415-13424},
}

@INPROCEEDINGS{Gao2024ICRA,
  author={Gao, Wenjie and Fu, Jiawei and Shen, Yanqing and Jing, Haodong and Chen, Shitao and Zheng, Nanning},
  booktitle={Proceedings of the IEEE International Conference on Robotics and Automation (ICRA)}, 
  title={{Complementing Onboard Sensors with Satellite Maps: A New Perspective for HD Map Construction}}, 
  year={2024},
  volume={},
  number={},
  pages={11103-11109},
}

@ARTICLE{Jiang2024pmapnet,
  author={Jiang, Zhou and Zhu, Zhenxin and Li, Pengfei and Gao, Huan-ang and Yuan, Tianyuan and Shi, Yongliang and Zhao, Hang and Zhao, Hao},
  journal={IEEE Robotics and Automation Letters}, 
  title={{P-MapNet: Far-Seeing Map Generator Enhanced by Both SDMap and HDMap Priors}}, 
  year={2024},
  volume={9},
  number={10},
  pages={8539-8546},
  }

@inproceedings{MapTR,
  title={{MapTR: Structured Modeling and Learning for Online Vectorized HD Map Construction}},
  author={Liao, Bencheng and Chen, Shaoyu and Wang, Xinggang and Cheng, Tianheng and Zhang, Qian and Liu, Wenyu and Huang, Chang},
  booktitle={Proceedings of the International Conference on Learning Representations (ICLR)},
  year={2023},
pages={1-18}
}

@InProceedings{Yuan2024presight,
author="Yuan, Tianyuan
and Mao, Yucheng
and Yang, Jiawei
and Liu, Yicheng
and Wang, Yue
and Zhao, Hang",
title={{PreSight: Enhancing Autonomous Vehicle Perception with City-Scale NeRF Priors}},
booktitle={Proceedings of the European Conference on Computer Vision (ECCV)},
year="2024",
pages="323--339",
}

@article{fu2024topologic,
      title={{TopoLogic: An Interpretable Pipeline for Lane Topology Reasoning on Driving Scenes}}, 
      author={Yanping Fu and Wenbin Liao and Xinyuan Liu and Hang xu and Yike Ma and Feng Dai and Yucheng Zhang},
      journal={arXiv preprint arXiv:2405.14747},
      year={2024},
    pages={1-12}
}

@article{haklay2008openstreetmap,
  title={{Openstreetmap: User-generated street maps}},
  author={Haklay, Mordechai and Weber, Patrick},
  journal={IEEE Pervasive computing},
  volume={7},
  number={4},
  pages={12--18},
  year={2008},
  publisher={Ieee}
}

@INPROCEEDINGS{li2021hdmapnet,
  author={Li, Qi and Wang, Yue and Wang, Yilun and Zhao, Hang},
  booktitle={Proceedings of the International Conference on Robotics and Automation (ICRA)}, 
  title={{HDMapNet: An Online HD Map Construction and Evaluation Framework}}, 
  year={2022},
  volume={},
  number={},
  pages={4628-4634},
}

@article{li2023toponet,
  title={{Graph-based Topology Reasoning for Driving Scenes}},
  author={Li, Tianyu and Chen, Li and Wang, Huijie and Li, Yang and Yang, Jiazhi and Geng, Xiangwei and Jiang, Shengyin and Wang, Yuting and Xu, Hang and Xu, Chunjing and Yan, Junchi and Luo, Ping and Li, Hongyang},
  journal={arXiv preprint arXiv:2304.05277},
  year={2023},
  pages={1-12}
}

@article{li2024topo2d,
      title={{Enhancing 3D Lane Detection and Topology Reasoning with 2D Lane Priors}}, 
      author={Han Li and Zehao Huang and Zitian Wang and Wenge Rong and Naiyan Wang and Si Liu},
      journal={arXiv preprint arXiv:2406.03105},
      year={2024},
      pages={1-20}
}

@InProceedings{liu2023vectormapnet,
  title = 	 {{{V}ector{M}ap{N}et: End-to-end Vectorized {HD} Map Learning}},
  author =       {Liu, Yicheng and Yuan, Tianyuan and Wang, Yue and Wang, Yilun and Zhao, Hang},
  booktitle = 	 {Proceedings of the International Conference on Machine Learning (ICML)},
  pages = 	 {22352--22369},
  year = 	 {2023},
  volume = 	 {202},
}

@INPROCEEDINGS{luo2024smerf,
  author={Luo, Katie Z and Weng, Xinshuo and Wang, Yan and Wu, Shuang and Li, Jie and Weinberger, Kilian Q and Wang, Yue and Pavone, Marco},
  booktitle={Proceedings of the IEEE International Conference on Robotics and Automation (ICRA)}, 
  title={{Augmenting Lane Perception and Topology Understanding with Standard Definition Navigation Maps}}, 
  year={2024},
  volume={},
  number={},
  pages={4029-4035},
}

@article{maptrv2,
  title={{MapTRv2: An End-to-End Framework for Online Vectorized HD Map Construction}},
  author={Liao, Bencheng and Chen, Shaoyu and Zhang, Yunchi and Jiang, Bo and Zhang, Qian and Liu, Wenyu and Huang, Chang and Wang, Xinggang},
  journal={International Journal of Computer Vision},
  year={2024},
  pages={1-17}
}

@inproceedings{wang2023openlanev2,
 author = {Wang, Huijie and Li, Tianyu and Li, Yang and Chen, Li and Sima, Chonghao and Liu, Zhenbo and Wang, Bangjun and Jia, Peijin and Wang, Yuting and Jiang, Shengyin and Wen, Feng and Xu, Hang and Luo, Ping and Yan, Junchi and Zhang, Wei and Li, Hongyang},
 booktitle = {Proceedings of the Advances in Neural Information Processing Systems (NeurIPS)},
 pages = {18873--18884},
 title = {{OpenLane-V2: A Topology Reasoning Benchmark for Unified 3D HD Mapping}},
 volume = {36},
 year = {2023}
}

@inproceedings{wu2024topomlp,
    author = {Dongming Wu and Jiahao Chang and Fan Jia and Yingfei Liu and Tiancai Wang and Jianbing Shen},
    title = {{TopoMLP: A Simple yet Strong Pipeline for Driving Topology Reasoning}},
    booktitle = {Proceedings of the International Conference on Learning Representations (ICLR)},
    year = {2024},
    pages={1-12}
}

@INPROCEEDINGS{xiong2023neuralmapprior,
  author={Xiong, Xuan and Liu, Yicheng and Yuan, Tianyuan and Wang, Yue and Wang, Yilun and Zhao, Hang},
  booktitle={Proceedings of the IEEE/CVF Conference on Computer Vision and Pattern Recognition (CVPR)}, 
  title={{Neural Map Prior for Autonomous Driving}}, 
  year={2023},
  volume={},
  number={},
  pages={17535-17544},
}

@INPROCEEDINGS{zhang2024enhancingonlineroadnetwork,
      title={{Enhancing Online Road Network Perception and Reasoning with Standard Definition Maps}}, 
      author={Hengyuan Zhang and David Paz and Yuliang Guo and Arun Das and Xinyu Huang and Karsten Haug and Henrik I. Christensen and Liu Ren},
      booktitle={Proceedings of the IEEE/RSJ International Conference on Intelligent Robots and Systems (IROS)}, 
      year={2024}, 
      pages={1-9}
}

@ARTICLE{zurn2024autograph,
  author={Zürn, Jannik and Posner, Ingmar and Burgard, Wolfram},
  journal={IEEE Robotics and Automation Letters}, 
  title={{AutoGraph: Predicting Lane Graphs From Traffic Observations}}, 
  year={2024},
  volume={9},
  number={1},
  pages={73-80},
}

