% Encoding: UTF-8
%1

@article{li2023toponet,
  title={{Graph-based Topology Reasoning for Driving Scenes}},
  author={Li, Tianyu and Chen, Li and Wang, Huijie and Li, Yang and Yang, Jiazhi and Geng, Xiangwei and Jiang, Shengyin and Wang, Yuting and Xu, Hang and Xu, Chunjing and Yan, Junchi and Luo, Ping and Li, Hongyang},
  journal={arXiv preprint arXiv:2304.05277},
  year={2023},
  pages={1-12}
}

@inproceedings{wang2023openlanev2,
 author = {Wang, Huijie and Li, Tianyu and Li, Yang and Chen, Li and Sima, Chonghao and Liu, Zhenbo and Wang, Bangjun and Jia, Peijin and Wang, Yuting and Jiang, Shengyin and Wen, Feng and Xu, Hang and Luo, Ping and Yan, Junchi and Zhang, Wei and Li, Hongyang},
 booktitle = {Proceedings of the Advances in Neural Information Processing Systems (NeurIPS)},
 pages = {18873--18884},
 title = {{OpenLane-V2: A Topology Reasoning Benchmark for Unified 3D HD Mapping}},
 volume = {36},
 year = {2023}
}


@inproceedings{hu2023_uniad,
 title={{Planning-oriented Autonomous Driving}}, 
 author={Yihan Hu and Jiazhi Yang and Li Chen and Keyu Li and Chonghao Sima and Xizhou Zhu and Siqi Chai and Senyao Du and Tianwei Lin and Wenhai Wang and Lewei Lu and Xiaosong Jia and Qiang Liu and Jifeng Dai and Yu Qiao and Hongyang Li},
 booktitle={Proceedings of the IEEE/CVF Conference on Computer Vision and Pattern Recognition (CVPR)},
 year={2023},
 pages={17853-17862}
}

@inproceedings{MapTR,
  title={{MapTR: Structured Modeling and Learning for Online Vectorized HD Map Construction}},
  author={Liao, Bencheng and Chen, Shaoyu and Wang, Xinggang and Cheng, Tianheng and Zhang, Qian and Liu, Wenyu and Huang, Chang},
  booktitle={Proceedings of the International Conference on Learning Representations (ICLR)},
  year={2023},
pages={1-18}
}



@INPROCEEDINGS{li2021hdmapnet,
  author={Li, Qi and Wang, Yue and Wang, Yilun and Zhao, Hang},
  booktitle={Proceedings of the International Conference on Robotics and Automation (ICRA)}, 
  title={{HDMapNet: An Online HD Map Construction and Evaluation Framework}}, 
  year={2022},
  volume={},
  number={},
  pages={4628-4634},
}

@InProceedings{liu2023vectormapnet,
  title = 	 {{{V}ector{M}ap{N}et: End-to-end Vectorized {HD} Map Learning}},
  author =       {Liu, Yicheng and Yuan, Tianyuan and Wang, Yue and Wang, Yilun and Zhao, Hang},
  booktitle = 	 {Proceedings of the International Conference on Machine Learning (ICML)},
  pages = 	 {22352--22369},
  year = 	 {2023},
  volume = 	 {202},
}


@article{haklay2008openstreetmap,
  title={{Openstreetmap: User-generated street maps}},
  author={Haklay, Mordechai and Weber, Patrick},
  journal={IEEE Pervasive computing},
  volume={7},
  number={4},
  pages={12--18},
  year={2008},
  publisher={Ieee}
}

@article{maptrv2,
  title={{MapTRv2: An End-to-End Framework for Online Vectorized HD Map Construction}},
  author={Liao, Bencheng and Chen, Shaoyu and Zhang, Yunchi and Jiang, Bo and Zhang, Qian and Liu, Wenyu and Huang, Chang and Wang, Xinggang},
  journal={International Journal of Computer Vision},
  year={2024},
  pages={1-17}
}

@article{fan2018baidu,
  title={{Baidu apollo em motion planner}},
  author={Fan, Haoyang and Zhu, Fan and Liu, Changchun and Zhang, Liangliang and Zhuang, Li and Li, Dong and Zhu, Weicheng and Hu, Jiangtao and Li, Hongye and Kong, Qi},
  journal={arXiv preprint arXiv:1807.08048},
  year={2018}
}

@INPROCEEDINGS{Darweesh2021OpenPlanner2,
  author={Darweesh, Hatem and Takeuchi, Eijiro and Takeda, Kazuya},
  booktitle={2021 IEEE Intelligent Vehicles Symposium Workshops (IV Workshops)}, 
  title={{OpenPlanner 2.0: The Portable Open Source Planner for Autonomous Driving Applications}}, 
  year={2021},
  volume={},
  number={},
  pages={313-318},
  doi={10.1109/IVWorkshops54471.2021.9669253}
}

@Inproceedings{GuSongEtAl2024uncertainty,
  author    = {Gu, Xunjiang and Song, Guanyu and Gilitschenski, Igor and Pavone, Marco and Ivanovic, Boris},
  title     = {{Producing and Leveraging Online Map Uncertainty in Trajectory Prediction}},
  booktitle = {Proceedings of the IEEE/CVF Conference on Computer Vision and Pattern Recognition (CVPR)},
  year      = {2024}
}

@INPROCEEDINGS{luo2024smerf,
  author={Luo, Katie Z and Weng, Xinshuo and Wang, Yan and Wu, Shuang and Li, Jie and Weinberger, Kilian Q and Wang, Yue and Pavone, Marco},
  booktitle={Proceedings of the IEEE International Conference on Robotics and Automation (ICRA)}, 
  title={{Augmenting Lane Perception and Topology Understanding with Standard Definition Navigation Maps}}, 
  year={2024},
  volume={},
  number={},
  pages={4029-4035},
}

@INPROCEEDINGS{zhang2024enhancingonlineroadnetwork,
      title={{Enhancing Online Road Network Perception and Reasoning with Standard Definition Maps}}, 
      author={Hengyuan Zhang and David Paz and Yuliang Guo and Arun Das and Xinyu Huang and Karsten Haug and Henrik I. Christensen and Liu Ren},
      booktitle={Proceedings of the IEEE/RSJ International Conference on Intelligent Robots and Systems (IROS)}, 
      year={2024}, 
      pages={1-9}
}

@InProceedings{sadat2020eccv,
author={Sadat, Abbas and Casas, Sergio and Ren, Mengye and Wu, Xinyu and Dhawan, Pranaab and Urtasun, Raquel},
title={{Perceive, Predict, and Plan: Safe Motion Planning Through Interpretable Semantic Representations}},
booktitle={Proceedings of the European Conference on Computer Vision (ECCV)},
year={2020},
pages={414-430},
}

@INPROCEEDINGS{Nayakanti2023icra,
  author={Nayakanti, Nigamaa and Al-Rfou, Rami and Zhou, Aurick and Goel, Kratarth and Refaat, Khaled S. and Sapp, Benjamin},
  booktitle={Proceedings of the IEEE International Conference on Robotics and Automation (ICRA)}, 
  title={{Wayformer: Motion Forecasting via Simple \& Efficient Attention Networks}}, 
  year={2023},
  volume={},
  number={},
  pages={2980-2987},
}

@inproceedings{wu2024topomlp,
    author = {Dongming Wu and Jiahao Chang and Fan Jia and Yingfei Liu and Tiancai Wang and Jianbing Shen},
    title = {{TopoMLP: A Simple yet Strong Pipeline for Driving Topology Reasoning}},
    booktitle = {Proceedings of the International Conference on Learning Representations (ICLR)},
    year = {2024},
    pages={1-12}
}

@inproceedings{ma2024roadpainter,
    author = {Zhongxing Ma and Shuang Liang and Yongkun Wen and Weixin Lu and Guowei Wan},
    title = {{RoadPainter: Points Are Ideal Navigators for Topology transformER}},
    booktitle = {Proceedings of the European Conference on Computer Vision (ECCV)},
    year = {2024},
    pages = {1-17},
}

@inproceedings{Kipf2017GCN,
    author = {Thomas N. Kipf and Max Welling},
    title = {{Semi-Supervised Classification
with Graph Convolutional Networks}},
    booktitle = {Proceedings of the International Conference on Learning Representations (ICLR)},
    year = {2017},
    pages = {1-14},
}

@article{li2024topo2d,
      title={{Enhancing 3D Lane Detection and Topology Reasoning with 2D Lane Priors}}, 
      author={Han Li and Zehao Huang and Zitian Wang and Wenge Rong and Naiyan Wang and Si Liu},
      journal={arXiv preprint arXiv:2406.03105},
      year={2024},
      pages={1-20}
}

@article{fu2024topologic,
      title={{TopoLogic: An Interpretable Pipeline for Lane Topology Reasoning on Driving Scenes}}, 
      author={Yanping Fu and Wenbin Liao and Xinyuan Liu and Hang xu and Yike Ma and Feng Dai and Yucheng Zhang},
      journal={arXiv preprint arXiv:2405.14747},
      year={2024},
    pages={1-12}
}

 @misc{OpenStreetMap,
   key = {OpenStreetMap},
   title = {OpenStreetMap},
   howpublished = "\url{https://www.openstreetmap.org}",
   year = {2024},
   note = {Accessed: 2024-09-13}
 }

@inproceedings{vaswani2017attention,
 author = {Vaswani, Ashish and Shazeer, Noam and Parmar, Niki and Uszkoreit, Jakob and Jones, Llion and Gomez, Aidan N and Kaiser, \L ukasz and Polosukhin, Illia},
 booktitle = {Proceedings of the Advances in Neural Information Processing Systems (NeurIPS)},
 pages = {1-11},
 publisher = {Curran Associates, Inc.},
 title = {{Attention Is All you Need}},
 volume = {30},
 year = {2017}
}

@inproceedings{Argoverse2,
 author = {Wilson, Benjamin and Qi, William and Agarwal, Tanmay and Lambert, John and Singh, Jagjeet and Khandelwal, Siddhesh and Pan, Bowen and Kumar, Ratnesh and Hartnett, Andrew and Kaesemodel Pontes, Jhony and Ramanan, Deva and Carr, Peter and Hays, James},
 booktitle = {Proceedings of the Neural Information Processing Systems (NeurIPS) Track on Datasets and Benchmarks},
 pages = {1-13},
 title = {{Argoverse 2: Next Generation Datasets for Self-Driving Perception and Forecasting}},
 volume = {1},
 year = {2021}
}


@INPROCEEDINGS { TrustButVerify,
  author = {John Lambert and James Hays},
  title = {Trust, but Verify: Cross-Modality Fusion for HD Map Change Detection},
  booktitle = {Proceedings of the Neural Information Processing Systems Track on Datasets and Benchmarks (NeurIPS Datasets and Benchmarks 2021)},
  year = {2021}
}

@InProceedings{lilja2024localizationevaluatedataleakage,
    author    = {Lilja, Adam and Fu, Junsheng and Stenborg, Erik and Hammarstrand, Lars},
    title     = {{Localization Is All You Evaluate: Data Leakage in Online Mapping Datasets and How to Fix It}},
    booktitle = {Proceedings of the IEEE/CVF Conference on Computer Vision and Pattern Recognition (CVPR)},
    year      = {2024},
    pages     = {22150-22159}
}

@INPROCEEDINGS{caesar_nuscenes_2020,
  author            = {Caesar, Holger and Bankiti, Varun and Lang, Alex H. and Vora, Sourabh and Liong, Venice Erin and Xu, Qiang and Krishnan, Anush and Pan, Yu and Baldan, Giancarlo and Beijbom, Oscar},
  booktitle         = {Proceedings of the IEEE/CVF Conference on Computer Vision and Pattern Recognition (CVPR)}, 
  title             = {{nuScenes: A Multimodal Dataset for Autonomous Driving}}, 
  year              = {2020},
  pages             = {11618-11628},
}

@inproceedings{
zhu2021deformable,
title={{Deformable DETR: Deformable Transformers for End-to-End Object Detection}},
author={Xizhou Zhu and Weijie Su and Lewei Lu and Bin Li and Xiaogang Wang and Jifeng Dai},
booktitle={Proceedings of the International Conference on Learning Representations (ICLR)},
year={2021},
pages={1-16}
}

@inproceedings{li2022bevformer,
  title={{BEVFormer: Learning Bird’s-Eye-View Representation from Multi-Camera Images via Spatiotemporal Transformers}},
  author={Li, Zhiqi and Wang, Wenhai and Li, Hongyang and Xie, Enze and Sima, Chonghao and Lu, Tong and Qiao, Yu and Dai, Jifeng},
  booktitle={Proceedings of the European Conference on Computer Vision (ECCV)},
  year={2022},
  pages={1-18}
}

@INPROCEEDINGS{Can2021STSU,
  author={Can, Yigit Baran and Liniger, Alexander and Paudel, Danda Pani and Van Gool, Luc},
  booktitle={Proceedings of the IEEE/CVF International Conference on Computer Vision (ICCV)}, 
  title={{Structured Bird’s-Eye-View Traffic Scene Understanding from Onboard Images}}, 
  year={2021},
  volume={},
  number={},
  pages={15641-15650},
}

@misc{eiter1994frechetdistance,
  title={{Computing discrete Fr{\'e}chet distance}},
  author={Eiter, Thomas and Mannila, Heikki},
  year={1994},
}

@INPROCEEDINGS{He2016resnet,
  author={He, Kaiming and Zhang, Xiangyu and Ren, Shaoqing and Sun, Jian},
  booktitle={Proceedings of the IEEE Conference on Computer Vision and Pattern Recognition (CVPR)}, 
  title={{Deep Residual Learning for Image Recognition}}, 
  year={2016},
  volume={},
  number={},
  pages={770-778},
}

@inproceedings{Krizhevsky2012imagenet,
 author = {Krizhevsky, Alex and Sutskever, Ilya and Hinton, Geoffrey E},
 booktitle = {Proceedings of the Advances in Neural Information Processing Systems (NeurIPS)},
 editor = {F. Pereira and C.J. Burges and L. Bottou and K.Q. Weinberger},
 pages = {1-9},
 title = {{ImageNet Classification with Deep Convolutional Neural Networks}},
 volume = {25},
 year = {2012}
}

@INPROCEEDINGS{xiong2023neuralmapprior,
  author={Xiong, Xuan and Liu, Yicheng and Yuan, Tianyuan and Wang, Yue and Wang, Yilun and Zhao, Hang},
  booktitle={Proceedings of the IEEE/CVF Conference on Computer Vision and Pattern Recognition (CVPR)}, 
  title={{Neural Map Prior for Autonomous Driving}}, 
  year={2023},
  volume={},
  number={},
  pages={17535-17544},
}

@INPROCEEDINGS{Buchner2023UrbanLaneGraph,
  author={Büchner, Martin and Zürn, Jannik and Todoran, Ion-George and Valada, Abhinav and Burgard, Wolfram},
  booktitle={Proceedings of the IEEE/CVF Conference on Computer Vision and Pattern Recognition (CVPR)}, 
  title={{Learning and Aggregating Lane Graphs for Urban Automated Driving}}, 
  year={2023},
  volume={},
  number={},
  pages={13415-13424},
}

@InProceedings{Blayney_2024_CVPR_bezier,
    author    = {Blayney, Hugh and Tian, Hanlin and Scott, Hamish and Goldbeck, Nils and Stetson, Chess and Angeloudis, Panagiotis},
    title     = {{Bezier Everywhere All at Once: Learning Drivable Lanes as Bezier Graphs}},
    booktitle = {Proceedings of the IEEE/CVF Conference on Computer Vision and Pattern Recognition (CVPR)},
    year      = {2024},
    pages     = {15365-15374}
}

@InProceedings{mao2024agentdriver,
  title={{A Language Agent for Autonomous Driving}},
  author={Mao, Jiageng and Ye, Junjie and Qian, Yuxi and Pavone, Marco and Wang, Yue},
  booktitle = {Proceedings of the Conference on Language Modeling (COLM)},
  pages={1-40},  
year={2024}
}


@inproceedings{zhou2021automatic,
  title={Automatic construction of lane-level hd maps for urban scenes},
  author={Zhou, Yiyang and Takeda, Yuichi and Tomizuka, Masayoshi and Zhan, Wei},
  booktitle={2021 IEEE/RSJ International Conference on Intelligent Robots and Systems (IROS)},
  pages={6649--6656},
  year={2021},
  organization={IEEE}
}

@misc{google_maps_tiles_api,
  key = {GoogleMapsAPI},
  title = {{Google Maps Tiles API}},
  howpublished = {\url{https://developers.google.com/maps/documentation/tile}},
  year = {2024},
  note = {Accessed: 2024-09-13}
}

@misc{mapbox_raster_tiles_api,
    key = {MapboxAPI},
    title = {{Mapbox Raster Tiles API}},
    howpublished = {\url{https://docs.mapbox.com/api/maps/raster-tiles/}},
    year = {2025},
    note = {Accessed: 2025-01-29}
}

@INPROCEEDINGS{Sun2020waymo,
  author={Sun, Pei and Kretzschmar, Henrik and Dotiwalla, Xerxes and Chouard, Aurélien and Patnaik, Vijaysai and Tsui, Paul and Guo, James and Zhou, Yin and Chai, Yuning and Caine, Benjamin and Vasudevan, Vijay and Han, Wei and Ngiam, Jiquan and Zhao, Hang and Timofeev, Aleksei and Ettinger, Scott and Krivokon, Maxim and Gao, Amy and Joshi, Aditya and Zhang, Yu and Shlens, Jonathon and Chen, Zhifeng and Anguelov, Dragomir},
  booktitle={Proceedings of the IEEE/CVF Conference on Computer Vision and Pattern Recognition (CVPR)}, 
  title={{Scalability in Perception for Autonomous Driving: Waymo Open Dataset}}, 
  year={2020},
  volume={},
  number={},
  pages={2443-2451},
}

@article{nuplan,
  title={{NuPlan: A closed-loop ML-based planning benchmark for autonomous vehicles}},
  author={Caesar, Holger and Kabzan, Juraj and Tan, Kok Seang and Fong, Whye Kit and Wolff, Eric and Lang, Alex and Fletcher, Luke and Beijbom, Oscar and Omari, Sammy},
  journal={arXiv preprint arXiv:2106.11810},
  pages={1-5},
  year={2021}
}

@ARTICLE{zurn2024autograph,
  author={Zürn, Jannik and Posner, Ingmar and Burgard, Wolfram},
  journal={IEEE Robotics and Automation Letters}, 
  title={{AutoGraph: Predicting Lane Graphs From Traffic Observations}}, 
  year={2024},
  volume={9},
  number={1},
  pages={73-80},
}

@INPROCEEDINGS{Gao2024ICRA,
  author={Gao, Wenjie and Fu, Jiawei and Shen, Yanqing and Jing, Haodong and Chen, Shitao and Zheng, Nanning},
  booktitle={Proceedings of the IEEE International Conference on Robotics and Automation (ICRA)}, 
  title={{Complementing Onboard Sensors with Satellite Maps: A New Perspective for HD Map Construction}}, 
  year={2024},
  volume={},
  number={},
  pages={11103-11109},
}

@inproceedings{adamw,
    author = {Ilya Loshchilov and Frank Hutter},
    title = {{Decoupled Weight Decay Regularization}},
    booktitle = {Proceedings of the International Conference on Learning Representations (ICLR)},
    year = {2019},
    pages={1-19}
}

@ARTICLE{Jiang2024pmapnet,
  author={Jiang, Zhou and Zhu, Zhenxin and Li, Pengfei and Gao, Huan-ang and Yuan, Tianyuan and Shi, Yongliang and Zhao, Hang and Zhao, Hao},
  journal={IEEE Robotics and Automation Letters}, 
  title={{P-MapNet: Far-Seeing Map Generator Enhanced by Both SDMap and HDMap Priors}}, 
  year={2024},
  volume={9},
  number={10},
  pages={8539-8546},
  }

@InProceedings{Yuan2024presight,
author="Yuan, Tianyuan
and Mao, Yucheng
and Yang, Jiawei
and Liu, Yicheng
and Wang, Yue
and Zhao, Hang",
title={{PreSight: Enhancing Autonomous Vehicle Perception with City-Scale NeRF Priors}},
booktitle={Proceedings of the European Conference on Computer Vision (ECCV)},
year="2024",
pages="323--339",
}

