@inproceedings{ExpRec,
  title={Explainable recommendation via multi-task learning in opinionated text data},
  author={Wang, Nan and Wang, Hongning and Jia, Yiling and Yin, Yue},
  booktitle={The 41st International ACM SIGIR Conference on Research \& Development in Information Retrieval},
  pages={165--174},
  year={2018}
}

@article{GPT-3,
  title={Language models are few-shot learners},
  author={Brown, Tom and Mann, Benjamin and Ryder, Nick and Subbiah, Melanie and Kaplan, Jared D and Dhariwal, Prafulla and Neelakantan, Arvind and Shyam, Pranav and Sastry, Girish and Askell, Amanda and others},
  journal={Advances in neural information processing systems},
  volume={33},
  pages={1877--1901},
  year={2020}
}

@inproceedings{MMoE,
  title={Modeling task relationships in multi-task learning with multi-gate mixture-of-experts},
  author={Ma, Jiaqi and Zhao, Zhe and Yi, Xinyang and Chen, Jilin and Hong, Lichan and Chi, Ed H},
  booktitle={Proceedings of the 24th ACM SIGKDD international conference on knowledge discovery \& data mining},
  pages={1930--1939},
  year={2018}
}

@inproceedings{MUVE,
  title={Muve: Efficient multi-objective view recommendation for visual data exploration},
  author={Ehsan, Humaira and Sharaf, Mohamed A and Chrysanthis, Panos K},
  booktitle={2016 IEEE 32nd International Conference on Data Engineering (ICDE)},
  pages={731--742},
  year={2016},
  organization={IEEE}
}

@inproceedings{MetaHybridExperts,
  title={Learning to expand audience via meta hybrid experts and critics for recommendation and advertising},
  author={Zhu, Yongchun and Liu, Yudan and Xie, Ruobing and Zhuang, Fuzhen and Hao, Xiaobo and Ge, Kaikai and Zhang, Xu and Lin, Leyu and Cao, Juan},
  booktitle={Proceedings of the 27th ACM SIGKDD Conference on Knowledge Discovery \& Data Mining},
  pages={4005--4013},
  year={2021}
}

@inproceedings{MulViewDL,
  title={A multi-view deep learning approach for cross domain user modeling in recommendation systems},
  author={Elkahky, Ali Mamdouh and Song, Yang and He, Xiaodong},
  booktitle={Proceedings of the 24th international conference on world wide web},
  pages={278--288},
  year={2015}
}

@inproceedings{NextVideo,
  title={Recommending what video to watch next: a multitask ranking system},
  author={Zhao, Zhe and Hong, Lichan and Wei, Li and Chen, Jilin and Nath, Aniruddh and Andrews, Shawn and Kumthekar, Aditee and Sathiamoorthy, Maheswaran and Yi, Xinyang and Chi, Ed},
  booktitle={Proceedings of the 13th ACM Conference on Recommender Systems},
  pages={43--51},
  year={2019}
}

@article{OMoE,
  title={Adaptive mixtures of local experts},
  author={Jacobs, Robert A and Jordan, Michael I and Nowlan, Steven J and Hinton, Geoffrey E},
  journal={Neural computation},
  volume={3},
  number={1},
  pages={79--87},
  year={1991},
  publisher={MIT Press}
}

@inproceedings{SNR,
  title={Snr: Sub-network routing for flexible parameter sharing in multi-task learning},
  author={Ma, Jiaqi and Zhao, Zhe and Chen, Jilin and Li, Ang and Hong, Lichan and Chi, Ed H},
  booktitle={Proceedings of the AAAI Conference on Artificial Intelligence},
  volume={33},
  number={01},
  pages={216--223},
  year={2019}
}

@article{dean2012large,
  title={Large scale distributed deep networks},
  author={Dean, Jeffrey and Corrado, Greg and Monga, Rajat and Chen, Kai and Devin, Matthieu and Mao, Mark and Ranzato, Marc'aurelio and Senior, Andrew and Tucker, Paul and Yang, Ke and others},
  journal={Advances in neural information processing systems},
  volume={25},
  year={2012}
}

@article{llama,
  title={Llama: Open and efficient foundation language models},
  author={Touvron, Hugo and Lavril, Thibaut and Izacard, Gautier and Martinet, Xavier and Lachaux, Marie-Anne and Lacroix, Timoth{\'e}e and Rozi{\`e}re, Baptiste and Goyal, Naman and Hambro, Eric and Azhar, Faisal and others},
  journal={arXiv preprint arXiv:2302.13971},
  year={2023}
}

@article{multilinearRela,
  title={Learning multiple tasks with multilinear relationship networks},
  author={Long, Mingsheng and Cao, Zhangjie and Wang, Jianmin and Yu, Philip S},
  journal={Advances in neural information processing systems},
  volume={30},
  year={2017}
}

@article{palm,
  title={Palm: Scaling language modeling with pathways},
  author={Chowdhery, Aakanksha and Narang, Sharan and Devlin, Jacob and Bosma, Maarten and Mishra, Gaurav and Roberts, Adam and Barham, Paul and Chung, Hyung Won and Sutton, Charles and Gehrmann, Sebastian and others},
  journal={arXiv preprint arXiv:2204.02311},
  year={2022}
}

@article{sparsemoe,
  title={Outrageously large neural networks: The sparsely-gated mixture-of-experts layer},
  author={Shazeer, Noam and Mirhoseini, Azalia and Maziarz, Krzysztof and Davis, Andy and Le, Quoc and Hinton, Geoffrey and Dean, Jeff},
  journal={arXiv preprint arXiv:1701.06538},
  year={2017}
}

@article{taskmoe,
  title={Beyond distillation: Task-level mixture-of-experts for efficient inference},
  author={Kudugunta, Sneha and Huang, Yanping and Bapna, Ankur and Krikun, Maxim and Lepikhin, Dmitry and Luong, Minh-Thang and Firat, Orhan},
  journal={arXiv preprint arXiv:2110.03742},
  year={2021}
}

