
@article{paszke2017automatic,
  title={Automatic differentiation in pytorch},
  author={Paszke, Adam and Gross, Sam and Chintala, Soumith and Chanan, Gregory and Yang, Edward and DeVito, Zachary and Lin, Zeming and Desmaison, Alban and Antiga, Luca and Lerer, Adam},
  journal={NIPS 2017 Autodiff Workshop},
  year={2017}
}

@article{chen2015mxnet,
  title={Mxnet: A flexible and efficient machine learning library for heterogeneous distributed systems},
  author={Chen, Tianqi and Li, Mu and Li, Yutian and Lin, Min and Wang, Naiyan and Wang, Minjie and Xiao, Tianjun and Xu, Bing and Zhang, Chiyuan and Zhang, Zheng},
  journal={arXiv preprint arXiv:1512.01274},
  year={2015}
}

@inproceedings{li2014scaling,
  title={Scaling distributed machine learning with the parameter server},
  author={Li, Mu and Andersen, David G and Park, Jun Woo and Smola, Alexander J and Ahmed, Amr and Josifovski, Vanja and Long, James and Shekita, Eugene J and Su, Bor-Yiing},
  booktitle={11th $\{$USENIX$\}$ Symposium on Operating Systems Design and Implementation ($\{$OSDI$\}$ 14)},
  pages={583--598},
  year={2014}
}

@article{sergeev2018horovod,
  title={Horovod: fast and easy distributed deep learning in TensorFlow},
  author={Sergeev, Alexander and Del Balso, Mike},
  journal={arXiv preprint arXiv:1802.05799},
  year={2018}
}

@inproceedings{graham2006open,
  title={Open MPI: A high-performance, heterogeneous MPI},
  author={Graham, Richard L and Shipman, Galen M and Barrett, Brian W and Castain, Ralph H and Bosilca, George and Lumsdaine, Andrew},
  booktitle={2006 IEEE International Conference on Cluster Computing},
  pages={1--9},
  year={2006},
  organization={IEEE}
}

@inproceedings{vavilapalli2013apache,
  title={Apache hadoop yarn: Yet another resource negotiator},
  author={Vavilapalli, Vinod Kumar and Murthy, Arun C and Douglas, Chris and Agarwal, Sharad and Konar, Mahadev and Evans, Robert and Graves, Thomas and Lowe, Jason and Shah, Hitesh and Seth, Siddharth and others},
  booktitle={Proceedings of the 4th annual Symposium on Cloud Computing},
  pages={1--16},
  year={2013}
}

@misc{RaySGD,
  title={Faster and Cheaper PyTorch with RaySGD},
  author={Richard Liaw},
  year={2020},
  howpublished ={https://medium.com/distributed-computing-with-ray/faster-and-cheaper-pytorch-with-raysgd-a5a44d4fd220},
}

@article{pedregosa2011scikit,
  title={Scikit-learn: Machine learning in Python},
  author={Pedregosa, Fabian and Varoquaux, Ga{\"e}l and Gramfort, Alexandre and Michel, Vincent and Thirion, Bertrand and Grisel, Olivier and Blondel, Mathieu and Prettenhofer, Peter and Weiss, Ron and Dubourg, Vincent and others},
  journal={the Journal of machine Learning research},
  volume={12},
  pages={2825--2830},
  year={2011},
  publisher={JMLR. org}
}


@misc{googleRecAI,
  title={Google Recommendations AI},
  author={Google Cloud},
  year={2019},
  howpublished ={https://cloud.google.com/recommendations},
}

@misc{spark,
   author={Apache spark},
   title = {Apache Software Foundation},
   year={2014},
   howpublished = {https://spark.apache.org}
}

@article{koren2009matrix,
  title={Matrix factorization techniques for recommender systems},
  author={Koren, Yehuda and Bell, Robert and Volinsky, Chris},
  journal={Computer},
  volume={42},
  number={8},
  pages={30--37},
  year={2009},
  publisher={IEEE}
}

@inproceedings{sedhain2015autorec,
  title={Autorec: Autoencoders meet collaborative filtering},
  author={Sedhain, Suvash and Menon, Aditya Krishna and Sanner, Scott and Xie, Lexing},
  booktitle={Proceedings of the 24th international conference on World Wide Web},
  pages={111--112},
  year={2015}
}

@article{guo2017deepfm,
  title={DeepFM: a factorization-machine based neural network for CTR prediction},
  author={Guo, Huifeng and Tang, Ruiming and Ye, Yunming and Li, Zhenguo and He, Xiuqiang},
  journal={arXiv preprint arXiv:1703.04247},
  year={2017}
}

@article{shani2005mdp,
  title={An MDP-based recommender system},
  author={Shani, Guy and Heckerman, David and Brafman, Ronen I},
  journal={Journal of Machine Learning Research},
  volume={6},
  number={Sep},
  pages={1265--1295},
  year={2005}
}

@inproceedings{rendle2010factorizing,
  title={Factorizing personalized markov chains for next-basket recommendation},
  author={Rendle, Steffen and Freudenthaler, Christoph and Schmidt-Thieme, Lars},
  booktitle={Proceedings of the 19th international conference on World wide web},
  pages={811--820},
  year={2010}
}

@inproceedings{he2016fusing,
  title={Fusing similarity models with markov chains for sparse sequential recommendation},
  author={He, Ruining and McAuley, Julian},
  booktitle={2016 IEEE 16th International Conference on Data Mining (ICDM)},
  pages={191--200},
  year={2016},
  organization={IEEE}
}

@article{cho2014learning,
  title={Learning phrase representations using RNN encoder-decoder for statistical machine translation},
  author={Cho, Kyunghyun and Van Merri{\"e}nboer, Bart and Gulcehre, Caglar and Bahdanau, Dzmitry and Bougares, Fethi and Schwenk, Holger and Bengio, Yoshua},
  journal={arXiv preprint arXiv:1406.1078},
  year={2014}
}

@article{hochreiter1997long,
  title={Long short-term memory},
  author={Hochreiter, Sepp and Schmidhuber, J{\"u}rgen},
  journal={Neural computation},
  volume={9},
  number={8},
  pages={1735--1780},
  year={1997},
  publisher={MIT Press}
}

@article{Hidasi2016SessionbasedRW,
  title={Session-based Recommendations with Recurrent Neural Networks},
  author={Bal{\'a}zs Hidasi and Alexandros Karatzoglou and L. Baltrunas and D. Tikk},
  journal={CoRR},
  year={2016},
  volume={abs/1511.06939}
}

@article{Hidasi2018RecurrentNN,
  title={Recurrent Neural Networks with Top-k Gains for Session-based Recommendations},
  author={Bal{\'a}zs Hidasi and Alexandros Karatzoglou},
  journal={Proceedings of the 27th ACM International Conference on Information and Knowledge Management},
  year={2018}
}

@inproceedings{donkers2017sequential,
  title={Sequential user-based recurrent neural network recommendations},
  author={Donkers, Tim and Loepp, Benedikt and Ziegler, J{\"u}rgen},
  booktitle={Proceedings of the Eleventh ACM Conference on Recommender Systems},
  pages={152--160},
  year={2017}
}

@inproceedings{li2017neural,
  title={Neural attentive session-based recommendation},
  author={Li, Jing and Ren, Pengjie and Chen, Zhumin and Ren, Zhaochun and Lian, Tao and Ma, Jun},
  booktitle={Proceedings of the 2017 ACM on Conference on Information and Knowledge Management},
  pages={1419--1428},
  year={2017}
}

@inproceedings{kang2018self,
  title={Self-attentive sequential recommendation},
  author={Kang, Wang-Cheng and McAuley, Julian},
  booktitle={2018 IEEE International Conference on Data Mining (ICDM)},
  pages={197--206},
  year={2018},
  organization={IEEE}
}

@inproceedings{BST,
  title={Behavior sequence transformer for e-commerce recommendation in alibaba},
  author={Chen, Qiwei and Zhao, Huan and Li, Wei and Huang, Pipei and Ou, Wenwu},
  booktitle={Proceedings of the 1st International Workshop on Deep Learning Practice for High-Dimensional Sparse Data},
  pages={1--4},
  year={2019}
}

@incollection{adomavicius2011context,
  title={Context-aware recommender systems},
  author={Adomavicius, Gediminas and Tuzhilin, Alexander},
  booktitle={Recommender systems handbook},
  pages={217--253},
  year={2011},
  publisher={Springer}
}

@inproceedings{wu2017recurrent,
  title={Recurrent recommender networks},
  author={Wu, Chao-Yuan and Ahmed, Amr and Beutel, Alex and Smola, Alexander J and Jing, How},
  booktitle={Proceedings of the tenth ACM international conference on web search and data mining},
  pages={495--503},
  year={2017}
}

@inproceedings{twardowski2016modelling,
  title={Modelling contextual information in session-aware recommender systems with neural networks},
  author={Twardowski, Bart{\l}omiej},
  booktitle={Proceedings of the 10th ACM Conference on Recommender Systems},
  pages={273--276},
  year={2016}
}

@inproceedings{sarwar2001item,
  title={Item-based collaborative filtering recommendation algorithms},
  author={Sarwar, Badrul and Karypis, George and Konstan, Joseph and Riedl, John},
  booktitle={Proceedings of the 10th international conference on World Wide Web},
  pages={285--295},
  year={2001}
}

@article{kingma2014adam,
  title={Adam: A method for stochastic optimization},
  author={Kingma, Diederik P and Ba, Jimmy},
  journal={arXiv preprint arXiv:1412.6980},
  year={2014}
}

@article{wang2019survey,
  title={A survey on session-based recommender systems},
  author={Wang, Shoujin and Cao, Longbing and Wang, Yan and Sheng, Quan Z and Orgun, Mehmet and Lian, Defu},
  journal={arXiv preprint arXiv:1902.04864},
  year={2019}
}

@misc{AnalyticsZoo,
  title={Omitted title},
  author={Anonymous Authors},
  year={2018},
  note ={Per double blind reviewing, the link to this project will be released in the camera-ready version.}
}


@inproceedings{MetaHybridExperts,
  title={Learning to expand audience via meta hybrid experts and critics for recommendation and advertising},
  author={Zhu, Yongchun and Liu, Yudan and Xie, Ruobing and Zhuang, Fuzhen and Hao, Xiaobo and Ge, Kaikai and Zhang, Xu and Lin, Leyu and Cao, Juan},
  booktitle={Proceedings of the 27th ACM SIGKDD Conference on Knowledge Discovery \& Data Mining},
  pages={4005--4013},
  year={2021}
}

@inproceedings{MMoE,
  title={Modeling task relationships in multi-task learning with multi-gate mixture-of-experts},
  author={Ma, Jiaqi and Zhao, Zhe and Yi, Xinyang and Chen, Jilin and Hong, Lichan and Chi, Ed H},
  booktitle={Proceedings of the 24th ACM SIGKDD international conference on knowledge discovery \& data mining},
  pages={1930--1939},
  year={2018}
}

@inproceedings{NextVideo,
  title={Recommending what video to watch next: a multitask ranking system},
  author={Zhao, Zhe and Hong, Lichan and Wei, Li and Chen, Jilin and Nath, Aniruddh and Andrews, Shawn and Kumthekar, Aditee and Sathiamoorthy, Maheswaran and Yi, Xinyang and Chi, Ed},
  booktitle={Proceedings of the 13th ACM Conference on Recommender Systems},
  pages={43--51},
  year={2019}
}

@inproceedings{MUVE,
  title={Muve: Efficient multi-objective view recommendation for visual data exploration},
  author={Ehsan, Humaira and Sharaf, Mohamed A and Chrysanthis, Panos K},
  booktitle={2016 IEEE 32nd International Conference on Data Engineering (ICDE)},
  pages={731--742},
  year={2016},
  organization={IEEE}
}

@inproceedings{MulViewDL,
  title={A multi-view deep learning approach for cross domain user modeling in recommendation systems},
  author={Elkahky, Ali Mamdouh and Song, Yang and He, Xiaodong},
  booktitle={Proceedings of the 24th international conference on world wide web},
  pages={278--288},
  year={2015}
}

@inproceedings{ExpRec,
  title={Explainable recommendation via multi-task learning in opinionated text data},
  author={Wang, Nan and Wang, Hongning and Jia, Yiling and Yin, Yue},
  booktitle={The 41st International ACM SIGIR Conference on Research \& Development in Information Retrieval},
  pages={165--174},
  year={2018}
}

@article{dean2012large,
  title={Large scale distributed deep networks},
  author={Dean, Jeffrey and Corrado, Greg and Monga, Rajat and Chen, Kai and Devin, Matthieu and Mao, Mark and Ranzato, Marc'aurelio and Senior, Andrew and Tucker, Paul and Yang, Ke and others},
  journal={Advances in neural information processing systems},
  volume={25},
  year={2012}
}

@article{GPT-3,
  title={Language models are few-shot learners},
  author={Brown, Tom and Mann, Benjamin and Ryder, Nick and Subbiah, Melanie and Kaplan, Jared D and Dhariwal, Prafulla and Neelakantan, Arvind and Shyam, Pranav and Sastry, Girish and Askell, Amanda and others},
  journal={Advances in neural information processing systems},
  volume={33},
  pages={1877--1901},
  year={2020}
}

@article{palm,
  title={Palm: Scaling language modeling with pathways},
  author={Chowdhery, Aakanksha and Narang, Sharan and Devlin, Jacob and Bosma, Maarten and Mishra, Gaurav and Roberts, Adam and Barham, Paul and Chung, Hyung Won and Sutton, Charles and Gehrmann, Sebastian and others},
  journal={arXiv preprint arXiv:2204.02311},
  year={2022}
}
 
@article{llama,
  title={Llama: Open and efficient foundation language models},
  author={Touvron, Hugo and Lavril, Thibaut and Izacard, Gautier and Martinet, Xavier and Lachaux, Marie-Anne and Lacroix, Timoth{\'e}e and Rozi{\`e}re, Baptiste and Goyal, Naman and Hambro, Eric and Azhar, Faisal and others},
  journal={arXiv preprint arXiv:2302.13971},
  year={2023}
}

@article{taskmoe,
  title={Beyond distillation: Task-level mixture-of-experts for efficient inference},
  author={Kudugunta, Sneha and Huang, Yanping and Bapna, Ankur and Krikun, Maxim and Lepikhin, Dmitry and Luong, Minh-Thang and Firat, Orhan},
  journal={arXiv preprint arXiv:2110.03742},
  year={2021}
}

@article{multilinearRela,
  title={Learning multiple tasks with multilinear relationship networks},
  author={Long, Mingsheng and Cao, Zhangjie and Wang, Jianmin and Yu, Philip S},
  journal={Advances in neural information processing systems},
  volume={30},
  year={2017}
}

@article{sparsemoe,
  title={Outrageously large neural networks: The sparsely-gated mixture-of-experts layer},
  author={Shazeer, Noam and Mirhoseini, Azalia and Maziarz, Krzysztof and Davis, Andy and Le, Quoc and Hinton, Geoffrey and Dean, Jeff},
  journal={arXiv preprint arXiv:1701.06538},
  year={2017}
}

@article{OMoE,
  title={Adaptive mixtures of local experts},
  author={Jacobs, Robert A and Jordan, Michael I and Nowlan, Steven J and Hinton, Geoffrey E},
  journal={Neural computation},
  volume={3},
  number={1},
  pages={79--87},
  year={1991},
  publisher={MIT Press}
}

@inproceedings{SNR,
  title={Snr: Sub-network routing for flexible parameter sharing in multi-task learning},
  author={Ma, Jiaqi and Zhao, Zhe and Chen, Jilin and Li, Ang and Hong, Lichan and Chi, Ed H},
  booktitle={Proceedings of the AAAI Conference on Artificial Intelligence},
  volume={33},
  number={01},
  pages={216--223},
  year={2019}
}

@INPROCEEDINGS{SER,
  author={Kang, Wang-Cheng and McAuley, Julian},
  booktitle={2018 IEEE International Conference on Data Mining (ICDM)}, 
  title={Self-Attentive Sequential Recommendation}, 
  year={2018},
  volume={},
  number={},
  pages={197-206},
  doi={10.1109/ICDM.2018.00035}}

@inproceedings{sun2019bert4rec,
  title={BERT4Rec: Sequential recommendation with bidirectional encoder representations from transformer},
  author={Sun, Fei and Liu, Jun and Wu, Jian and Pei, Changhua and Lin, Xiao and Ou, Wenwu and Jiang, Peng},
  booktitle={Proceedings of the 28th ACM international conference on information and knowledge management},
  pages={1441--1450},
  year={2019}
}

@article{yao2022recommender,
  title={Recommender Transformers with Behavior Pathways},
  author={Yao, Zhiyu and Chen, Xinyang and Wang, Sinan and Dai, Qinyan and Li, Yumeng and Zhu, Tanchao and Long, Mingsheng},
  journal={arXiv preprint arXiv:2206.06804},
  year={2022}
}

@inproceedings{wideandeep,
  title={Wide \& deep learning for recommender systems},
  author={Cheng, Heng-Tze and Koc, Levent and Harmsen, Jeremiah and Shaked, Tal and Chandra, Tushar and Aradhye, Hrishi and Anderson, Glen and Corrado, Greg and Chai, Wei and Ispir, Mustafa and others},
  booktitle={Proceedings of the 1st workshop on deep learning for recommender systems},
  pages={7--10},
  year={2016}
}


@inproceedings{CLIP,
  title={Learning transferable visual models from natural language supervision},
  author={Radford, Alec and Kim, Jong Wook and Hallacy, Chris and Ramesh, Aditya and Goh, Gabriel and Agarwal, Sandhini and Sastry, Girish and Askell, Amanda and Mishkin, Pamela and Clark, Jack and others},
  booktitle={International conference on machine learning},
  pages={8748--8763},
  year={2021},
  organization={PMLR}
}


@article{transformer,
  title={Attention is all you need},
  author={Vaswani, Ashish and Shazeer, Noam and Parmar, Niki and Uszkoreit, Jakob and Jones, Llion and Gomez, Aidan N and Kaiser, {\L}ukasz and Polosukhin, Illia},
  journal={Advances in neural information processing systems},
  volume={30},
  year={2017}
}


@article{ROPE,
  title={Roformer: Enhanced transformer with rotary position embedding},
  author={Su, Jianlin and Lu, Yu and Pan, Shengfeng and Murtadha, Ahmed and Wen, Bo and Liu, Yunfeng},
  journal={arXiv preprint arXiv:2104.09864},
  year={2021}
}


@article{gshard,
  title={Gshard: Scaling giant models with conditional computation and automatic sharding},
  author={Lepikhin, Dmitry and Lee, HyoukJoong and Xu, Yuanzhong and Chen, Dehao and Firat, Orhan and Huang, Yanping and Krikun, Maxim and Shazeer, Noam and Chen, Zhifeng},
  journal={arXiv preprint arXiv:2006.16668},
  year={2020}
}


@article{GLaM,
  title={GLaM: Efficient Scaling of Language Models with Mixture-of-Experts},
  author={Du, Nan and Huang, Yanping and Dai, Andrew M. and Tong, Simon and Lepikhin, Dmitry and Xu, Yuanzhong and Krikun, Maxim andd Zhou, Yanqi and Yu, Adams Wei and Firat, Orhan and Zoph, Barret and Fedus, Liam and Bosma, Maarten and Zhou, Zongwei and Wang, Tao and Wang, Yu Emma and Webster, Kellie and Pellat, Marie and Robinson, Kevin and Meler-Hellstern, Kathleen and Duke, Toju and Dixon, Lucas and Zhang, Kun and Le, Quoc V and Wu, Yonghui and Chen, Zhifeng and Cui, Claire},
  journal={arxiv preprint arXiv:2112.06905},
  year={2021}}


@inproceedings{aliexpress,
author={pengcheng Li and 
        Runze Li and
        Qing Da and 
        An-Xiang Zeng and 
        Lijun Zhang},
title={Improving Multi-Scenario Learning to Rank in E-commerce by Exploiting Task Relationships in the Label Space},
booktitle={proceedings of the 28th {ACM} International Conference on Information and Knowledge Management, {CIKM} 2020, Virtual Event, Ireland, October 19-                                                23,2019},
publisher={{ACM}},
address={New York,NY,USA},
year={2020}
}

@article{github_link,
  title={Omitted title},
  author={Anonymous Authors},
  journal={Per double blind reviewing, the link to this
project will be released in the camera-ready version},
  year={2023}}


@article{AUC,
  title={An introduction to ROC analysis},
  author={Fawcett, Tom},
  journal={Pattern recognition letters},
  volume={27},
  number={8},
  pages={861--874},
  year={2006},
  publisher={Elsevier}
}


@inproceedings{eee,
  title={Learning effective and efficient embedding via an adaptively-masked twins-based layer},
  author={Yan, Bencheng and Wang, Pengjie and Zhang, Kai and Lin, Wei and Lee, Kuang-Chih and Xu, Jian and Zheng, Bo},
  booktitle={Proceedings of the 30th ACM International Conference on Information \& Knowledge Management},
  pages={3568--3572},
  year={2021}
}

@misc{BigDL,
  title={BigDL-GRec},
  author={Wang,Luyang and Tang,Cangcheng and Zhang, Chongyang and Ruan, Jun and Huang, Kai and Dai, Jinquan}, 
  year={2023},
  url={https://github.com/intel-analytics/BigDL/tree/main/python/friesian/example/GRec}, 
}