% Use this file for citations not found in the ACL Anthology (contained in "anthology.bib").

@article{Trinh2018ASM,
  title={A Simple Method for Commonsense Reasoning},
  author={Trieu H. Trinh and Quoc V. Le},
  journal={ArXiv},
  year={2018},
  volume={abs/1806.02847},
  url={https://api.semanticscholar.org/CorpusID:47015717}
}

@inproceedings{tamborrino2020pre,
  title={Pre-training Is (Almost) All You Need: An Application to Commonsense Reasoning},
  author={Tamborrino, Alexandre and Pellican{\`o}, Nicola and Pannier, Baptiste and Voitot, Pascal and Naudin, Louise},
  booktitle={Proceedings of the 58th Annual Meeting of the Association for Computational Linguistics},
  pages={3878--3887},
  year={2020}
}

@inproceedings{holtzman2021surface,
  title={Surface Form Competition: Why the Highest Probability Answer Isn’t Always Right},
  author={Holtzman, Ari and West, Peter and Shwartz, Vered and Choi, Yejin and Zettlemoyer, Luke},
  booktitle={Proceedings of the 2021 Conference on Empirical Methods in Natural Language Processing},
  pages={7038--7051},
  year={2021}
}

@article{brown2020language,
  title={Language models are few-shot learners},
  author={Brown, Tom and Mann, Benjamin and Ryder, Nick and Subbiah, Melanie and Kaplan, Jared D and Dhariwal, Prafulla and Neelakantan, Arvind and Shyam, Pranav and Sastry, Girish and Askell, Amanda and others},
  journal={Advances in neural information processing systems},
  volume={33},
  pages={1877--1901},
  year={2020}
}

@article{krause2024data,
  title={From data to commonsense reasoning: the use of large language models for explainable AI},
  author={Krause, Stefanie and Stolzenburg, Frieder},
  journal={arXiv preprint arXiv:2407.03778},
  year={2024}
}

@inproceedings{Feldman2019CommonsenseKM,
  title={Commonsense knowledge mining from pretrained models},
  author={Davison, Joe and Feldman, Joshua and Rush, Alexander M},
  booktitle={Proceedings of the 2019 conference on empirical methods in natural language processing and the 9th international joint conference on natural language processing (EMNLP-IJCNLP)},
  pages={1173--1178},
  year={2019}
}

@article{liu2021constrained,
  title={Constrained Text Generation with Global Guidance--Case Study on CommonGen},
  author={Liu, Yixian and Zhang, Liwen and Han, Wenjuan and Zhang, Yue and Tu, Kewei},
  journal={arXiv preprint arXiv:2103.07170},
  year={2021}
}

@inproceedings{liu2023vera,
  title={Vera: A General-Purpose Plausibility Estimation Model for Commonsense Statements},
  author={Liu, Jiacheng and Wang, Wenya and Wang, Dianzhuo and Smith, Noah A and Choi, Yejin and Hajishirzi, Hannaneh},
  booktitle={Proceedings of the 2023 Conference on Empirical Methods in Natural Language Processing},
  pages={1264--1287},
  year={2023}
}

@article{zhang2022alleviating,
  title={Alleviating the knowledge-language inconsistency: A study for deep commonsense knowledge},
  author={Zhang, Yi and Li, Lei and Wu, Yunfang and Su, Qi and Sun, Xu},
  journal={IEEE/ACM transactions on audio, speech, and language processing},
  volume={30},
  pages={594--604},
  year={2022},
  publisher={IEEE}
}

@inproceedings{Jung2022MaieuticPL,
  title={Maieutic Prompting: Logically Consistent Reasoning with Recursive Explanations},
  author={Jung, Jaehun and Qin, Lianhui and Welleck, Sean and Brahman, Faeze and Bhagavatula, Chandra and Le Bras, Ronan and Choi, Yejin},
  booktitle={Proceedings of the 2022 Conference on Empirical Methods in Natural Language Processing},
  pages={1266--1279},
  year={2022}
}

@inproceedings{Tafjord2022EntailerAQ,
  title={Entailer: Answering Questions with Faithful and Truthful Chains of Reasoning},
  author={Oyvind Tafjord and Bhavana Dalvi and Peter Clark},
  booktitle={Conference on Empirical Methods in Natural Language Processing},
  year={2022},
  url={https://api.semanticscholar.org/CorpusID:253097865}
}

@article{Zhang2021AlleviatingTK,
  title={Alleviating the Knowledge-Language Inconsistency: A Study for Deep Commonsense Knowledge},
  author={Yi Zhang and Lei Li and Yunfang Wu and Qi Su and Xu Sun},
  journal={IEEE/ACM Transactions on Audio, Speech, and Language Processing},
  year={2021},
  volume={30},
  pages={594-604},
  url={https://api.semanticscholar.org/CorpusID:235248317}
}

@inproceedings{Yu2022RetrievalAF,
  title={Retrieval Augmentation for Commonsense Reasoning: A Unified Approach},
  author={W. Yu and Chenguang Zhu and Zhihan Zhang and Shuohang Wang and Zhuosheng Zhang and Yuwei Fang and Meng Jiang},
  booktitle={Conference on Empirical Methods in Natural Language Processing},
  year={2022},
  url={https://api.semanticscholar.org/CorpusID:253098034}
}

@inproceedings{Speer2016ConceptNet5A,
  title={ConceptNet 5.5: An Open Multilingual Graph of General Knowledge},
  author={Robyn Speer and Joshua Chin and Catherine Havasi},
  booktitle={AAAI Conference on Artificial Intelligence},
  year={2016},
  url={https://api.semanticscholar.org/CorpusID:15206880}
}

@inproceedings{sap2019atomic,
  title={Atomic: An atlas of machine commonsense for if-then reasoning},
  author={Sap, Maarten and Le Bras, Ronan and Allaway, Emily and Bhagavatula, Chandra and Lourie, Nicholas and Rashkin, Hannah and Roof, Brendan and Smith, Noah A and Choi, Yejin},
  booktitle={Proceedings of the AAAI conference on artificial intelligence},
  volume={33},
  number={01},
  pages={3027--3035},
  year={2019}
}

@inproceedings{Hwang2020COMETATOMIC2O,
  title={COMET-ATOMIC 2020: On Symbolic and Neural Commonsense Knowledge Graphs},
  author={Jena D. Hwang and Chandra Bhagavatula and Ronan Le Bras and Jeff Da and Keisuke Sakaguchi and Antoine Bosselut and Yejin Choi},
  booktitle={AAAI Conference on Artificial Intelligence},
  year={2020},
  url={https://api.semanticscholar.org/CorpusID:222310337}
}

@article{Choi2022ALBERTWK,
  title={ALBERT with Knowledge Graph Encoder Utilizing Semantic Similarity for Commonsense Question Answering},
  author={Byeongmin Choi and Yong-Sook Lee and Yeunwoong Kyung and Eunchan Kim},
  journal={ArXiv},
  year={2022},
  volume={abs/2211.07065},
  url={https://api.semanticscholar.org/CorpusID:252633429}
}

@inproceedings{Bosselut2019COMETCT,
  title={COMET: Commonsense Transformers for Automatic Knowledge Graph Construction},
  author={Antoine Bosselut and Hannah Rashkin and Maarten Sap and Chaitanya Malaviya and Asli Celikyilmaz and Yejin Choi},
  booktitle={Annual Meeting of the Association for Computational Linguistics},
  year={2019},
  url={https://api.semanticscholar.org/CorpusID:189762527}
}

@inproceedings{Ghazarian2023ACCENTAA,
  title={ACCENT: An Automatic Event Commonsense Evaluation Metric for Open-Domain Dialogue Systems},
  author={Sarik Ghazarian and Yijia Shao and Rujun Han and A. G. Galstyan and Nanyun Peng},
  booktitle={Annual Meeting of the Association for Computational Linguistics},
  year={2023},
  url={https://api.semanticscholar.org/CorpusID:258686558}
}

@inproceedings{Tian2023BOOSTHB,
  title={Harnessing Black-Box Control to Boost Commonsense in LM’s Generation},
  author={Tian, Yufei and Zhang, Felix and Peng, Nanyun},
  booktitle={Proceedings of the 2023 Conference on Empirical Methods in Natural Language Processing},
  pages={5417--5432},
  year={2023}
}

@article{zhao2024large,
  title={Large language models as commonsense knowledge for large-scale task planning},
  author={Zhao, Zirui and Lee, Wee Sun and Hsu, David},
  journal={Advances in Neural Information Processing Systems},
  volume={36},
  year={2024}
}

@article{Marcus2020TheND,
  title={The Next Decade in AI: Four Steps Towards Robust Artificial Intelligence},
  author={Gary F. Marcus},
  journal={ArXiv},
  year={2020},
  volume={abs/2002.06177},
  url={https://api.semanticscholar.org/CorpusID:211126492}
}

@article{Elazar2021MeasuringAI,
  title={Measuring and Improving Consistency in Pretrained Language Models},
  author={Yanai Elazar and Nora Kassner and Shauli Ravfogel and Abhilasha Ravichander and Eduard H. Hovy and Hinrich Sch{\"u}tze and Yoav Goldberg},
  journal={Transactions of the Association for Computational Linguistics},
  year={2021},
  volume={9},
  pages={1012-1031},
  url={https://api.semanticscholar.org/CorpusID:231740560}
}

@article{Mahowald2023DissociatingLA,
  title={Dissociating language and thought in large language models},
  author={Mahowald, Kyle and Ivanova, Anna A and Blank, Idan A and Kanwisher, Nancy and Tenenbaum, Joshua B and Fedorenko, Evelina},
  journal={Trends in Cognitive Sciences},
  year={2024},
  publisher={Elsevier}
}

@inproceedings{Chen2023SayWY,
  title={Say What You Mean! Large Language Models Speak Too Positively about Negative Commonsense Knowledge},
  author={Chen, Jiangjie and Shi, Wei and Fu, Ziquan and Cheng, Sijie and Li, Lei and Xiao, Yanghua},
  booktitle={The 61st Annual Meeting Of The Association For Computational Linguistics},
  year={2023}
}

@inproceedings{Cui2024MOREMR,
    title = "{MORE}: Multi-m{O}dal {RE}trieval Augmented Generative Commonsense Reasoning",
    author = "Cui, Wanqing  and
      Bi, Keping  and
      Guo, Jiafeng  and
      Cheng, Xueqi",
    editor = "Ku, Lun-Wei  and
      Martins, Andre  and
      Srikumar, Vivek",
    booktitle = "Findings of the Association for Computational Linguistics ACL 2024",
    month = aug,
    year = "2024",
    address = "Bangkok, Thailand and virtual meeting",
    publisher = "Association for Computational Linguistics",
    url = "https://aclanthology.org/2024.findings-acl.69",
    doi = "10.18653/v1/2024.findings-acl.69",
    pages = "1178--1192",
}


@inproceedings{wang2021retrieval,
  title={Retrieval Enhanced Model for Commonsense Generation},
  author={Wang, Han and Liu, Yang and Zhu, Chenguang and Shou, Linjun and Gong, Ming and Xu, Yichong and Zeng, Michael},
  booktitle={Findings of the Association for Computational Linguistics: ACL-IJCNLP 2021},
  pages={3056--3062},
  year={2021}
}

@inproceedings{liu2021kg,
  title={Kg-bart: Knowledge graph-augmented bart for generative commonsense reasoning},
  author={Liu, Ye and Wan, Yao and He, Lifang and Peng, Hao and Philip, S Yu},
  booktitle={Proceedings of the AAAI conference on artificial intelligence},
  volume={35},
  number={7},
  pages={6418--6425},
  year={2021}
}

@inproceedings{feng2022retrieve,
  title={Retrieve, caption, generate: Visual grounding for enhancing commonsense in text generation models},
  author={Feng, Steven Y and Lu, Kevin and Tao, Zhuofu and Alikhani, Malihe and Mitamura, Teruko and Hovy, Eduard and Gangal, Varun},
  booktitle={Proceedings of the AAAI Conference on Artificial Intelligence},
  volume={36},
  pages={10618--10626},
  year={2022}
}

@inproceedings{wangcontextualized,
  title={Contextualized Scene Imagination for Generative Commonsense Reasoning},
  author={Wang, PeiFeng and Zamora, Jonathan and Liu, Junfeng and Ilievski, Filip and Chen, Muhao and Ren, Xiang},
  booktitle={International Conference on Learning Representations},
  year={2022}
}

@inproceedings{linManualautomaticevaluation2002,
  title = {Manual and Automatic Evaluation of Summaries},
  booktitle = {Proceedings of the {{ACL-02 Workshop}} on {{Automatic Summarization}} - {{Volume}} 4},
  author = {Lin, Chin-Yew and Hovy, Eduard},
  year = {2002},
  series = {{{AS}} '02},
  pages = {45--51},
  urldate = {2022-08-06}
}

@inproceedings{papineniBLEUMethodAutomatic2002,
  title = {{{BLEU}}: A {{Method}} for {{Automatic Evaluation}} of {{Machine Translation}}},
  booktitle = {Proceedings of the 40th {{Annual Meeting}} of the {{Association}} for {{Computational Linguistics}}},
  author = {Papineni, Kishore and Roukos, Salim and Ward, Todd and Zhu, Wei-Jing},
  year = {2002},
  pages = {311--318},
  urldate = {2022-07-12}
}

@inproceedings{banerjeeMETEORAutomaticMetric2005,
  title = {{{METEOR}}: {{An Automatic Metric}} for {{MT Evaluation}} with {{Improved Correlation}} with {{Human Judgments}}},
  booktitle = {Proceedings of the {{ACL Workshop}} on {{Intrinsic}} and {{Extrinsic Evaluation Measures}} for {{Machine Translation}} and/or {{Summarization}}},
  author = {Banerjee, Satanjeev and Lavie, Alon},
  year = {2005},
  pages = {65--72},
  urldate = {2022-07-12}
}

@book{schank1983dynamic,
  title={Dynamic memory: A theory of reminding and learning in computers and people},
  author={Schank, Roger C},
  year={1983},
  publisher={cambridge university press}
}

@misc{winograd1986understanding,
  title={Understanding computers and cognition: A new foundation for design},
  author={Winograd, T},
  year={1986},
  publisher={Intellect Books}
}

@incollection{hobbs1990granularity,
  title={Granularity},
  author={Hobbs, Jerry R},
  booktitle={Readings in qualitative reasoning about physical systems},
  pages={542--545},
  year={1990},
  publisher={Elsevier}
}

@book{clark1996using,
  title={Using language},
  author={Clark, Herbert H},
  year={1996},
  publisher={Cambridge university press}
}

@book{noveck2004experimental,
  title={Experimental pragmatics},
  author={Noveck, Ira and Sperber, Dan},
  year={2004},
  publisher={Springer}
}


@article{zwaan1998situation,
  title={Situation models in language comprehension and memory.},
  author={Zwaan, Rolf A and Radvansky, Gabriel A},
  journal={Psychological bulletin},
  volume={123},
  number={2},
  pages={162},
  year={1998},
  publisher={American Psychological Association}
}

@article{barsalou1999perceptual,
  title={Perceptual symbol systems},
  author={Barsalou, Lawrence W},
  journal={Behavioral and brain sciences},
  volume={22},
  number={4},
  pages={577--660},
  year={1999},
  publisher={Cambridge University Press}
}

@article{lichtenstein2006construction,
  title={The construction of preference: An overview},
  author={Lichtenstein, Sarah and Slovic, Paul},
  journal={The construction of preference},
  volume={1},
  pages={1--40},
  year={2006},
  publisher={Cambridge University Press Cambridge}
}

@inproceedings{radford2021learning,
  title={Learning transferable visual models from natural language supervision},
  author={Radford, Alec and Kim, Jong Wook and Hallacy, Chris and Ramesh, Aditya and Goh, Gabriel and Agarwal, Sandhini and Sastry, Girish and Askell, Amanda and Mishkin, Pamela and Clark, Jack and others},
  booktitle={International conference on machine learning},
  pages={8748--8763},
  year={2021},
  organization={PMLR}
}

@article{zhuang2024promptreps,
  title={PromptReps: Prompting Large Language Models to Generate Dense and Sparse Representations for Zero-Shot Document Retrieval},
  author={Zhuang, Shengyao and Ma, Xueguang and Koopman, Bevan and Lin, Jimmy and Zuccon, Guido},
  journal={arXiv preprint arXiv:2404.18424},
  year={2024}
}

@inproceedings{paik2021world,
  title={The World of an Octopus: How Reporting Bias Influences a Language Model’s Perception of Color},
  author={Paik, Cory and Aroca-Ouellette, St{\'e}phane and Roncone, Alessandro and Kann, Katharina},
  booktitle={Proceedings of the 2021 Conference on Empirical Methods in Natural Language Processing},
  pages={823--835},
  year={2021}
}

@inproceedings{zhang2022visual,
  title={Visual Commonsense in Pretrained Unimodal and Multimodal Models},
  author={Zhang, Chenyu and Van Durme, Benjamin and Li, Zhuowan and Stengel-Eskin, Elias},
  booktitle={Proceedings of the 2022 Conference of the North American Chapter of the Association for Computational Linguistics: Human Language Technologies},
  pages={5321--5335},
  year={2022}
}

@article{krishna2017visual,
  title={Visual genome: Connecting language and vision using crowdsourced dense image annotations},
  author={Krishna, Ranjay and Zhu, Yuke and Groth, Oliver and Johnson, Justin and Hata, Kenji and Kravitz, Joshua and Chen, Stephanie and Kalantidis, Yannis and Li, Li-Jia and Shamma, David A and others},
  journal={International journal of computer vision},
  volume={123},
  pages={32--73},
  year={2017},
  publisher={Springer}
}

@inproceedings{liu2021robustly,
  title={A robustly optimized BERT pre-training approach with post-training},
  author={Liu, Zhuang and Lin, Wayne and Shi, Ya and Zhao, Jun},
  booktitle={China National Conference on Chinese Computational Linguistics},
  pages={471--484},
  year={2021},
  organization={Springer}
}

@article{jiang2023mistral,
  title={Mistral 7B},
  author={Jiang, Albert Q and Sablayrolles, Alexandre and Mensch, Arthur and Bamford, Chris and Chaplot, Devendra Singh and Casas, Diego de las and Bressand, Florian and Lengyel, Gianna and Lample, Guillaume and Saulnier, Lucile and others},
  journal={arXiv preprint arXiv:2310.06825},
  year={2023}
}

@article{achiam2023gpt,
  title={Gpt-4 technical report},
  author={Achiam, Josh and Adler, Steven and Agarwal, Sandhini and Ahmad, Lama and Akkaya, Ilge and Aleman, Florencia Leoni and Almeida, Diogo and Altenschmidt, Janko and Altman, Sam and Anadkat, Shyamal and others},
  journal={arXiv preprint arXiv:2303.08774},
  year={2023}
}

@misc{OpenAI2022IntroChat,
    title = {Introducing ChatGPT},
    author = {OpenAI},
    year = {2022},
    howpublished = {\url{https://openai.com/blog/chatgpt}}
}

@article{sun2023eva,
  title={Eva-clip: Improved training techniques for clip at scale},
  author={Sun, Quan and Fang, Yuxin and Wu, Ledell and Wang, Xinlong and Cao, Yue},
  journal={arXiv preprint arXiv:2303.15389},
  year={2023}
}

@inproceedings{gao2021simcse,
  title={SimCSE: Simple Contrastive Learning of Sentence Embeddings},
  author={Gao, Tianyu and Yao, Xingcheng and Chen, Danqi},
  booktitle={Proceedings of the 2021 Conference on Empirical Methods in Natural Language Processing},
  pages={6894--6910},
  year={2021}
}

@article{wang2023improving,
  title={Improving Text Embeddings with Large Language Models},
  author={Wang, Liang and Yang, Nan and Huang, Xiaolong and Yang, Linjun and Majumder, Rangan and Wei, Furu},
  journal={arXiv preprint arXiv:2401.00368},
  year={2023}
}

@article{wang2022text,
  title={Text Embeddings by Weakly-Supervised Contrastive Pre-training},
  author={Wang, Liang and Yang, Nan and Huang, Xiaolong and Jiao, Binxing and Yang, Linjun and Jiang, Daxin and Majumder, Rangan and Wei, Furu},
  journal={arXiv preprint arXiv:2212.03533},
  year={2022}
}

@inproceedings{Gordon2013ReportingBA,
  title={Reporting bias and knowledge acquisition},
  author={Jonathan Gordon and Benjamin Van Durme},
  booktitle={Conference on Automated Knowledge Base Construction},
  year={2013},
  url={https://api.semanticscholar.org/CorpusID:16567195}
}

@inproceedings{cheng-etal-2024-every,
    title = "Every Answer Matters: Evaluating Commonsense with Probabilistic Measures",
    author = "Cheng, Qi  and
      Boratko, Michael  and
      Yelugam, Pranay Kumar  and
      O{'}Gorman, Tim  and
      Singh, Nalini  and
      McCallum, Andrew  and
      Li, Xiang",
    editor = "Ku, Lun-Wei  and
      Martins, Andre  and
      Srikumar, Vivek",
    booktitle = "Proceedings of the 62nd Annual Meeting of the Association for Computational Linguistics (Volume 1: Long Papers)",
    month = aug,
    year = "2024",
    address = "Bangkok, Thailand",
    publisher = "Association for Computational Linguistics",
    url = "https://aclanthology.org/2024.acl-long.29/",
    doi = "10.18653/v1/2024.acl-long.29",
    pages = "493--506",
}

@article{li2023towards,
  title={Towards general text embeddings with multi-stage contrastive learning},
  author={Li, Zehan and Zhang, Xin and Zhang, Yanzhao and Long, Dingkun and Xie, Pengjun and Zhang, Meishan},
  journal={arXiv preprint arXiv:2308.03281},
  year={2023}
}

@article{qwen2,
  title={Qwen2 Technical Report},
  year={2024}
}