@inproceedings{Bosselut2019COMETCT,
  title={COMET: Commonsense Transformers for Automatic Knowledge Graph Construction},
  author={Antoine Bosselut and Hannah Rashkin and Maarten Sap and Chaitanya Malaviya and Asli Celikyilmaz and Yejin Choi},
  booktitle={Annual Meeting of the Association for Computational Linguistics},
  year={2019},
  url={https://api.semanticscholar.org/CorpusID:189762527}
}

@article{Choi2022ALBERTWK,
  title={ALBERT with Knowledge Graph Encoder Utilizing Semantic Similarity for Commonsense Question Answering},
  author={Byeongmin Choi and Yong-Sook Lee and Yeunwoong Kyung and Eunchan Kim},
  journal={ArXiv},
  year={2022},
  volume={abs/2211.07065},
  url={https://api.semanticscholar.org/CorpusID:252633429}
}

@inproceedings{Feldman2019CommonsenseKM,
  title={Commonsense knowledge mining from pretrained models},
  author={Davison, Joe and Feldman, Joshua and Rush, Alexander M},
  booktitle={Proceedings of the 2019 conference on empirical methods in natural language processing and the 9th international joint conference on natural language processing (EMNLP-IJCNLP)},
  pages={1173--1178},
  year={2019}
}

@inproceedings{Ghazarian2023ACCENTAA,
  title={ACCENT: An Automatic Event Commonsense Evaluation Metric for Open-Domain Dialogue Systems},
  author={Sarik Ghazarian and Yijia Shao and Rujun Han and A. G. Galstyan and Nanyun Peng},
  booktitle={Annual Meeting of the Association for Computational Linguistics},
  year={2023},
  url={https://api.semanticscholar.org/CorpusID:258686558}
}

@inproceedings{Hwang2020COMETATOMIC2O,
  title={COMET-ATOMIC 2020: On Symbolic and Neural Commonsense Knowledge Graphs},
  author={Jena D. Hwang and Chandra Bhagavatula and Ronan Le Bras and Jeff Da and Keisuke Sakaguchi and Antoine Bosselut and Yejin Choi},
  booktitle={AAAI Conference on Artificial Intelligence},
  year={2020},
  url={https://api.semanticscholar.org/CorpusID:222310337}
}

@inproceedings{Jung2022MaieuticPL,
  title={Maieutic Prompting: Logically Consistent Reasoning with Recursive Explanations},
  author={Jung, Jaehun and Qin, Lianhui and Welleck, Sean and Brahman, Faeze and Bhagavatula, Chandra and Le Bras, Ronan and Choi, Yejin},
  booktitle={Proceedings of the 2022 Conference on Empirical Methods in Natural Language Processing},
  pages={1266--1279},
  year={2022}
}

@inproceedings{Speer2016ConceptNet5A,
  title={ConceptNet 5.5: An Open Multilingual Graph of General Knowledge},
  author={Robyn Speer and Joshua Chin and Catherine Havasi},
  booktitle={AAAI Conference on Artificial Intelligence},
  year={2016},
  url={https://api.semanticscholar.org/CorpusID:15206880}
}

@inproceedings{Tafjord2022EntailerAQ,
  title={Entailer: Answering Questions with Faithful and Truthful Chains of Reasoning},
  author={Oyvind Tafjord and Bhavana Dalvi and Peter Clark},
  booktitle={Conference on Empirical Methods in Natural Language Processing},
  year={2022},
  url={https://api.semanticscholar.org/CorpusID:253097865}
}

@inproceedings{Tian2023BOOSTHB,
  title={Harnessing Black-Box Control to Boost Commonsense in LMâ€™s Generation},
  author={Tian, Yufei and Zhang, Felix and Peng, Nanyun},
  booktitle={Proceedings of the 2023 Conference on Empirical Methods in Natural Language Processing},
  pages={5417--5432},
  year={2023}
}

@article{Trinh2018ASM,
  title={A Simple Method for Commonsense Reasoning},
  author={Trieu H. Trinh and Quoc V. Le},
  journal={ArXiv},
  year={2018},
  volume={abs/1806.02847},
  url={https://api.semanticscholar.org/CorpusID:47015717}
}

@inproceedings{Yu2022RetrievalAF,
  title={Retrieval Augmentation for Commonsense Reasoning: A Unified Approach},
  author={W. Yu and Chenguang Zhu and Zhihan Zhang and Shuohang Wang and Zhuosheng Zhang and Yuwei Fang and Meng Jiang},
  booktitle={Conference on Empirical Methods in Natural Language Processing},
  year={2022},
  url={https://api.semanticscholar.org/CorpusID:253098034}
}

@article{Zhang2021AlleviatingTK,
  title={Alleviating the Knowledge-Language Inconsistency: A Study for Deep Commonsense Knowledge},
  author={Yi Zhang and Lei Li and Yunfang Wu and Qi Su and Xu Sun},
  journal={IEEE/ACM Transactions on Audio, Speech, and Language Processing},
  year={2021},
  volume={30},
  pages={594-604},
  url={https://api.semanticscholar.org/CorpusID:235248317}
}

@article{liu2021constrained,
  title={Constrained Text Generation with Global Guidance--Case Study on CommonGen},
  author={Liu, Yixian and Zhang, Liwen and Han, Wenjuan and Zhang, Yue and Tu, Kewei},
  journal={arXiv preprint arXiv:2103.07170},
  year={2021}
}

@inproceedings{liu2023vera,
  title={Vera: A General-Purpose Plausibility Estimation Model for Commonsense Statements},
  author={Liu, Jiacheng and Wang, Wenya and Wang, Dianzhuo and Smith, Noah A and Choi, Yejin and Hajishirzi, Hannaneh},
  booktitle={Proceedings of the 2023 Conference on Empirical Methods in Natural Language Processing},
  pages={1264--1287},
  year={2023}
}

@inproceedings{sap2019atomic,
  title={Atomic: An atlas of machine commonsense for if-then reasoning},
  author={Sap, Maarten and Le Bras, Ronan and Allaway, Emily and Bhagavatula, Chandra and Lourie, Nicholas and Rashkin, Hannah and Roof, Brendan and Smith, Noah A and Choi, Yejin},
  booktitle={Proceedings of the AAAI conference on artificial intelligence},
  volume={33},
  number={01},
  pages={3027--3035},
  year={2019}
}

@article{zhao2024large,
  title={Large language models as commonsense knowledge for large-scale task planning},
  author={Zhao, Zirui and Lee, Wee Sun and Hsu, David},
  journal={Advances in Neural Information Processing Systems},
  volume={36},
  year={2024}
}

