@inproceedings{LazarevicBagging,
author = {Lazarevic, Aleksandar and Kumar, Vipin},
title = {Feature Bagging for Outlier Detection},
year = {2005},
booktitle = {Proceedings of KDD 2005},
pages = {157-â€“166},
publisher={ACM},
address={New York, NY, USA}
}

@book{aggarwal2017introduction,
  title={Outlier Analysis},
  author={Aggarwal, Charu C},
  year={2017},
  publisher={Springer},
  address={Cham, Switzerland}
}

@article{breiman2001random,
  title={{Random forests}},
  author={Breiman, Leo},
  journal={Machine learning},
  volume={45},
  number={1},
  pages={5--32},
  year={2001},
  publisher={Springer}
}

@article{breunig2000lof,
author = {Breunig, Markus M. and Kriegel, Hans-Peter and Ng, Raymond T. and Sander, J\"{o}rg},
title = {LOF: Identifying Density-Based Local Outliers},
year = {2000},
volume = {29},
number = {2},
journal = {SIGMOD Records},
pages = {93--104}
}

@article{goldstein2012histogram,
  title={{Histogram-based outlier score (HBOS): A fast unsupervised anomaly detection algorithm}},
  author={Goldstein, Markus and Dengel, Andreas},
  journal={KI-2012},
  volume={9},
  year={2012},
  pages={1--5}
}

@inproceedings{ide2017multi,
  title={Multi-task multi-modal models for collective anomaly detection},
  author={Id{\'e}, Tsuyoshi and Phan, Dzung T and Kalagnanam, Jayant},
  booktitle={Prodeedings of ICDM 2017},
  pages={177--186},
  year={2017}
}

@article{li2022ecod,
  title={{ECOD: Unsupervised outlier detection using empirical cumulative distribution functions}},
  author={Li, Zheng and Zhao, Yue and Hu, Xiyang and Botta, Nicola and Ionescu, Cezar and Chen, George},
  journal={IEEE Transactions on Knowledge and Data Engineering},
  year={2022},
  publisher={IEEE},
  volume={35},
  number={12},
  pages={12181--12193}
}

@inproceedings{liu2008isolation,
  title={Isolation forest},
  author={Liu, Fei Tony and Ting, Kai Ming and Zhou, Zhi-Hua},
  booktitle={Proceedings of ICMD 2008},
  pages={413--422},
  year={2008}
}

@inproceedings{piernik2022random,
    author = {Piernik, Maciej and Brzezinski, Dariusz and Zawadzki, Pawel},
    title = {{Random Similarity Forests}},
    year = {2023},
    booktitle = {Proceeding of ECML PKDD 2022},
    pages = {53--69}
}

@inproceedings{sathe2017similarity,
  title={Similarity forests},
  author={Sathe, Saket and Aggarwal, Charu C},
  booktitle={Proceedings of KDD 2017},
  pages={395--403},
  year={2017},
publisher={ACM},
address={New York, NY, USA}
}

@article{wellhausen2020safe,
  title={Safe robot navigation via multi-modal anomaly detection},
  author={Wellhausen, Lorenz and Ranftl, Ren{\'e} and Hutter, Marco},
  journal={IEEE Robotics and Automation Letters},
  volume={5},
  number={2},
  pages={1326--1333},
  year={2020}
}

