@inproceedings{piernik2022random,
    author = {Piernik, Maciej and Brzezinski, Dariusz and Zawadzki, Pawel},
    title = {{Random Similarity Forests}},
    year = {2023},
    booktitle = {Proceeding of ECML PKDD 2022},
    pages = {53--69}
}

@inproceedings{liu2008isolation,
  title={Isolation forest},
  author={Liu, Fei Tony and Ting, Kai Ming and Zhou, Zhi-Hua},
  booktitle={Proceedings of ICMD 2008},
  pages={413--422},
  year={2008}
}

@article{breunig2000lof,
author = {Breunig, Markus M. and Kriegel, Hans-Peter and Ng, Raymond T. and Sander, J\"{o}rg},
title = {LOF: Identifying Density-Based Local Outliers},
year = {2000},
volume = {29},
number = {2},
journal = {SIGMOD Records},
pages = {93--104}
}

@article{goldstein2012histogram,
  title={{Histogram-based outlier score (HBOS): A fast unsupervised anomaly detection algorithm}},
  author={Goldstein, Markus and Dengel, Andreas},
  journal={KI-2012},
  volume={9},
  year={2012},
  pages={1--5}
}

@article{li2022ecod,
  title={{ECOD: Unsupervised outlier detection using empirical cumulative distribution functions}},
  author={Li, Zheng and Zhao, Yue and Hu, Xiyang and Botta, Nicola and Ionescu, Cezar and Chen, George},
  journal={IEEE Transactions on Knowledge and Data Engineering},
  year={2022},
  publisher={IEEE},
  volume={35},
  number={12},
  pages={12181--12193}
}

@article{icc,
  title={Forming inferences about some intraclass correlation coefficients},
  author={McGraw, Kenneth O and Wong, Seok P},
  journal={Psychological methods},
  volume={1},
  number={1},
  pages={1--30},
  year={1996},
}

@article{team2023gemini,
  title={Gemini: a family of highly capable multimodal models},
  author={Gemini Team Google},
  journal={arXiv preprint arXiv:2312.11805},
  year={2023}
}

@article{zhang2023meta,
  title={Meta-transformer: A unified framework for multimodal learning},
  author={Zhang, Yiyuan and Gong, Kaixiong and Zhang, Kaipeng and Li, Hongsheng and Qiao, Yu and Ouyang, Wanli and Yue, Xiangyu},
  journal={arXiv preprint arXiv:2307.10802},
  year={2023}
}

@inproceedings{boriah2008similarity,
  title={Similarity measures for categorical data: A comparative evaluation},
  author={Boriah, Shyam and Chandola, Varun and Kumar, Vipin},
  booktitle={Proceedings SIAM 2008},
  pages={243--254},
  year={2008}
}

@book{villani2009optimal,
  title={Optimal transport: old and new},
  author={Villani, C{\'e}dric and others},
  volume={338},
  year={2009},
  publisher={Springer}
}

@inproceedings{berndt1994using,
  title={Using dynamic time warping to find patterns in time series},
  author={Berndt, Donald J and Clifford, James},
  booktitle={Proceedings of KDD 1994},
  pages={359--370},
  year={1994}
}

@article{hartle2020network,
  title={Network comparison and the within-ensemble graph distance},
  author={Hartle, Harrison and Klein, Brennan and McCabe, Stefan and Daniels, Alexander and St-Onge, Guillaume and Murphy, Charles and H{\'e}bert-Dufresne, Laurent},
  journal={Proceedings of the Royal Society A},
  volume={476},
  number={2243},
  pages={20190744},
  year={2020}
}

@book{conover1999practical,
  title={Practical nonparametric statistics},
  author={Conover, William Jay},
  year={1999},
  publisher={John Wiley \& Sons}
}

@inproceedings{Morris+2020,
    title={{TUDataset: A collection of benchmark datasets for learning with graphs}},
    author={Christopher Morris and Nils M. Kriege and Franka Bause and Kristian Kersting and Petra Mutzel and Marion Neumann},
    booktitle={ICML 2020 Workshop on Graph Representation Learning and Beyond (GRL+ 2020)},
    archivePrefix={arXiv},
    eprint={2007.08663},
    url={www.graphlearning.io},
    year={2020}
}

      
@misc{UCRArchive2018,
    title = {{The UCR Time Series Classification Archive}},
    author = {Dau, Hoang Anh and Keogh, Eamonn and Kamgar, Kaveh and Yeh, Chin-Chia Michael and Zhu, Yan 
              and Gharghabi, Shaghayegh and Ratanamahatana, Chotirat Ann and Yanping and Hu, Bing 
              and Begum, Nurjahan and Bagnall, Anthony and Mueen, Abdullah and Batista, Gustavo and Hexagon-ML},
    year = {2018},
    month = {October}
}

@article{breiman2001random,
  title={{Random forests}},
  author={Breiman, Leo},
  journal={Machine learning},
  volume={45},
  number={1},
  pages={5--32},
  year={2001},
  publisher={Springer}
}

@inproceedings{sathe2017similarity,
  title={Similarity forests},
  author={Sathe, Saket and Aggarwal, Charu C},
  booktitle={Proceedings of KDD 2017},
  pages={395--403},
  year={2017},
publisher={ACM},
address={New York, NY, USA}
}

@article{zhao2019pyod,
  title={{PyOd: A python toolbox for scalable outlier detection}},
  author={Zhao, Yue and Nasrullah, Zain and Li, Zheng},
  journal={Journal of Machine Learning Research},
  volume={20},
  pages={1--7},
  year={2019}
}

@misc{Rayana:2016 ,
author = {Shebuti Rayana},
year = {2016},
title = {{ODDS} Library},
url = {http://odds.cs.stonybrook.edu},
institution = {Stony Brook University, Department of Computer Sciences} }

@article{campos2016evaluation,
  title={On the evaluation of unsupervised outlier detection: measures, datasets, and an empirical study},
  author={Campos, Guilherme O and Zimek, Arthur and Sander, J{\"o}rg and Campello, Ricardo JGB and Micenkov{\'a}, Barbora and Schubert, Erich and Assent, Ira and Houle, Michael E},
  journal={Data mining and knowledge discovery},
  volume={30},
  number={4},
  pages={891--927},
  year={2016},
  publisher={Springer}
}

@inproceedings{LazarevicBagging,
author = {Lazarevic, Aleksandar and Kumar, Vipin},
title = {Feature Bagging for Outlier Detection},
year = {2005},
booktitle = {Proceedings of KDD 2005},
pages = {157-–166},
publisher={ACM},
address={New York, NY, USA}
}


@inproceedings{yang2009outlier,
  title={Outlier detection with globally optimal exemplar-based GMM},
  author={Yang, Xingwei and Latecki, Longin Jan and Pokrajac, Dragoljub},
  booktitle={Proceedings of SIAM 2009},
  pages={145--154},
  year={2009},
  publisher={SIAM},
  address={Philadelphia, PA, USA}
}

@inproceedings{pavlidou2014kernel,
  title={Kernel density outlier detector},
  author={Pavlidou, Meropi and Zioutas, Georgios},
  booktitle={Topics in Nonparametric Statistics},
  pages={241--250},
  year={2014},
  publisher={Springer},
  address={Cham, Switzerland}
}

@inproceedings{tang2002enhancing,
  title={Enhancing effectiveness of outlier detections for low density patterns},
  author={Tang, Jian and Chen, Zhixiang and Fu, Ada Wai-Chee and Cheung, David W},
  booktitle="Advances in Knowledge Discovery and Data Mining",
  pages={535--548},
  year={2002},
    publisher={Springer},
  address={Cham, Switzerland}
}

@inproceedings{papadimitriou2003loci,
  title={Loci: Fast outlier detection using the local correlation integral},
  author={Papadimitriou, Spiros and Kitagawa, Hiroyuki and Gibbons, Phillip B and Faloutsos, Christos},
  booktitle={Proceedings 19th International Conference on Data Engineering},
  pages={315--326},
  year={2003},
  publisher={IEEE},
address={New York, NY, USA}
}

@inproceedings{zhao2019lscp,
  title={LSCP: Locally selective combination in parallel outlier ensembles},
  author={Zhao, Yue and Nasrullah, Zain and Hryniewicki, Maciej K and Li, Zheng},
  booktitle={Proceedings of SIAM 2019},
  pages={585--593},
  year={2019},
  publisher={SIAM},
  address={Philadelphia, PA, USA}
}

@article{zhao2021suod,
  title={Suod: Accelerating large-scale unsupervised heterogeneous outlier detection},
  author={Zhao, Yue and Hu, Xiyang and Cheng, Cheng and Wang, Cong and Wan, Changlin and Wang, Wen and Yang, Jianing and Bai, Haoping and Li, Zheng and Xiao, Cao and others},
  journal={Proceedings of Machine Learning and Systems},
  volume={3},
  pages={463--478},
  year={2021}
}

@book{aggarwal2017introduction,
  title={Outlier Analysis},
  author={Aggarwal, Charu C},
  year={2017},
  publisher={Springer},
  address={Cham, Switzerland}
}

@article{ITURRIA2022109823,
title = {A framework for adapting online prediction algorithms to outlier detection over time series},
journal = {Knowledge-Based Systems},
volume = {256},
pages = {109823},
year = {2022},
author = {Alaiñe Iturria and Jokin Labaien and Santi Charramendieta and Aizea Lojo and Javier {Del Ser} and Francisco Herrera}
}

@article{shilay2017catching,
  title={Catching anomalous distributed photovoltaics: An edge-based multi-modal anomaly detection},
  author={Shilay, Devu Manikantan and Lorey, Kin Gwn and Weiz, Tianshu and Lovetty, Teems and Cheng, Yu},
  year={2017},
  journal      = {CoRR},
  volume       = {abs/1709.08830},
  pages={1--22},
  eprinttype    = {arXiv},
  eprint       = {1709.08830},
}

@inproceedings{dou2020enhancing,
  title={Enhancing graph neural network-based fraud detectors against camouflaged fraudsters},
  author={Dou, Yingtong and Liu, Zhiwei and Sun, Li and Deng, Yutong and Peng, Hao and Yu, Philip S},
  booktitle={Proceedings of CIKM 2020},
  pages={315--324},
  year={2020},
}

@article{liu2022bond,
  title={Bond: Benchmarking unsupervised outlier node detection on static attributed graphs},
  author={Liu, Kay and et al.},
  journal={NeurIPS 2022},
  pages={27021--27035},
  year={2022}
}

@article{ji2020multi,
  title={Multi-modal anomaly detection for unstructured and uncertain environments},
  author={Ji, Tianchen and Vuppala, Sri Theja and Chowdhary, Girish and Driggs-Campbell, Katherine},
  year={2020},
  journal      = {CoRR},
  volume       = {abs/2012.08637},
  pages={1--22}
}

@inproceedings{ide2017multi,
  title={Multi-task multi-modal models for collective anomaly detection},
  author={Id{\'e}, Tsuyoshi and Phan, Dzung T and Kalagnanam, Jayant},
  booktitle={Prodeedings of ICDM 2017},
  pages={177--186},
  year={2017}
}

@article{wellhausen2020safe,
  title={Safe robot navigation via multi-modal anomaly detection},
  author={Wellhausen, Lorenz and Ranftl, Ren{\'e} and Hutter, Marco},
  journal={IEEE Robotics and Automation Letters},
  volume={5},
  number={2},
  pages={1326--1333},
  year={2020}
}

@article{simanek2015improving,
  title={Improving multi-modal data fusion by anomaly detection},
  author={Simanek, Jakub and Kubelka, Vladimir and Reinstein, Michal},
  journal={Autonomous Robots},
  volume={39},
  pages={139--154},
  year={2015}
}

@article{pang2021deep,
  title={Deep learning for anomaly detection: A review},
  author={Pang, Guansong and Shen, Chunhua and Cao, Longbing and Hengel, Anton Van Den},
  journal={ACM computing surveys (CSUR)},
  volume={54},
  number={2},
  pages={1--38},
  year={2021},
}

@article{zhu2020single,
  title={Single-cell multimodal omics: the power of many},
  author={Zhu, Chenxu and Preissl, Sebastian and Ren, Bing},
  journal={Nature methods},
  volume={17},
  number={1},
  pages={11--14},
  year={2020}
}

@techreport{hagberg2008exploring,
  title={{Exploring network structure, dynamics, and function using NetworkX}},
  author={Hagberg, Aric and Swart, Pieter and S Chult, Daniel},
  year={2008},
  institution={Los Alamos National Lab.(LANL), Los Alamos, NM (United States)}
}

@misc{mccabe2021netrd ,
author = {McCabe, S. and Torres, L. and LaRock, T.and Haque, S. A. and Yang, C.-H. and Hartle, H. and Klein, B.},
year = {2021},
title = {netrd: A library for network reconstruction and graph distances.},
journal = {Journal of Open Source Software 6(62): 2990.},
archivePrefix={arXiv},
eprint={2010.16019},
url = {https://github.com/netsiphd/netrd},
}

@InProceedings{czekalski2021similarity,
  author="Czekalski, Stanis{\l}aw
and Morzy, Miko{\l}aj",
title="Similarity Forests Revisited: A Swiss Army Knife for Machine Learning",
booktitle="Advances in Knowledge Discovery and Data Mining",
year="2021",
pages="42--53"
}

@article{kartha2021you,
  title={{Why Are You Weird? Infusing Interpretability in Isolation Forest for Anomaly Detection}},
  author={Nirmal Sobha Kartha and Cl{\'{e}}ment Gautrais and Vincent Vercruyssen},
  pages={51--57},
  journal      = {CoRR},
  volume       = {abs/2112.06858},
  year         = {2021},
  eprinttype    = {arXiv},
  eprint       = {2112.06858},
}

@incollection{NIPS2017_7062,
 author = {Lundberg, Scott M and Lee, Su-In},
 booktitle = {Advances in Neural Information Processing Systems},
 editor = {I. Guyon and U. Von Luxburg and S. Bengio and H. Wallach and R. Fergus and S. Vishwanathan and R. Garnett},
 pages = {},
 title = {A Unified Approach to Interpreting Model Predictions},
 volume = {30},
 year = {2017}
}

@article{prytz2015predicting,
  title={Predicting the need for vehicle compressor repairs using maintenance records and logged vehicle data},
  author={Prytz, Rune and Nowaczyk, S{\l}awomir and R{\"o}gnvaldsson, Thorsteinn and Byttner, Stefan},
  journal={Engineering applications of artificial intelligence},
  volume={41},
  pages={139--150},
  year={2015}
}

@inproceedings{fan2022incorporating,
  title={Incorporating Physics-Based Models into Data Driven Approaches for Air Leak Detection in City Buses},
  author={Fan, Yuantao and Sarmadi, Hamid and Nowaczyk, S{\l}awomir},
  booktitle={Proceedings of ECML PKDD 2022},
  pages={438--450},
  year={2022}
}

@article{scikit-learn,
 title={Scikit-learn: Machine Learning in {P}ython},
  author  = {Fabian Pedregosa and et al.},
 journal={Journal of Machine Learning Research},
 volume={12},
 pages={2825--2830},
 year={2011}
}

@ARTICLE{Demsar:2006,
  author = {Janez Demsar},
  title = {Statistical Comparisons of Classifiers over Multiple Data Sets},
  journal = {Journal of Machine Learning Research},
  year = {2006},
  volume = {7},
  pages = {1-30}
}

@article{lundberg2020local2global,
  title={From local explanations to global understanding with explainable AI for trees},
  author={Lundberg, Scott M. and Erion, Gabriel and Chen, Hugh and DeGrave, Alex and Prutkin, Jordan M. and Nair, Bala and Katz, Ronit and Himmelfarb, Jonathan and Bansal, Nisha and Lee, Su-In},
  journal={Nature Machine Intelligence},
  volume={2},
  number={1},
  pages={2522-5839},
  year={2020}
}

@article{carletti2023interpretable,
  title={{Interpretable Anomaly Detection with DIFFI: Depth-based feature importance of Isolation Forest}},
  author={Carletti, Mattia and Terzi, Matteo and Susto, Gian Antonio},
  journal={Engineering Applications of Artificial Intelligence},
  volume={119},
  pages={105730},
  year={2023},
  publisher={Elsevier}
}

@article{DBLP:journals/corr/abs-1907-11692,
  author       = {Yinhan Liu and
                  Myle Ott and
                  Naman Goyal and
                  Jingfei Du and
                  Mandar Joshi and
                  Danqi Chen and
                  Omer Levy and
                  Mike Lewis and
                  Luke Zettlemoyer and
                  Veselin Stoyanov},
  title        = {RoBERTa: {A} Robustly Optimized {BERT} Pretraining Approach},
  journal      = {CoRR},
  volume       = {abs/1907.11692},
  year         = {2019},
  eprinttype    = {arXiv},
  eprint       = {1907.11692},
  pages={1--13}
}

@article{DBLP:journals/corr/abs-2010-11929,
  author       = {Alexey Dosovitskiy and et al.},
  title        = {An Image is Worth 16x16 Words: Transformers for Image Recognition
                  at Scale},
  journal      = {CoRR},
  volume       = {abs/2010.11929},
  eprinttype    = {arXiv},
  eprint       = {2010.11929},
  year         = {2020},
  pages={1--22}
}