@article{Riec18_SSAC1,
	Author = {P. M. Riechers and J. P. Crutchfield},
	Doi = {10.1063/1.4985199},
	Journal = {Chaos},
	Optnote = {Santa Fe Institute Working Paper 2017-05-018; arxiv.org:1705.08042},
	Pages = {033115},
	Title = {Spectral Simplicity of Apparent Complexity, {Part I}: {The} Nondiagonalizable Metadynamics of Prediction},
	Volume = {28},
	Year = {2018},
	Bdsk-Url-1 = {http://dx.doi.org/10.1063/1.4985199}}

