@inproceedings{peters-etal-2018-deep,
    title = "Deep Contextualized Word Representations",
    author = "Peters, Matthew E.  and
      Neumann, Mark  and
      Iyyer, Mohit  and
      Gardner, Matt  and
      Clark, Christopher  and
      Lee, Kenton  and
      Zettlemoyer, Luke",
    editor = "Walker, Marilyn  and
      Ji, Heng  and
      Stent, Amanda",
    booktitle = "Proceedings of the 2018 Conference of the North {A}merican Chapter of the Association for Computational Linguistics: Human Language Technologies, Volume 1 (Long Papers)",
    month = jun,
    year = "2018",
    address = "New Orleans, Louisiana",
    publisher = "Association for Computational Linguistics",
    doi = "10.18653/v1/N18-1202",
    pages = "2227--2237",
}

@article{li2023angle,
  title={Angle-optimized text embeddings},
  author={Li, Xianming and Li, Jing},
  journal={arXiv preprint arXiv:2309.12871},
  year={2023}
}

@article{wang2022self,
  title={Self-instruct: Aligning language models with self-generated instructions},
  author={Wang, Yizhong and Kordi, Yeganeh and Mishra, Swaroop and Liu, Alisa and Smith, Noah A and Khashabi, Daniel and Hajishirzi, Hannaneh},
  journal={arXiv preprint arXiv:2212.10560},
  year={2022}
}

@article{springer2024repetition,
  title={Repetition improves language model embeddings},
  author={Springer, Jacob Mitchell and Kotha, Suhas and Fried, Daniel and Neubig, Graham and Raghunathan, Aditi},
  journal={arXiv preprint arXiv:2402.15449},
  year={2024}
}

@inproceedings{li2024bellm,
  title={BeLLM: Backward Dependency Enhanced Large Language Model for Sentence Embeddings},
  author={Li, Xianming and Li, Jing},
  booktitle={Proceedings of the 2024 Conference of the North American Chapter of the Association for Computational Linguistics: Human Language Technologies (Volume 1: Long Papers)},
  pages={792--804},
  year={2024}
}

@article{church2017word2vec,
  title={Word2Vec},
  author={Church, Kenneth Ward},
  journal={Natural Language Engineering},
  volume={23},
  number={1},
  pages={155--162},
  year={2017},
  publisher={Cambridge University Press}
}

@article{word2vector,
    title={Efficient Estimation of Word Representations in Vector Space}, 
      author={Tomas Mikolov and Kai Chen and Greg Corrado and Jeffrey Dean},
      year={2013},
      eprint={1301.3781},
      archivePrefix={arXiv},
      primaryClass={cs.CL},
      journal={arXiv preprint arXiv:1301.3781},
}


@article{drbenchmark,
  title={DrBenchmark: A Large Language Understanding Evaluation Benchmark for French Biomedical Domain},
  author={Labrak, Yanis and Bazoge, Adrien and Khettari, Oumaima El and Rouvier, Micka{\"e}l and Grabar, Natalia and Daille, Beatrice and Quiniou, Solen and Morin, Emmanuel and Gourraud, Pierre-Antoine and Dufour, Richard and others},
  journal={arXiv preprint arXiv:2402.13432},
  year={2024}
}


@inproceedings{findsum,
    title = "Long Text and Multi-Table Summarization: Dataset and Method",
    author = "Liu, Shuaiqi  and
      Cao, Jiannong  and
      Yang, Ruosong  and
      Wen, Zhiyuan",
    editor = "Goldberg, Yoav  and
      Kozareva, Zornitsa  and
      Zhang, Yue",
    booktitle = "Findings of the Association for Computational Linguistics: EMNLP 2022",
    month = dec,
    year = "2022",
    address = "Abu Dhabi, United Arab Emirates",
    publisher = "Association for Computational Linguistics",
    doi = "10.18653/v1/2022.findings-emnlp.145",
    pages = "1995--2010",

}
@inproceedings{medeval,
    title = "{M}ed{E}val: A Multi-Level, Multi-Task, and Multi-Domain Medical Benchmark for Language Model Evaluation",
    author = "He, Zexue  and
      Wang, Yu  and
      Yan, An  and
      Liu, Yao  and
      Chang, Eric  and
      Gentili, Amilcare  and
      McAuley, Julian  and
      Hsu, Chun-Nan",
    editor = "Bouamor, Houda  and
      Pino, Juan  and
      Bali, Kalika",
    booktitle = "Proceedings of the 2023 Conference on Empirical Methods in Natural Language Processing",
    month = dec,
    year = "2023",
    address = "Singapore",
    publisher = "Association for Computational Linguistics",
    doi = "10.18653/v1/2023.emnlp-main.540",
    pages = "8725--8744",
}
@article{rangapur2023finfact,
  title={Fin-fact: A benchmark dataset for multimodal financial fact checking and explanation generation},
  author={Rangapur, Aman and Wang, Haoran and Jian, Ling and Shu, Kai},
  journal={arXiv preprint arXiv:2309.08793},
  year={2023}
}


@misc{Synthetic,
  author = {Watson, Alex and Meyer, Yev and Van Segbroeck, Maarten and Grossman, Matthew and Torbey, Sami and Mlocek, Piotr and Greco, Johnny},
  title = {{Synthetic-PII-Financial-Documents-North-America}: A synthetic dataset for training language models to label and detect PII in domain specific formats},
  month = {June},
  year = {2024},
  url = {https://huggingface.co/datasets/gretelai/synthetic_pii_finance_multilingual}
}

@article{ge2024scaling,
  title={Scaling synthetic data creation with 1,000,000,000 personas},
  author={Ge, Tao and Chan, Xin and Wang, Xiaoyang and Yu, Dian and Mi, Haitao and Yu, Dong},
  journal={arXiv preprint arXiv:2406.20094},
  year={2024}
}
@article{MInDS,
  title={Multilingual and cross-lingual intent detection from spoken data},
  author={Gerz, Daniela and Su, Pei-Hao and Kusztos, Razvan and Mondal, Avishek and Lis, Micha{\l} and Singhal, Eshan and Mrk{\v{s}}i{\'c}, Nikola and Wen, Tsung-Hsien and Vuli{\'c}, Ivan},
  journal={arXiv preprint arXiv:2104.08524},
  year={2021}
}

@inproceedings{nan2021mdfend,
  title={MDFEND: Multi-domain fake news detection},
  author={Nan, Qiong and Cao, Juan and Zhu, Yongchun and Wang, Yanyan and Li, Jintao},
  booktitle={Proceedings of the 30th ACM International Conference on Information \& Knowledge Management},
  pages={3343--3347},
  year={2021}
}

@article{finchinese,
  title={Chinese Fine-Grained Financial Sentiment Analysis with Large Language Models},
  author={Lan, Yinyu and Wu, Yanru and Xu, Wang and Feng, Weiqiang and Zhang, Youhao},
  journal={arXiv preprint arXiv:2306.14096},
  year={2023}
}

@inproceedings{DocMath-Eval,
  title={DocMath-Eval: Evaluating Math Reasoning Capabilities of LLMs in Understanding Financial Documents},
  author={Zhao, Yilun and Long, Yitao and Liu, Hongjun and Kamoi, Ryo and Nan, Linyong and Chen, Lyuhao and Liu, Yixin and Tang, Xiangru and Zhang, Rui and Cohan, Arman},
  booktitle={Proceedings of the 62nd Annual Meeting of the Association for Computational Linguistics (Volume 1: Long Papers)},
  pages={16103--16120},
  year={2024}
}

@article{fineval,
  title={Fineval: A chinese financial domain knowledge evaluation benchmark for large language models},
  author={Zhang, Liwen and Cai, Weige and Liu, Zhaowei and Yang, Zhi and Dai, Wei and Liao, Yujie and Qin, Qianru and Li, Yifei and Liu, Xingyu and Liu, Zhiqiang and others},
  journal={arXiv preprint arXiv:2308.09975},
  year={2023}
}
@article{medbench,
  title={MedBench: A Comprehensive, Standardized, and Reliable Benchmarking System for Evaluating Chinese Medical Large Language Models},
  author={Liu, Mianxin and Ding, Jinru and Xu, Jie and Hu, Weiguo and Li, Xiaoyang and Zhu, Lifeng and Bai, Zhian and Shi, Xiaoming and Wang, Benyou and Song, Haitao and others},
  journal={arXiv preprint arXiv:2407.10990},
  year={2024}
}

@inproceedings{pubmedqa,
    title = "{P}ub{M}ed{QA}: A Dataset for Biomedical Research Question Answering",
    author = "Jin, Qiao  and
      Dhingra, Bhuwan  and
      Liu, Zhengping  and
      Cohen, William  and
      Lu, Xinghua",
    editor = "Inui, Kentaro  and
      Jiang, Jing  and
      Ng, Vincent  and
      Wan, Xiaojun",
    booktitle = "Proceedings of the 2019 Conference on Empirical Methods in Natural Language Processing and the 9th International Joint Conference on Natural Language Processing (EMNLP-IJCNLP)",
    month = nov,
    year = "2019",
    address = "Hong Kong, China",
    publisher = "Association for Computational Linguistics",
    doi = "10.18653/v1/D19-1259",
    pages = "2567--2577",
}
@article{medqa,
  title={What disease does this patient have? a large-scale open domain question answering dataset from medical exams},
  author={Jin, Di and Pan, Eileen and Oufattole, Nassim and Weng, Wei-Hung and Fang, Hanyi and Szolovits, Peter},
  journal={Applied Sciences},
  volume={11},
  number={14},
  pages={6421},
  year={2021},
  publisher={MDPI}
}


@article{lawbench,
  title={LawBench: Benchmarking Legal Knowledge of Large Language Models},
  author={Fei, Zhiwei and Shen, Xiaoyu and Zhu, Dawei and Zhou, Fengzhe and Han, Zhuo and Zhang, Songyang and Chen, Kai and Shen, Zongwen and Ge, Jidong},
  journal={arXiv preprint arXiv:2309.16289},
  year={2023}
}

@article{CFLUE,
  title={Benchmarking Large Language Models on CFLUE--A Chinese Financial Language Understanding Evaluation Dataset},
  author={Zhu, Jie and Li, Junhui and Wen, Yalong and Guo, Lifan},
  journal={arXiv preprint arXiv:2405.10542},
  year={2024}
}

@article{bloomberggpt,
  title={Bloomberggpt: A large language model for finance},
  author={Wu, Shijie and Irsoy, Ozan and Lu, Steven and Dabravolski, Vadim and Dredze, Mark and Gehrmann, Sebastian and Kambadur, Prabhanjan and Rosenberg, David and Mann, Gideon},
  journal={arXiv preprint arXiv:2303.17564},
  year={2023}
}
@inproceedings{dont_stop,
    title = "Don{'}t Stop Pretraining: Adapt Language Models to Domains and Tasks",
    author = "Gururangan, Suchin  and
      Marasovi{\'c}, Ana  and
      Swayamdipta, Swabha  and
      Lo, Kyle  and
      Beltagy, Iz  and
      Downey, Doug  and
      Smith, Noah A.",
    editor = "Jurafsky, Dan  and
      Chai, Joyce  and
      Schluter, Natalie  and
      Tetreault, Joel",
    booktitle = "Proceedings of the 58th Annual Meeting of the Association for Computational Linguistics",
    month = jul,
    year = "2020",
    address = "Online",
    publisher = "Association for Computational Linguistics",
    doi = "10.18653/v1/2020.acl-main.740",
    pages = "8342--8360",
}

@article{disc,
  title={DISC-FinLLM: A Chinese Financial Large Language Model based on Multiple Experts Fine-tuning},
  author={Chen, Wei and Wang, Qiushi and Long, Zefei and Zhang, Xianyin and Lu, Zhongtian and Li, Bingxuan and Wang, Siyuan and Xu, Jiarong and Bai, Xiang and Huang, Xuanjing and Wei, Zhongyu},
  journal={arXiv preprint arXiv:2310.15205},
  year={2023}
}


@article{alphafin,
  title={AlphaFin: Benchmarking Financial Analysis with Retrieval-Augmented Stock-Chain Framework},
  author={Li, Xiang and Li, Zhenyu and Shi, Chen and Xu, Yong and Du, Qing and Tan, Mingkui and Huang, Jun and Lin, Wei},
  journal={arXiv preprint arXiv:2403.12582},
  year={2024}
}

@misc{thuctc,
  title={THUCTC: An Efficient Chinese Text Classifier},
  author={Maosong Sun and Jingyang Li and Zhipeng Guo and  Yu Zhao and  Yabin Zheng and  Xiance Si and  Zhiyuan Liu. },
  year = "2016",
  note  = {\url{http://thuctc.thunlp.org/}}
}


@article{fintruthqa,
  title={FinTruthQA: A Benchmark Dataset for Evaluating the Quality of Financial Information Disclosure},
  author={Xu, Ziyue and Zhou, Peilin and Shi, Xinyu and Wu, Jiageng and Jiang, Yikang and Ke, Bin and Yang, Jie},
  journal={arXiv preprint arXiv:2406.12009},
  year={2024}
}

@article{tatqa,
  title={TAT-QA: A question answering benchmark on a hybrid of tabular and textual content in finance},
  author={Zhu, Fengbin and Lei, Wenqiang and Huang, Youcheng and Wang, Chao and Zhang, Shuo and Lv, Jiancheng and Feng, Fuli and Chua, Tat-Seng},
  journal={arXiv preprint arXiv:2105.07624},
  year={2021}
}

@inproceedings{finqa,
    title = "{F}in{QA}: A Dataset of Numerical Reasoning over Financial Data",
    author = "Chen, Zhiyu  and
      Chen, Wenhu  and
      Smiley, Charese  and
      Shah, Sameena  and
      Borova, Iana  and
      Langdon, Dylan  and
      Moussa, Reema  and
      Beane, Matt  and
      Huang, Ting-Hao  and
      Routledge, Bryan  and
      Wang, William Yang",
    editor = "Moens, Marie-Francine  and
      Huang, Xuanjing  and
      Specia, Lucia  and
      Yih, Scott Wen-tau",
    booktitle = "Proceedings of the 2021 Conference on Empirical Methods in Natural Language Processing",
    month = nov,
    year = "2021",
    address = "Online and Punta Cana, Dominican Republic",
    publisher = "Association for Computational Linguistics",
    doi = "10.18653/v1/2021.emnlp-main.300",
    pages = "3697--3711",
}

@article{li2024coir,
  title={Coir: A comprehensive benchmark for code information retrieval models},
  author={Li, Xiangyang and Dong, Kuicai and Lee, Yi Quan and Xia, Wei and Yin, Yichun and Zhang, Hao and Liu, Yong and Wang, Yasheng and Tang, Ruiming},
  journal={arXiv preprint arXiv:2407.02883},
  year={2024}
}

@article{domainiskey,
  title={Domain specialization as the key to make large language models disruptive: A comprehensive survey},
  author={Ling, Chen and Zhao, Xujiang and Lu, Jiaying and Deng, Chengyuan and Zheng, Can and Wang, Junxiang and Chowdhury, Tanmoy and Li, Yun and Cui, Hejie and Zhang, Xuchao and others},
  journal={arXiv preprint arXiv:2305.18703},
  year={2023}
}

@misc{qwen2.5,
    title = {Qwen2.5: A Party of Foundation Models},
    url = {https://qwenlm.github.io/blog/qwen2.5/},
    author = {Qwen Team},
    month = {September},
    year = {2024}
}
@article{liu2019roberta,
  title={Roberta: A robustly optimized bert pretraining approach},
  author={Liu, Yinhan},
  journal={arXiv preprint arXiv:1907.11692},
  volume={364},
  year={2019}
}
@inproceedings{anderson-etal-2024-finance_text_embedding,
    title = "Greenback Bears and Fiscal Hawks: Finance is a Jungle and Text Embeddings Must Adapt",
    author = "Anderson, Peter  and
      Janardhanan, Mano Vikash  and
      He, Jason  and
      Cheng, Wei  and
      Flanagan, Charlie",
    editor = "Dernoncourt, Franck  and
      Preo{\c{t}}iuc-Pietro, Daniel  and
      Shimorina, Anastasia",
    booktitle = "Proceedings of the 2024 Conference on Empirical Methods in Natural Language Processing: Industry Track",
    month = nov,
    year = "2024",
    address = "Miami, Florida, US",
    publisher = "Association for Computational Linguistics",
    url = "https://aclanthology.org/2024.emnlp-industry.26/",
    doi = "10.18653/v1/2024.emnlp-industry.26",
    pages = "362--370",
}


@inproceedings{
    AdapteLLM,
    title={Adapting Large Language Models via Reading Comprehension},
    author={Daixuan Cheng and Shaohan Huang and Furu Wei},
    booktitle={The Twelfth International Conference on Learning Representations},
    year={2024},
    url={https://openreview.net/forum?id=y886UXPEZ0}
}


@article{fingpt,
  title={Fingpt: Open-source financial large language models},
  author={Yang, Hongyang and Liu, Xiao-Yang and Wang, Christina Dan},
  journal={arXiv preprint arXiv:2306.06031},
  year={2023}
}

@article{investlm,
  title={Investlm: A large language model for investment using financial domain instruction tuning},
  author={Yang, Yi and Tang, Yixuan and Tam, Kar Yan},
  journal={arXiv preprint arXiv:2309.13064},
  year={2023}
}

@article{saullm,
  title={Saullm-7b: A pioneering large language model for law},
  author={Colombo, Pierre and Pires, Telmo Pessoa and Boudiaf, Malik and Culver, Dominic and Melo, Rui and Corro, Caio and Martins, Andre FT and Esposito, Fabrizio and Raposo, Vera L{\'u}cia and Morgado, Sofia and others},
  journal={arXiv preprint arXiv:2403.03883},
  year={2024}
}

@article{biomedlm,
  title={Biomedlm: A 2.7 b parameter language model trained on biomedical text},
  author={Bolton, Elliot and Venigalla, Abhinav and Yasunaga, Michihiro and Hall, David and Xiong, Betty and Lee, Tony and Daneshjou, Roxana and Frankle, Jonathan and Liang, Percy and Carbin, Michael and others},
  journal={arXiv preprint arXiv:2403.18421},
  year={2024}
}

@article{finbert,
  title={Finbert: A pretrained language model for financial communications},
  author={Yang, Yi and Uy, Mark Christopher Siy and Huang, Allen},
  journal={arXiv preprint arXiv:2006.08097},
  year={2020}
}

@inproceedings{biosentvec,
  title={BioSentVec: creating sentence embeddings for biomedical texts},
  author={Chen, Qingyu and Peng, Yifan and Lu, Zhiyong},
  booktitle={2019 IEEE International Conference on Healthcare Informatics (ICHI)},
  pages={1--5},
  year={2019},
  organization={IEEE}
}

@article{biowordvec,
  title={BioWordVec, improving biomedical word embeddings with subword information and MeSH},
  author={Zhang, Yijia and Chen, Qingyu and Yang, Zhihao and Lin, Hongfei and Lu, Zhiyong},
  journal={Scientific data},
  volume={6},
  number={1},
  pages={52},
  year={2019},
  publisher={Nature Publishing Group UK London}
}

@inproceedings{pennington-etal-2014-glove,
    title = "{G}lo{V}e: Global Vectors for Word Representation",
    author = "Pennington, Jeffrey  and
      Socher, Richard  and
      Manning, Christopher",
    editor = "Moschitti, Alessandro  and
      Pang, Bo  and
      Daelemans, Walter",
    booktitle = "Proceedings of the 2014 Conference on Empirical Methods in Natural Language Processing ({EMNLP})",
    month = oct,
    year = "2014",
    address = "Doha, Qatar",
    publisher = "Association for Computational Linguistics",
    url = "https://aclanthology.org/D14-1162",
    doi = "10.3115/v1/D14-1162",
    pages = "1532--1543",
}

@article{roberta,
  title={Roberta: A robustly optimized bert pretraining approach},
  author={Liu, Yinhan},
  journal={arXiv preprint arXiv:1907.11692},
  year={2019}
}
@article{word2vec,
  title={Word2Vec},
  author={Church, Kenneth Ward},
  journal={Natural Language Engineering},
  volume={23},
  number={1},
  pages={155--162},
  year={2017},
  publisher={Cambridge University Press}
}

@misc{Gunning,
  title={The technique of clear writing},
  author={Gunning, Robert},
  year={1952},
  publisher={McGraw-Hill}
}

@inproceedings{dependency_distance,
  title={Syntactic dependency distance as sentence complexity measure},
  author={Oya, Masanori},
  booktitle={Proceedings of the 16th International Conference of Pan-Pacific Association of Applied Linguistics},
  volume={1},
  year={2011}
}

@inproceedings{sentence-bert,
  title = "Sentence-BERT: Sentence Embeddings using Siamese BERT-Networks",
  author = "Reimers, Nils and Gurevych, Iryna",
  booktitle = "Proceedings of the 2019 Conference on Empirical Methods in Natural Language Processing",
  month = "11",
  year = "2019",
  publisher = "Association for Computational Linguistics",
  url = "https://arxiv.org/abs/1908.10084",
}

@article{e5,
  title={Improving Text Embeddings with Large Language Models},
  author={Wang, Liang and Yang, Nan and Huang, Xiaolong and Yang, Linjun and Majumder, Rangan and Wei, Furu},
  journal={arXiv preprint arXiv:2401.00368},
  year={2023}
}


@article{t5Encoder,
  title={Exploring the limits of transfer learning with a unified text-to-text transformer},
  author={Raffel, Colin and Shazeer, Noam and Roberts, Adam and Lee, Katherine and Narang, Sharan and Matena, Michael and Zhou, Yanqi and Li, Wei and Liu, Peter J},
  journal={Journal of machine learning research},
  volume={21},
  number={140},
  pages={1--67},
  year={2020}
}

@inproceedings{Bert,
    title = "{BERT}: Pre-training of Deep Bidirectional Transformers for Language Understanding",
    author = "Devlin, Jacob  and
      Chang, Ming-Wei  and
      Lee, Kenton  and
      Toutanova, Kristina",
    editor = "Burstein, Jill  and
      Doran, Christy  and
      Solorio, Thamar",
    booktitle = "Proceedings of the 2019 Conference of the North {A}merican Chapter of the Association for Computational Linguistics: Human Language Technologies, Volume 1 (Long and Short Papers)",
    month = jun,
    year = "2019",
    address = "Minneapolis, Minnesota",
    publisher = "Association for Computational Linguistics",
    doi = "10.18653/v1/N19-1423",
    pages = "4171--4186",
}


@article{qwen2,
  title={Qwen2 technical report},
  author={Yang, An and Yang, Baosong and Hui, Binyuan and Zheng, Bo and Yu, Bowen and Zhou, Chang and Li, Chengpeng and Li, Chengyuan and Liu, Dayiheng and Huang, Fei and others},
  journal={arXiv preprint arXiv:2407.10671},
  year={2024}
}

@article{mistral,
  title={Mistral 7B},
  author={Jiang, Albert Q and Sablayrolles, Alexandre and Mensch, Arthur and Bamford, Chris and Chaplot, Devendra Singh and Casas, Diego de las and Bressand, Florian and Lengyel, Gianna and Lample, Guillaume and Saulnier, Lucile and others},
  journal={arXiv preprint arXiv:2310.06825},
  year={2023}
}

@article{instructor,
  title={One embedder, any task: Instruction-finetuned text embeddings},
  author={Su, Hongjin and Shi, Weijia and Kasai, Jungo and Wang, Yizhong and Hu, Yushi and Ostendorf, Mari and Yih, Wen-tau and Smith, Noah A and Zettlemoyer, Luke and Yu, Tao},
  journal={arXiv preprint arXiv:2212.09741},
  year={2022}
}

@article{gte,
  title={Towards general text embeddings with multi-stage contrastive learning},
  author={Li, Zehan and Zhang, Xin and Zhang, Yanzhao and Long, Dingkun and Xie, Pengjun and Zhang, Meishan},
  journal={arXiv preprint arXiv:2308.03281},
  year={2023}
}


@article{bge_embedding,
      title={C-Pack: Packaged Resources To Advance General Chinese Embedding}, 
      author={Shitao Xiao and Zheng Liu and Peitian Zhang and Niklas Muennighoff},
      year={2023},
      journal={arXiv preprint arXiv:2309.07597},
      archivePrefix={arXiv},
      primaryClass={cs.CL}
}


@inproceedings{fns2022,
    title = "The Financial Narrative Summarisation Shared Task ({FNS} 2022)",
    author = "El-Haj, Mahmoud  and
      Zmandar, Nadhem  and
      Rayson, Paul  and
      AbuRa{'}ed, Ahmed  and
      Litvak, Marina  and
      Pittaras, Nikiforos  and
      Giannakopoulos, George  and
      Kosmopoulos, Aris  and
      Carbajo-Coronado, Blanca  and
      Moreno-Sandoval, Antonio",
    editor = "El-Haj, Mahmoud  and
      Rayson, Paul  and
      Zmandar, Nadhem",
    booktitle = "Proceedings of the 4th Financial Narrative Processing Workshop @LREC2022",
    month = jun,
    year = "2022",
    address = "Marseille, France",
    publisher = "European Language Resources Association",
    pages = "43--52",
}

@article{ectsum,
  title={Ectsum: A new benchmark dataset for bullet point summarization of long earnings call transcripts},
  author={Mukherjee, Rajdeep and Bohra, Abhinav and Banerjee, Akash and Sharma, Soumya and Hegde, Manjunath and Shaikh, Afreen and Shrivastava, Shivani and Dasgupta, Koustuv and Ganguly, Niloy and Ghosh, Saptarshi and others},
  journal={arXiv preprint arXiv:2210.12467},
  year={2022}
}

@inproceedings{headline,
  title={Impact of news on the commodity market: Dataset and results},
  author={Sinha, Ankur and Khandait, Tanmay},
  booktitle={Advances in Information and Communication: Proceedings of the 2021 Future of Information and Communication Conference (FICC), Volume 2},
  pages={589--601},
  year={2021},
  organization={Springer}
}


@inproceedings{v-Measure,
    title = "{V}-Measure: A Conditional Entropy-Based External Cluster Evaluation Measure",
    author = "Rosenberg, Andrew  and
      Hirschberg, Julia",
    editor = "Eisner, Jason",
    booktitle = "Proceedings of the 2007 Joint Conference on Empirical Methods in Natural Language Processing and Computational Natural Language Learning ({EMNLP}-{C}o{NLL})",
    month = jun,
    year = "2007",
    address = "Prague, Czech Republic",
    publisher = "Association for Computational Linguistics",
    pages = "410--420",
}


@inproceedings{Intent_Detection,
    title = "Multilingual and Cross-Lingual Intent Detection from Spoken Data",
    author = "Gerz, Daniela  and
      Su, Pei-Hao  and
      Kusztos, Razvan  and
      Mondal, Avishek  and
      Lis, Micha{\l}  and
      Singhal, Eshan  and
      Mrk{\v{s}}i{\'c}, Nikola  and
      Wen, Tsung-Hsien  and
      Vuli{\'c}, Ivan",
    editor = "Moens, Marie-Francine  and
      Huang, Xuanjing  and
      Specia, Lucia  and
      Yih, Scott Wen-tau",
    booktitle = "Proceedings of the 2021 Conference on Empirical Methods in Natural Language Processing",
    month = nov,
    year = "2021",
    address = "Online and Punta Cana, Dominican Republic",
    publisher = "Association for Computational Linguistics",
    doi = "10.18653/v1/2021.emnlp-main.591",
    pages = "7468--7475",
}

@article{bbt,
  title={Bbt-fin: Comprehensive construction of chinese financial domain pre-trained language model, corpus and benchmark},
  author={Lu, Dakuan and Wu, Hengkui and Liang, Jiaqing and Xu, Yipei and He, Qianyu and Geng, Yipeng and Han, Mengkun and Xin, Yingsi and Xiao, Yanghua},
  journal={arXiv preprint arXiv:2302.09432},
  year={2023}
}


@inproceedings{fomc,
    title = "Trillion Dollar Words: A New Financial Dataset, Task {\&} Market Analysis",
    author = "Shah, Agam  and
      Paturi, Suvan  and
      Chava, Sudheer",
    editor = "Rogers, Anna  and
      Boyd-Graber, Jordan  and
      Okazaki, Naoaki",
    booktitle = "Proceedings of the 61st Annual Meeting of the Association for Computational Linguistics (Volume 1: Long Papers)",
    month = jul,
    year = "2023",
    address = "Toronto, Canada",
    publisher = "Association for Computational Linguistics",
    doi = "10.18653/v1/2023.acl-long.368",
    pages = "6664--6679",
}

@inproceedings{semeval,
    title = "{S}em{E}val-2017 Task 5: Fine-Grained Sentiment Analysis on Financial Microblogs and News",
    author = "Cortis, Keith  and
      Freitas, Andr{\'e}  and
      Daudert, Tobias  and
      Huerlimann, Manuela  and
      Zarrouk, Manel  and
      Handschuh, Siegfried  and
      Davis, Brian",
    editor = "Bethard, Steven  and
      Carpuat, Marine  and
      Apidianaki, Marianna  and
      Mohammad, Saif M.  and
      Cer, Daniel  and
      Jurgens, David",
    booktitle = "Proceedings of the 11th International Workshop on Semantic Evaluation ({S}em{E}val-2017)",
    month = aug,
    year = "2017",
    address = "Vancouver, Canada",
    publisher = "Association for Computational Linguistics",
    url = "https://aclanthology.org/S17-2089",
    doi = "10.18653/v1/S17-2089",
    pages = "519--535",
}

@article{fpb,
  title={Good debt or bad debt: Detecting semantic orientations in economic texts},
  author={Malo, Pekka and Sinha, Ankur and Korhonen, Pekka and Wallenius, Jyrki and Takala, Pyry},
  journal={Journal of the Association for Information Science and Technology},
  volume={65},
  number={4},
  pages={782--796},
  year={2014},
  publisher={Wiley Online Library}
}


@article{hpc3,
  title={How close is chatgpt to human experts? comparison corpus, evaluation, and detection},
  author={Guo, Biyang and Zhang, Xin and Wang, Ziyuan and Jiang, Minqi and Nie, Jinran and Ding, Yuxuan and Yue, Jianwei and Wu, Yupeng},
  journal={arXiv preprint arXiv:2301.07597},
  year={2023}
}

@inproceedings{company_descriptions,
    title = "Generation of Company descriptions using concept-to-text and text-to-text deep models: dataset collection and systems evaluation",
    author = "Qader, Raheel  and
      Jneid, Khoder  and
      Portet, Fran{\c{c}}ois  and
      Labb{\'e}, Cyril",
    editor = "Krahmer, Emiel  and
      Gatt, Albert  and
      Goudbeek, Martijn",
    booktitle = "Proceedings of the 11th International Conference on Natural Language Generation",
    month = nov,
    year = "2018",
    address = "Tilburg University, The Netherlands",
    publisher = "Association for Computational Linguistics",
    url = "https://aclanthology.org/W18-6532",
    doi = "10.18653/v1/W18-6532",
    pages = "254--263",
}

@inproceedings{trade,
    title = "Trade the Event: Corporate Events Detection for News-Based Event-Driven Trading",
    author = "Zhou, Zhihan  and
      Ma, Liqian  and
      Liu, Han",
    editor = "Zong, Chengqing  and
      Xia, Fei  and
      Li, Wenjie  and
      Navigli, Roberto",
    booktitle = "Findings of the Association for Computational Linguistics: ACL-IJCNLP 2021",
    month = aug,
    year = "2021",
    address = "Online",
    publisher = "Association for Computational Linguistics",
    doi = "10.18653/v1/2021.findings-acl.186",
    pages = "2114--2124",
}
@article{oord2018infonce,
  title={Representation learning with contrastive predictive coding},
  author={Oord, Aaron van den and Li, Yazhe and Vinyals, Oriol},
  journal={arXiv preprint arXiv:1807.03748},
  year={2018}
}
@inproceedings{malandri-etal-2025-fin,
    title = "{RE}-{FIN}: Retrieval-based Enrichment for Financial data",
    author = "Malandri, Lorenzo  and
      Mercorio, Fabio  and
      Mezzanzanica, Mario  and
      Pallucchini, Filippo",
    editor = "Rambow, Owen  and
      Wanner, Leo  and
      Apidianaki, Marianna  and
      Al-Khalifa, Hend  and
      Eugenio, Barbara Di  and
      Schockaert, Steven  and
      Darwish, Kareem  and
      Agarwal, Apoorv",
    booktitle = "Proceedings of the 31st International Conference on Computational Linguistics: Industry Track",
    month = jan,
    year = "2025",
    address = "Abu Dhabi, UAE",
    publisher = "Association for Computational Linguistics",
    url = "https://aclanthology.org/2025.coling-industry.62/",
    pages = "751--759",
}
@article{echo,
  title={Repetition improves language model embeddings},
  author={Springer, Jacob Mitchell and Kotha, Suhas and Fried, Daniel and Neubig, Graham and Raghunathan, Aditi},
  journal={arXiv preprint arXiv:2402.15449},
  year={2024}
}

@article{siriwardhana-etal-2023-improving,
    title = "Improving the Domain Adaptation of Retrieval Augmented Generation ({RAG}) Models for Open Domain Question Answering",
    author = "Siriwardhana, Shamane  and
      Weerasekera, Rivindu  and
      Wen, Elliott  and
      Kaluarachchi, Tharindu  and
      Rana, Rajib  and
      Nanayakkara, Suranga",
    journal = "Transactions of the Association for Computational Linguistics",
    volume = "11",
    year = "2023",
    address = "Cambridge, MA",
    publisher = "MIT Press",
    url = "https://aclanthology.org/2023.tacl-1.1/",
    doi = "10.1162/tacl_a_00530",
    pages = "1--17",
}

@inproceedings{zhao-etal-2024-optimizing,
    title = "Optimizing {LLM} Based Retrieval Augmented Generation Pipelines in the Financial Domain",
    author = "Zhao, Yiyun  and
      Singh, Prateek  and
      Bhathena, Hanoz  and
      Ramos, Bernardo  and
      Joshi, Aviral  and
      Gadiyaram, Swaroop  and
      Sharma, Saket",
    editor = "Yang, Yi  and
      Davani, Aida  and
      Sil, Avi  and
      Kumar, Anoop",
    booktitle = "Proceedings of the 2024 Conference of the North American Chapter of the Association for Computational Linguistics: Human Language Technologies (Volume 6: Industry Track)",
    month = jun,
    year = "2024",
    address = "Mexico City, Mexico",
    publisher = "Association for Computational Linguistics",
    url = "https://aclanthology.org/2024.naacl-industry.23/",
    doi = "10.18653/v1/2024.naacl-industry.23",
    pages = "279--294",
}

@misc{openai_chat,
      title={OpenAI (August 24 version)}, 
      author={OpenAI},
      year = "2024",
      note  = {\url{https://api.openai.com/v1/chat}}
}

@misc{openai_embedding,
      title={OpenAI (August 24 version)}, 
      author={OpenAI},
      year = "2024",
      note  = {\url{https://api.openai.com/v1/embeddings}}
}

@misc{voyage,
      title={VoyageAI (Jan 25 version)}, 
      author={VoyageAI},
      year = "2025",
      note  = {\url{https://api.voyageai.com/v1/embeddings}}
}

@misc{cfpb,
      title={Consumer Finance Complaints}, 
      author={CFPB},
      year = "2024",
      note  = {\url{https://huggingface.co/datasets/CFPB/consumer-finance-complaints}}
}

@misc{CCKS,
      title={CCKS2022: FEW-SHOT event extraction for the financial sector}, 
      author={CCKS},
      year = "2022",
      note  = {\url{https://www.biendata.xyz/competition/ccks2022_eventext/}}
}

@misc{FiQA,
      title={Financial question answering.}, 
      author={FiQA},
      year = "2018",
      note  = {\url{https://sites.google.com/view/fiqa}}
}

@article{financebench,
  title={Financebench: A new benchmark for financial question answering},
  author={Islam, Pranab and Kannappan, Anand and Kiela, Douwe and Qian, Rebecca and Scherrer, Nino and Vidgen, Bertie},
  journal={arXiv preprint arXiv:2311.11944},
  year={2023}
}

@inproceedings{bq-corpus,
    title = "The {BQ} Corpus: A Large-scale Domain-specific {C}hinese Corpus For Sentence Semantic Equivalence Identification",
    author = "Chen, Jing  and
      Chen, Qingcai  and
      Liu, Xin  and
      Yang, Haijun  and
      Lu, Daohe  and
      Tang, Buzhou",
    editor = "Riloff, Ellen  and
      Chiang, David  and
      Hockenmaier, Julia  and
      Tsujii, Jun{'}ichi",
    booktitle = "Proceedings of the 2018 Conference on Empirical Methods in Natural Language Processing",
    month = oct # "-" # nov,
    year = "2018",
    address = "Brussels, Belgium",
    publisher = "Association for Computational Linguistics",
    doi = "10.18653/v1/D18-1536",
    pages = "4946--4951",
}

@inproceedings{final,
    title = "A Compare-and-contrast Multistage Pipeline for Uncovering Financial Signals in Financial Reports",
    author = "Ju, Jia-Huei  and
      Huang, Yu-Shiang  and
      Lin, Cheng-Wei  and
      Lin, Che  and
      Wang, Chuan-Ju",
    editor = "Rogers, Anna  and
      Boyd-Graber, Jordan  and
      Okazaki, Naoaki",
    booktitle = "Proceedings of the 61st Annual Meeting of the Association for Computational Linguistics (Volume 1: Long Papers)",
    month = jul,
    year = "2023",
    address = "Toronto, Canada",
    publisher = "Association for Computational Linguistics",
    doi = "10.18653/v1/2023.acl-long.800",
    pages = "14307--14321",
}

@inproceedings{finsts,
    title = "Beyond Surface Similarity: Detecting Subtle Semantic Shifts in Financial Narratives",
    author = "Liu, Jiaxin  and
      Yang, Yi  and
      Tam, Kar Yan",
    editor = "Duh, Kevin  and
      Gomez, Helena  and
      Bethard, Steven",
    booktitle = "Findings of the Association for Computational Linguistics: NAACL 2024",
    month = jun,
    year = "2024",
    address = "Mexico City, Mexico",
    publisher = "Association for Computational Linguistics",
    doi = "10.18653/v1/2024.findings-naacl.168",
    pages = "2641--2652",
}

@misc{SFR-embedding-2,
  title={SFR-Embedding-2: Advanced Text Embedding with Multi-stage Training},
  author={Rui Meng and Ye Liu and Shafiq Rayhan Joty and Caiming Xiong and Yingbo Zhou and Semih Yavuz},
  year={2024},
  url={https://huggingface.co/Salesforce/SFR-Embedding-2_R}
}


@article{NV-Embed,
  title={NV-Embed: Improved Techniques for Training LLMs as Generalist Embedding Models},
  author={Lee, Chankyu and Roy, Rajarshi and Xu, Mengyao and Raiman, Jonathan and Shoeybi, Mohammad and Catanzaro, Bryan and Ping, Wei},
  journal={arXiv preprint arXiv:2405.17428},
  year={2024}
}

@article{cmteb,
  title={C-pack: Packaged resources to advance general chinese embedding},
  author={Xiao, Shitao and Liu, Zheng and Zhang, Peitian and Muennighof, Niklas},
  journal={arXiv preprint arXiv:2309.07597},
  year={2023}
}

@inproceedings{
    beir,
    title={{BEIR}: A Heterogeneous Benchmark for Zero-shot Evaluation of Information Retrieval Models},
    author={Nandan Thakur and Nils Reimers and Andreas R{\"u}ckl{\'e} and Abhishek Srivastava and Iryna Gurevych},
    booktitle={Thirty-fifth Conference on Neural Information Processing Systems Datasets and Benchmarks Track (Round 2)},
    year={2021},
}

@inproceedings{gururangan-etal-2020-dont,
    title = "Don`t Stop Pretraining: Adapt Language Models to Domains and Tasks",
    author = "Gururangan, Suchin  and
      Marasovi{\'c}, Ana  and
      Swayamdipta, Swabha  and
      Lo, Kyle  and
      Beltagy, Iz  and
      Downey, Doug  and
      Smith, Noah A.",
    editor = "Jurafsky, Dan  and
      Chai, Joyce  and
      Schluter, Natalie  and
      Tetreault, Joel",
    booktitle = "Proceedings of the 58th Annual Meeting of the Association for Computational Linguistics",
    month = jul,
    year = "2020",
    address = "Online",
    publisher = "Association for Computational Linguistics",
    url = "https://aclanthology.org/2020.acl-main.740/",
    doi = "10.18653/v1/2020.acl-main.740",
    pages = "8342--8360",
}

@article{privatereasoning,
  title={Reasoning over public and private data in retrieval-based systems},
  author={Arora, Simran and Lewis, Patrick and Fan, Angela and Kahn, Jacob and R{\'e}, Christopher},
  journal={Transactions of the Association for Computational Linguistics},
  volume={11},
  pages={902--921},
  year={2023},
  publisher={MIT Press One Broadway, 12th Floor, Cambridge, Massachusetts 02142, USA~…}
}

@article{mteb,
  title={MTEB: Massive text embedding benchmark},
  author={Muennighoff, Niklas and Tazi, Nouamane and Magne, Lo{\"\i}c and Reimers, Nils},
  journal={arXiv preprint arXiv:2210.07316},
  year={2022}
}

@article{activeRAG,
  title={Active retrieval augmented generation},
  author={Jiang, Zhengbao and Xu, Frank F and Gao, Luyu and Sun, Zhiqing and Liu, Qian and Dwivedi-Yu, Jane and Yang, Yiming and Callan, Jamie and Neubig, Graham},
  journal={arXiv preprint arXiv:2305.06983},
  year={2023}
}

@article{Ares,
  title={Ares: An automated evaluation framework for retrieval-augmented generation systems},
  author={Saad-Falcon, Jon and Khattab, Omar and Potts, Christopher and Zaharia, Matei},
  journal={arXiv preprint arXiv:2311.09476},
  year={2023}
}

@article{rageval,
  title={RAGEval: Scenario Specific RAG Evaluation Dataset Generation Framework},
  author={Zhu, Kunlun and Luo, Yifan and Xu, Dingling and Wang, Ruobing and Yu, Shi and Wang, Shuo and Yan, Yukun and Liu, Zhenghao and Han, Xu and Liu, Zhiyuan and others},
  journal={arXiv preprint arXiv:2408.01262},
  year={2024}
}