@article{ref15,
  title={BENDR: Using transformers and a contrastive self-supervised learning task to learn from massive amounts of EEG data},
  author={Kostas, Demetres and Aroca-Ouellette, Stephane and Rudzicz, Frank},
  journal={Frontiers in Human Neuroscience},
  volume={15},
  pages={653659},
  year={2021},
  publisher={Frontiers Media SA}
}

@article{ref16,
  title={Self-supervised eeg representation learning for automatic sleep staging.},
  author={Yang, C and Xiao, D and Westover, MB and Sun, J},
  journal={arXiv preprint arXiv:2110.15278},
  year={2021},
}

@article{ref17,
  title={Time-series representation learning via temporal and contextual contrasting},
  author={Eldele, Emadeldeen and Ragab, Mohamed and Chen, Zhenghua and Wu, Min and Kwoh, Chee Keong and Li, Xiaoli and Guan, Cuntai},
  journal={arXiv preprint arXiv:2106.14112},
  year={2021}
}

@inproceedings{ref18,
  title={mulEEG: a multi-view representation learning on EEG signals},
  author={Kumar, Vamsi and Reddy, Likith and Kumar Sharma, Shivam and Dadi, Kamalaker and Yarra, Chiranjeevi and Bapi, Raju S and Rajendran, Srijithesh},
  booktitle={International Conference on Medical Image Computing and Computer-Assisted Intervention},
  pages={398--407},
  year={2022},
  organization={Springer}
}

@article{ref19,
  title={NeuroNet: A Novel Hybrid Self-Supervised Learning Framework for Sleep Stage Classification Using Single-Channel EEG},
  author={Lee, Cheol-Hui and Kim, Hakseung and Han, Hyun-jee and Jung, Min-Kyung and Yoon, Byung C and Kim, Dong-Joo},
  journal={arXiv preprint arXiv:2404.17585},
  year={2024}
}

@article{ref20,
  title={Multi-view Consistency Contrastive Learning with Hard Positives for Sleep Signals},
  author={Deng, Jiaoxue and Lin, Youfang and Jin, Xiyuan and Ning, Xiaojun and Wang, Jing},
  journal={IEEE Signal Processing Letters},
  year={2023},
  publisher={IEEE}
}

@article{ref21,
  title={Cocoa: Cross modality contrastive learning for sensor data},
  author={Deldari, Shohreh and Xue, Hao and Saeed, Aaqib and Smith, Daniel V and Salim, Flora D},
  journal={Proceedings of the ACM on Interactive, Mobile, Wearable and Ubiquitous Technologies},
  volume={6},
  number={3},
  pages={1--28},
  year={2022},
  publisher={ACM New York, NY, USA}
}

@inproceedings{ref22,
  title={Crossl: Cross-modal self-supervised learning for time-series through latent masking},
  author={Deldari, Shohreh and Spathis, Dimitris and Malekzadeh, Mohammad and Kawsar, Fahim and Salim, Flora D and Mathur, Akhil},
  booktitle={Proceedings of the 17th ACM International Conference on Web Search and Data Mining},
  pages={152--160},
  year={2024}
}

@article{ref23,
  title={SleepFM: Multi-modal Representation Learning for Sleep Across Brain Activity, ECG and Respiratory Signals},
  author={Thapa, Rahul and He, Bryan and Kjaer, Magnus Ruud and Moore, Hyatt and Ganjoo, Gauri and Mignot, Emmanuel and Zou, James},
  journal={arXiv preprint arXiv:2405.17766},
  year={2024}
}

