@article{ref1,
  title={Clues to the functions of mammalian sleep},
  author={Siegel, Jerome M},
  journal={Nature},
  volume={437},
  number={7063},
  pages={1264--1271},
  year={2005},
  publisher={Nature Publishing Group UK London}
}

@article{ref2,
  title={Insights from studying human sleep disorders},
  author={Mahowald, Mark W and Schenck, Carlos H},
  journal={Nature},
  volume={437},
  number={7063},
  pages={1279--1285},
  year={2005},
  publisher={Nature Publishing Group UK London}
}

@article{ref3,
  title={An overview of polysomnography},
  author={Keenan, Sharon A},
  journal={Handbook of clinical neurophysiology},
  volume={6},
  pages={33--50},
  year={2005},
  publisher={Elsevier}
}

@article{ref4,
  title={An attention-based deep learning approach for sleep stage classification with single-channel EEG},
  author={Eldele, Emadeldeen and Chen, Zhenghua and Liu, Chengyu and Wu, Min and Kwoh, Chee-Keong and Li, Xiaoli and Guan, Cuntai},
  journal={IEEE Transactions on Neural Systems and Rehabilitation Engineering},
  volume={29},
  pages={809--818},
  year={2021},
  publisher={IEEE}
}

@article{ref5,
  title={SleepExpertNet: high-performance and class-balanced deep learning approach inspired from the expert neurologists for sleep stage classification},
  author={Lee, Choel-Hui and Kim, Hyun-Ji and Kim, Young-Tak and Kim, Hakseung and Kim, Jung-Bin and Kim, Dong-Joo},
  journal={Journal of Ambient Intelligence and Humanized Computing},
  volume={14},
  number={6},
  pages={8067--8083},
  year={2023},
  publisher={Springer}
}

@article{ref6,
  title={SleepPrintNet: A multivariate multimodal neural network based on physiological time-series for automatic sleep staging},
  author={Jia, Ziyu and Cai, Xiyang and Zheng, Gaoxing and Wang, Jing and Lin, Youfang},
  journal={IEEE Transactions on Artificial Intelligence},
  volume={1},
  number={3},
  pages={248--257},
  year={2020},
  publisher={IEEE}
}

@article{ref7,
  title={RAFNet: Restricted attention fusion network for sleep apnea detection},
  author={Chen, Ying and Yue, Huijun and Zou, Ruifeng and Lei, Wenbin and Ma, Wenjun and Fan, Xiaomao},
  journal={Neural Networks},
  volume={162},
  pages={571--580},
  year={2023},
  publisher={Elsevier}
}

@article{ref8,
  title={U-Sleep: resilient high-frequency sleep staging},
  author={Perslev, Mathias and Darkner, Sune and Kempfner, Lykke and Nikolic, Miki and Jennum, Poul J{\o}rgen and Igel, Christian},
  journal={NPJ digital medicine},
  volume={4},
  number={1},
  pages={72},
  year={2021},
  publisher={Nature Publishing Group UK London}
}

@article{ref9,
  title={SalientSleepNet: Multimodal salient wave detection network for sleep staging.},
  author={Jia, Z and Lin, Y and Wang, J and Wang, X and Xie, P and Zhang, Y},
  journal={arXiv preprint arXiv:2105.13864},
  year={2021},
}

@article{ref10,
  title={XSleepNet: Multi-view sequential model for automatic sleep staging},
  author={Phan, Huy and Ch{\'e}n, Oliver Y and Tran, Minh C and Koch, Philipp and Mertins, Alfred and De Vos, Maarten},
  journal={IEEE Transactions on Pattern Analysis and Machine Intelligence},
  volume={44},
  number={9},
  pages={5903--5915},
  year={2021},
  publisher={IEEE}
}

@article{ref11,
  title={MMASleepNet: A multimodal attention network based on electrophysiological signals for automatic sleep staging},
  author={Yubo, Zheng and Yingying, Luo and Bing, Zou and Lin, Zhang and Lei, Li},
  journal={Frontiers in Neuroscience},
  volume={16},
  pages={973761},
  year={2022},
  publisher={Frontiers Media SA}
}

@article{ref12,
  title={DynamicSleepNet: A multi-exit neural network with adaptive inference time for sleep stage classification},
  author={Wenjian, Wang and Qian, Xiao and Jun, Xue and Zhikun, Hu},
  journal={Frontiers in Physiology},
  volume={14},
  pages={1171467},
  year={2023},
  publisher={Frontiers Media SA}
}

@article{ref13,
  title={Intra-and inter-epoch temporal context network (IITNet) using sub-epoch features for automatic sleep scoring on raw single-channel EEG},
  author={Seo, Hogeon and Back, Seunghyeok and Lee, Seongju and Park, Deokhwan and Kim, Tae and Lee, Kyoobin},
  journal={Biomedical signal processing and control},
  volume={61},
  pages={102037},
  year={2020},
  publisher={Elsevier}
}

@article{ref14,
  title={Sleep arousal detection for monitoring of sleep disorders using one-dimensional convolutional neural network-based U-Net and bio-signals},
  author={Mishra, Priya and Swetapadma, Aleena},
  journal={Data Technologies and Applications},
  year={2024},
  publisher={Emerald Publishing Limited}
}

@article{ref15,
  title={BENDR: Using transformers and a contrastive self-supervised learning task to learn from massive amounts of EEG data},
  author={Kostas, Demetres and Aroca-Ouellette, Stephane and Rudzicz, Frank},
  journal={Frontiers in Human Neuroscience},
  volume={15},
  pages={653659},
  year={2021},
  publisher={Frontiers Media SA}
}

@article{ref16,
  title={Self-supervised eeg representation learning for automatic sleep staging.},
  author={Yang, C and Xiao, D and Westover, MB and Sun, J},
  journal={arXiv preprint arXiv:2110.15278},
  year={2021},
}

@article{ref17,
  title={Time-series representation learning via temporal and contextual contrasting},
  author={Eldele, Emadeldeen and Ragab, Mohamed and Chen, Zhenghua and Wu, Min and Kwoh, Chee Keong and Li, Xiaoli and Guan, Cuntai},
  journal={arXiv preprint arXiv:2106.14112},
  year={2021}
}

@inproceedings{ref18,
  title={mulEEG: a multi-view representation learning on EEG signals},
  author={Kumar, Vamsi and Reddy, Likith and Kumar Sharma, Shivam and Dadi, Kamalaker and Yarra, Chiranjeevi and Bapi, Raju S and Rajendran, Srijithesh},
  booktitle={International Conference on Medical Image Computing and Computer-Assisted Intervention},
  pages={398--407},
  year={2022},
  organization={Springer}
}

@article{ref19,
  title={NeuroNet: A Novel Hybrid Self-Supervised Learning Framework for Sleep Stage Classification Using Single-Channel EEG},
  author={Lee, Cheol-Hui and Kim, Hakseung and Han, Hyun-jee and Jung, Min-Kyung and Yoon, Byung C and Kim, Dong-Joo},
  journal={arXiv preprint arXiv:2404.17585},
  year={2024}
}

@article{ref20,
  title={Multi-view Consistency Contrastive Learning with Hard Positives for Sleep Signals},
  author={Deng, Jiaoxue and Lin, Youfang and Jin, Xiyuan and Ning, Xiaojun and Wang, Jing},
  journal={IEEE Signal Processing Letters},
  year={2023},
  publisher={IEEE}
}

@article{ref21,
  title={Cocoa: Cross modality contrastive learning for sensor data},
  author={Deldari, Shohreh and Xue, Hao and Saeed, Aaqib and Smith, Daniel V and Salim, Flora D},
  journal={Proceedings of the ACM on Interactive, Mobile, Wearable and Ubiquitous Technologies},
  volume={6},
  number={3},
  pages={1--28},
  year={2022},
  publisher={ACM New York, NY, USA}
}

@inproceedings{ref22,
  title={Crossl: Cross-modal self-supervised learning for time-series through latent masking},
  author={Deldari, Shohreh and Spathis, Dimitris and Malekzadeh, Mohammad and Kawsar, Fahim and Salim, Flora D and Mathur, Akhil},
  booktitle={Proceedings of the 17th ACM International Conference on Web Search and Data Mining},
  pages={152--160},
  year={2024}
}

@article{ref23,
  title={SleepFM: Multi-modal Representation Learning for Sleep Across Brain Activity, ECG and Respiratory Signals},
  author={Thapa, Rahul and He, Bryan and Kjaer, Magnus Ruud and Moore, Hyatt and Ganjoo, Gauri and Mignot, Emmanuel and Zou, James},
  journal={arXiv preprint arXiv:2405.17766},
  year={2024}
}

@article{ref24,
  title={The visual scoring of sleep in adults},
  author={Silber, Michael H and Ancoli-Israel, Sonia and Bonnet, Michael H and Chokroverty, Sudhansu and Grigg-Damberger, Madeleine M and Hirshkowitz, Max and Kapen, Sheldon and Keenan, Sharon A and Kryger, Meir H and Penzel, Thomas and others},
  journal={Journal of clinical sleep medicine},
  volume={3},
  number={02},
  pages={121--131},
  year={2007}
}

@inproceedings{ref25,
  title={Masked autoencoders are scalable vision learners},
  author={He, Kaiming and Chen, Xinlei and Xie, Saining and Li, Yanghao and Doll{\'a}r, Piotr and Girshick, Ross},
  booktitle={Proceedings of the IEEE/CVF conference on computer vision and pattern recognition},
  pages={16000--16009},
  year={2022}
}

@article{ref26,
  title={A simple, efficient and scalable contrastive masked autoencoder for learning visual representations},
  author={Mishra, Shlok and Robinson, Joshua and Chang, Huiwen and Jacobs, David and Sarna, Aaron and Maschinot, Aaron and Krishnan, Dilip},
  journal={arXiv preprint arXiv:2210.16870},
  year={2022}
}

@inproceedings{ref27,
  title={Multimae: Multi-modal multi-task masked autoencoders},
  author={Bachmann, Roman and Mizrahi, David and Atanov, Andrei and Zamir, Amir},
  booktitle={European Conference on Computer Vision},
  pages={348--367},
  year={2022},
  organization={Springer}
}

@article{ref28,
  title={Lora: Low-rank adaptation of large language models},
  author={Hu, Edward J and Shen, Yelong and Wallis, Phillip and Allen-Zhu, Zeyuan and Li, Yuanzhi and Wang, Shean and Wang, Lu and Chen, Weizhu},
  journal={arXiv preprint arXiv:2106.09685},
  year={2021}
}

@article{ref29,
  title={An image is worth 16x16 words: Transformers for image recognition at scale},
  author={Dosovitskiy, Alexey},
  journal={arXiv preprint arXiv:2010.11929},
  year={2020}
}

@article{ref30,
  title={Improved deep metric learning with multi-class n-pair loss objective},
  author={Sohn, Kihyuk},
  journal={Advances in neural information processing systems},
  volume={29},
  year={2016}
}

@article{ref31,
  title={Mamba: Linear-time sequence modeling with selective state spaces},
  author={Gu, Albert and Dao, Tri},
  journal={arXiv preprint arXiv:2312.00752},
  year={2023}
}

@article{ref32,
  title={Transformers are SSMs: Generalized models and efficient algorithms through structured state space duality},
  author={Dao, Tri and Gu, Albert},
  journal={arXiv preprint arXiv:2405.21060},
  year={2024}
}

@article{ref33,
  title={The National Sleep Research Resource: towards a sleep data commons},
  author={Zhang, Guo-Qiang and Cui, Licong and Mueller, Remo and Tao, Shiqiang and Kim, Matthew and Rueschman, Michael and Mariani, Sara and Mobley, Daniel and Redline, Susan},
  journal={Journal of the American Medical Informatics Association},
  volume={25},
  number={10},
  pages={1351--1358},
  year={2018},
  publisher={Oxford University Press}
}