@inproceedings{avrahami2022blended,
  title={Blended diffusion for text-driven editing of natural images},
  author={Avrahami, Omri and Lischinski, Dani and Fried, Ohad},
  booktitle={Proceedings of the IEEE/CVF Conference on Computer Vision and Pattern Recognition},
  pages={18208--18218},
  year={2022}
}

@inproceedings{bertalmio2000image,
  title={Image inpainting},
  author={Bertalmio, Marcelo and Sapiro, Guillermo and Caselles, Vincent and Ballester, Coloma},
  booktitle={Proceedings of the 27th annual conference on Computer graphics and interactive techniques},
  pages={417--424},
  year={2000}
}

@inproceedings{brooks2023instructpix2pix,
  title={Instructpix2pix: Learning to follow image editing instructions},
  author={Brooks, Tim and Holynski, Aleksander and Efros, Alexei A},
  booktitle={Proceedings of the IEEE/CVF Conference on Computer Vision and Pattern Recognition},
  pages={18392--18402},
  year={2023}
}

@article{couairon2022diffedit,
  title={Diffedit: Diffusion-based semantic image editing with mask guidance},
  author={Couairon, Guillaume and Verbeek, Jakob and Schwenk, Holger and Cord, Matthieu},
  journal={arXiv preprint arXiv:2210.11427},
  year={2022}
}

@inproceedings{criminisi2003object,
  title={Object removal by exemplar-based inpainting},
  author={Criminisi, Antonio and Perez, Patrick and Toyama, Kentaro},
  booktitle={2003 IEEE Computer Society Conference on Computer Vision and Pattern Recognition, 2003. Proceedings.},
  volume={2},
  pages={II--II},
  year={2003},
  organization={IEEE}
}

@article{dalva2024fluxspace,
  title={FluxSpace: Disentangled Semantic Editing in Rectified Flow Transformers},
  author={Dalva, Yusuf and Venkatesh, Kavana and Yanardag, Pinar},
  journal={arXiv preprint arXiv:2412.09611},
  year={2024}
}

@inproceedings{dong2022incremental,
  title={Incremental transformer structure enhanced image inpainting with masking positional encoding},
  author={Dong, Qiaole and Cao, Chenjie and Fu, Yanwei},
  booktitle={Proceedings of the IEEE/CVF Conference on Computer Vision and Pattern Recognition},
  pages={11358--11368},
  year={2022}
}

@inproceedings{esser2021taming,
  title={Taming transformers for high-resolution image synthesis},
  author={Esser, Patrick and Rombach, Robin and Ommer, Bjorn},
  booktitle={Proceedings of the IEEE/CVF conference on computer vision and pattern recognition},
  pages={12873--12883},
  year={2021}
}

@inproceedings{esser2024scaling,
  title={Scaling rectified flow transformers for high-resolution image synthesis},
  author={Esser, Patrick and Kulal, Sumith and Blattmann, Andreas and Entezari, Rahim and M{\"u}ller, Jonas and Saini, Harry and Levi, Yam and Lorenz, Dominik and Sauer, Axel and Boesel, Frederic and others},
  booktitle={Forty-first International Conference on Machine Learning},
  year={2024}
}

@misc{flux2024,
    author={Black Forest Labs},
    title={FLUX},
    year={2024},
    howpublished={\url{https://github.com/black-forest-labs/flux}},
}

@misc{fluxfill2024,
    author={Black Forest Labs},
    title={FLUX.Fill},
    year={2024},
    howpublished={\url{https://huggingface.co/black-forest-labs/FLUX.1-Fill-dev}},
}

@article{gal2022image,
  title={An image is worth one word: Personalizing text-to-image generation using textual inversion},
  author={Gal, Rinon and Alaluf, Yuval and Atzmon, Yuval and Patashnik, Or and Bermano, Amit H and Chechik, Gal and Cohen-Or, Daniel},
  journal={arXiv preprint arXiv:2208.01618},
  year={2022}
}

@article{ge2022domain,
  title={Domain adaptation via prompt learning},
  author={Ge, Chunjiang and Huang, Rui and Xie, Mixue and Lai, Zihang and Song, Shiji and Li, Shuang and Huang, Gao},
  journal={arXiv preprint arXiv:2202.06687},
  year={2022}
}

@article{hays2007scene,
  title={Scene completion using millions of photographs},
  author={Hays, James and Efros, Alexei A},
  journal={ACM Transactions on Graphics (ToG)},
  volume={26},
  number={3},
  pages={4--es},
  year={2007},
  publisher={ACM New York, NY, USA}
}

@article{hertz2022prompt,
  title={Prompt-to-prompt image editing with cross attention control},
  author={Hertz, Amir and Mokady, Ron and Tenenbaum, Jay and Aberman, Kfir and Pritch, Yael and Cohen-Or, Daniel},
  journal={arXiv preprint arXiv:2208.01626},
  year={2022}
}

@article{ho2020denoising,
  title={Denoising diffusion probabilistic models},
  author={Ho, Jonathan and Jain, Ajay and Abbeel, Pieter},
  journal={Advances in Neural Information Processing Systems},
  volume={33},
  pages={6840--6851},
  year={2020}
}

@inproceedings{houlsby2019parameter,
  title={Parameter-efficient transfer learning for NLP},
  author={Houlsby, Neil and Giurgiu, Andrei and Jastrzebski, Stanislaw and Morrone, Bruna and De Laroussilhe, Quentin and Gesmundo, Andrea and Attariyan, Mona and Gelly, Sylvain},
  booktitle={International Conference on Machine Learning},
  pages={2790--2799},
  year={2019},
  organization={PMLR}
}

@article{hu2021lora,
  title={Lora: Low-rank adaptation of large language models},
  author={Hu, Edward J and Shen, Yelong and Wallis, Phillip and Allen-Zhu, Zeyuan and Li, Yuanzhi and Wang, Shean and Wang, Lu and Chen, Weizhu},
  journal={arXiv preprint arXiv:2106.09685},
  year={2021}
}

@article{huang2023region,
  title={Region-aware diffusion for zero-shot text-driven image editing},
  author={Huang, Nisha and Tang, Fan and Dong, Weiming and Lee, Tong-Yee and Xu, Changsheng},
  journal={arXiv preprint arXiv:2302.11797},
  year={2023}
}

@inproceedings{jia2022visual,
  title={Visual prompt tuning},
  author={Jia, Menglin and Tang, Luming and Chen, Bor-Chun and Cardie, Claire and Belongie, Serge and Hariharan, Bharath and Lim, Ser-Nam},
  booktitle={Computer Vision--ECCV 2022: 17th European Conference, Tel Aviv, Israel, October 23--27, 2022, Proceedings, Part XXXIII},
  pages={709--727},
  year={2022},
  organization={Springer}
}

@article{kulikov2024flowedit,
  title={FlowEdit: Inversion-Free Text-Based Editing Using Pre-Trained Flow Models},
  author={Kulikov, Vladimir and Kleiner, Matan and Huberman-Spiegelglas, Inbar and Michaeli, Tomer},
  journal={arXiv preprint arXiv:2412.08629},
  year={2024}
}

@article{lester2021power,
  title={The power of scale for parameter-efficient prompt tuning},
  author={Lester, Brian and Al-Rfou, Rami and Constant, Noah},
  journal={arXiv preprint arXiv:2104.08691},
  year={2021}
}

@inproceedings{li2022mat,
  title={Mat: Mask-aware transformer for large hole image inpainting},
  author={Li, Wenbo and Lin, Zhe and Zhou, Kun and Qi, Lu and Wang, Yi and Jia, Jiaya},
  booktitle={Proceedings of the IEEE/CVF conference on computer vision and pattern recognition},
  pages={10758--10768},
  year={2022}
}

@article{li2023gligen,
  title={GLIGEN: Open-Set Grounded Text-to-Image Generation},
  author={Li, Yuheng and Liu, Haotian and Wu, Qingyang and Mu, Fangzhou and Yang, Jianwei and Gao, Jianfeng and Li, Chunyuan and Lee, Yong Jae},
  journal={arXiv preprint arXiv:2301.07093},
  year={2023}
}

@inproceedings{li2024zone,
  title={Zone: Zero-shot instruction-guided local editing},
  author={Li, Shanglin and Zeng, Bohan and Feng, Yutang and Gao, Sicheng and Liu, Xiuhui and Liu, Jiaming and Li, Lin and Tang, Xu and Hu, Yao and Liu, Jianzhuang and others},
  booktitle={Proceedings of the IEEE/CVF Conference on Computer Vision and Pattern Recognition},
  pages={6254--6263},
  year={2024}
}

@article{liao2023rethinking,
  title={Rethinking Visual Prompt Learning as Masked Visual Token Modeling},
  author={Liao, Ning and Shi, Bowen and Cao, Min and Zhang, Xiaopeng and Tian, Qi and Yan, Junchi},
  journal={arXiv preprint arXiv:2303.04998},
  year={2023}
}

@article{liu2021gpt,
  title={GPT understands, too},
  author={Liu, Xiao and Zheng, Yanan and Du, Zhengxiao and Ding, Ming and Qian, Yujie and Yang, Zhilin and Tang, Jie},
  journal={arXiv preprint arXiv:2103.10385},
  year={2021}
}

@article{liu2021p,
  title={P-tuning v2: Prompt tuning can be comparable to fine-tuning universally across scales and tasks},
  author={Liu, Xiao and Ji, Kaixuan and Fu, Yicheng and Tam, Weng Lam and Du, Zhengxiao and Yang, Zhilin and Tang, Jie},
  journal={arXiv preprint arXiv:2110.07602},
  year={2021}
}

@article{liu2022flow,
  title={Flow straight and fast: Learning to generate and transfer data with rectified flow},
  author={Liu, Xingchao and Gong, Chengyue and Liu, Qiang},
  journal={arXiv preprint arXiv:2209.03003},
  year={2022}
}

@article{liu2023pre,
  title={Pre-train, prompt, and predict: A systematic survey of prompting methods in natural language processing},
  author={Liu, Pengfei and Yuan, Weizhe and Fu, Jinlan and Jiang, Zhengbao and Hayashi, Hiroaki and Neubig, Graham},
  journal={ACM Computing Surveys},
  volume={55},
  number={9},
  pages={1--35},
  year={2023},
  publisher={ACM New York, NY}
}

@article{ma2023unified,
  title={Unified Multi-Modal Latent Diffusion for Joint Subject and Text Conditional Image Generation},
  author={Ma, Yiyang and Yang, Huan and Wang, Wenjing and Fu, Jianlong and Liu, Jiaying},
  journal={arXiv preprint arXiv:2303.09319},
  year={2023}
}

@article{meng2021sdedit,
  title={Sdedit: Guided image synthesis and editing with stochastic differential equations},
  author={Meng, Chenlin and He, Yutong and Song, Yang and Song, Jiaming and Wu, Jiajun and Zhu, Jun-Yan and Ermon, Stefano},
  journal={arXiv preprint arXiv:2108.01073},
  year={2021}
}

@article{mokady2022null,
  title={Null-text Inversion for Editing Real Images using Guided Diffusion Models},
  author={Mokady, Ron and Hertz, Amir and Aberman, Kfir and Pritch, Yael and Cohen-Or, Daniel},
  journal={arXiv preprint arXiv:2211.09794},
  year={2022}
}

@inproceedings{mokady2023null,
  title={Null-text inversion for editing real images using guided diffusion models},
  author={Mokady, Ron and Hertz, Amir and Aberman, Kfir and Pritch, Yael and Cohen-Or, Daniel},
  booktitle={Proceedings of the IEEE/CVF Conference on Computer Vision and Pattern Recognition},
  pages={6038--6047},
  year={2023}
}

@article{mou2023t2i,
  title={T2i-adapter: Learning adapters to dig out more controllable ability for text-to-image diffusion models},
  author={Mou, Chong and Wang, Xintao and Xie, Liangbin and Zhang, Jian and Qi, Zhongang and Shan, Ying and Qie, Xiaohu},
  journal={arXiv preprint arXiv:2302.08453},
  year={2023}
}

@inproceedings{oh2019onion,
  title={Onion-peel networks for deep video completion},
  author={Oh, Seoung Wug and Lee, Sungho and Lee, Joon-Young and Kim, Seon Joo},
  booktitle={proceedings of the IEEE/cvf international conference on computer vision},
  pages={4403--4412},
  year={2019}
}

@inproceedings{parmar2023zero,
  title={Zero-shot image-to-image translation},
  author={Parmar, Gaurav and Kumar Singh, Krishna and Zhang, Richard and Li, Yijun and Lu, Jingwan and Zhu, Jun-Yan},
  booktitle={ACM SIGGRAPH 2023 Conference Proceedings},
  pages={1--11},
  year={2023}
}

@inproceedings{peebles2023scalable,
  title={Scalable diffusion models with transformers},
  author={Peebles, William and Xie, Saining},
  booktitle={Proceedings of the IEEE/CVF International Conference on Computer Vision},
  pages={4195--4205},
  year={2023}
}

@inproceedings{radford2021learning,
  title={Learning transferable visual models from natural language supervision},
  author={Radford, Alec and Kim, Jong Wook and Hallacy, Chris and Ramesh, Aditya and Goh, Gabriel and Agarwal, Sandhini and Sastry, Girish and Askell, Amanda and Mishkin, Pamela and Clark, Jack and others},
  booktitle={International conference on machine learning},
  pages={8748--8763},
  year={2021},
  organization={PMLR}
}

@article{raffel2020exploring,
  title={Exploring the limits of transfer learning with a unified text-to-text transformer},
  author={Raffel, Colin and Shazeer, Noam and Roberts, Adam and Lee, Katherine and Narang, Sharan and Matena, Michael and Zhou, Yanqi and Li, Wei and Liu, Peter J},
  journal={The Journal of Machine Learning Research},
  volume={21},
  number={1},
  pages={5485--5551},
  year={2020},
  publisher={JMLRORG}
}

@inproceedings{ramesh2021zero,
  title={Zero-shot text-to-image generation},
  author={Ramesh, Aditya and Pavlov, Mikhail and Goh, Gabriel and Gray, Scott and Voss, Chelsea and Radford, Alec and Chen, Mark and Sutskever, Ilya},
  booktitle={International Conference on Machine Learning},
  pages={8821--8831},
  year={2021},
  organization={PMLR}
}

@inproceedings{rombach2022high,
  title={High-resolution image synthesis with latent diffusion models},
  author={Rombach, Robin and Blattmann, Andreas and Lorenz, Dominik and Esser, Patrick and Ommer, Bj{\"o}rn},
  booktitle={Proceedings of the IEEE/CVF Conference on Computer Vision and Pattern Recognition},
  pages={10684--10695},
  year={2022}
}

@article{rout2024semantic,
  title={Semantic image inversion and editing using rectified stochastic differential equations},
  author={Rout, Litu and Chen, Yujia and Ruiz, Nataniel and Caramanis, Constantine and Shakkottai, Sanjay and Chu, Wen-Sheng},
  journal={arXiv preprint arXiv:2410.10792},
  year={2024}
}

@article{ruiz2022dreambooth,
  title={Dreambooth: Fine tuning text-to-image diffusion models for subject-driven generation},
  author={Ruiz, Nataniel and Li, Yuanzhen and Jampani, Varun and Pritch, Yael and Rubinstein, Michael and Aberman, Kfir},
  journal={arXiv preprint arXiv:2208.12242},
  year={2022}
}

@article{saharia2022photorealistic,
  title={Photorealistic text-to-image diffusion models with deep language understanding},
  author={Saharia, Chitwan and Chan, William and Saxena, Saurabh and Li, Lala and Whang, Jay and Denton, Emily L and Ghasemipour, Kamyar and Gontijo Lopes, Raphael and Karagol Ayan, Burcu and Salimans, Tim and others},
  journal={Advances in Neural Information Processing Systems},
  volume={35},
  pages={36479--36494},
  year={2022}
}

@inproceedings{sheynin2024emu,
  title={Emu edit: Precise image editing via recognition and generation tasks},
  author={Sheynin, Shelly and Polyak, Adam and Singer, Uriel and Kirstain, Yuval and Zohar, Amit and Ashual, Oron and Parikh, Devi and Taigman, Yaniv},
  booktitle={Proceedings of the IEEE/CVF Conference on Computer Vision and Pattern Recognition},
  pages={8871--8879},
  year={2024}
}

@article{shi2024seededit,
  title={SeedEdit: Align Image Re-Generation to Image Editing},
  author={Shi, Yichun and Wang, Peng and Huang, Weilin},
  journal={arXiv preprint arXiv:2411.06686},
  year={2024}
}

@inproceedings{sohl2015deep,
  title={Deep unsupervised learning using nonequilibrium thermodynamics},
  author={Sohl-Dickstein, Jascha and Weiss, Eric and Maheswaranathan, Niru and Ganguli, Surya},
  booktitle={International Conference on Machine Learning},
  pages={2256--2265},
  year={2015},
  organization={PMLR}
}

@article{sohn2022visual,
  title={Visual Prompt Tuning for Generative Transfer Learning},
  author={Sohn, Kihyuk and Hao, Yuan and Lezama, Jos{\'e} and Polania, Luisa and Chang, Huiwen and Zhang, Han and Essa, Irfan and Jiang, Lu},
  journal={arXiv preprint arXiv:2210.00990},
  year={2022}
}

@inproceedings{suvorov2022resolution,
  title={Resolution-robust large mask inpainting with fourier convolutions},
  author={Suvorov, Roman and Logacheva, Elizaveta and Mashikhin, Anton and Remizova, Anastasia and Ashukha, Arsenii and Silvestrov, Aleksei and Kong, Naejin and Goka, Harshith and Park, Kiwoong and Lempitsky, Victor},
  booktitle={Proceedings of the IEEE/CVF winter conference on applications of computer vision},
  pages={2149--2159},
  year={2022}
}

@article{tang2024realfill,
  title={Realfill: Reference-driven generation for authentic image completion},
  author={Tang, Luming and Ruiz, Nataniel and Chu, Qinghao and Li, Yuanzhen and Holynski, Aleksander and Jacobs, David E and Hariharan, Bharath and Pritch, Yael and Wadhwa, Neal and Aberman, Kfir and others},
  journal={ACM Transactions on Graphics (TOG)},
  volume={43},
  number={4},
  pages={1--12},
  year={2024},
  publisher={ACM New York, NY, USA}
}

@article{tian2024visual,
  title={Visual autoregressive modeling: Scalable image generation via next-scale prediction},
  author={Tian, Keyu and Jiang, Yi and Yuan, Zehuan and Peng, Bingyue and Wang, Liwei},
  journal={arXiv preprint arXiv:2404.02905},
  year={2024}
}

@article{van2017neural,
  title={Neural discrete representation learning},
  author={Van Den Oord, Aaron and Vinyals, Oriol and others},
  journal={Advances in neural information processing systems},
  volume={30},
  year={2017}
}

@article{voynov2022sketch,
  title={Sketch-Guided Text-to-Image Diffusion Models},
  author={Voynov, Andrey and Aberman, Kfir and Cohen-Or, Daniel},
  journal={arXiv preprint arXiv:2211.13752},
  year={2022}
}

@article{wang2024taming,
  title={Taming rectified flow for inversion and editing},
  author={Wang, Jiangshan and Pu, Junfu and Qi, Zhongang and Guo, Jiayi and Ma, Yue and Huang, Nisha and Chen, Yuxin and Li, Xiu and Shan, Ying},
  journal={arXiv preprint arXiv:2411.04746},
  year={2024}
}

@inproceedings{zeng2020high,
  title={High-resolution image inpainting with iterative confidence feedback and guided upsampling},
  author={Zeng, Yu and Lin, Zhe and Yang, Jimei and Zhang, Jianming and Shechtman, Eli and Lu, Huchuan},
  booktitle={Computer Vision--ECCV 2020: 16th European Conference, Glasgow, UK, August 23--28, 2020, Proceedings, Part XIX 16},
  pages={1--17},
  year={2020},
  organization={Springer}
}

@inproceedings{zhang2023adding,
  title={Adding conditional control to text-to-image diffusion models},
  author={Zhang, Lvmin and Agrawala, Maneesh},
  booktitle={Proceedings of the IEEE/CVF international conference on computer vision},
  year={2023}
}

@inproceedings{zhang2024hive,
  title={Hive: Harnessing human feedback for instructional visual editing},
  author={Zhang, Shu and Yang, Xinyi and Feng, Yihao and Qin, Can and Chen, Chia-Chih and Yu, Ning and Chen, Zeyuan and Wang, Huan and Savarese, Silvio and Ermon, Stefano and others},
  booktitle={Proceedings of the IEEE/CVF Conference on Computer Vision and Pattern Recognition},
  pages={9026--9036},
  year={2024}
}

@article{zhang2024magicbrush,
  title={Magicbrush: A manually annotated dataset for instruction-guided image editing},
  author={Zhang, Kai and Mo, Lingbo and Chen, Wenhu and Sun, Huan and Su, Yu},
  journal={Advances in Neural Information Processing Systems},
  volume={36},
  year={2024}
}

@article{zhao2021large,
  title={Large scale image completion via co-modulated generative adversarial networks},
  author={Zhao, Shengyu and Cui, Jonathan and Sheng, Yilun and Dong, Yue and Liang, Xiao and Chang, Eric I and Xu, Yan},
  journal={arXiv preprint arXiv:2103.10428},
  year={2021}
}

@article{zhao20223dfill,
  title={3DFill: Reference-guided Image Inpainting by Self-supervised 3D Image Alignment},
  author={Zhao, Liang and Zhao, Xinyuan and Ma, Hailong and Zhang, Xinyu and Zeng, Long},
  journal={arXiv preprint arXiv:2211.04831},
  year={2022}
}

@article{zhao2022geofill,
  title={Geofill: Reference-based image inpainting of scenes with complex geometry},
  author={Zhao, Yunhan and Barnes, Connelly and Zhou, Yuqian and Shechtman, Eli and Amirghodsi, Sohrab and Fowlkes, Charless},
  journal={arXiv preprint arXiv:2201.08131},
  year={2022}
}

@inproceedings{zhou2021transfill,
  title={Transfill: Reference-guided image inpainting by merging multiple color and spatial transformations},
  author={Zhou, Yuqian and Barnes, Connelly and Shechtman, Eli and Amirghodsi, Sohrab},
  booktitle={Proceedings of the IEEE/CVF conference on computer vision and pattern recognition},
  pages={2266--2276},
  year={2021}
}

