% Use this file for citations not found in the ACL Anthology (contained in "anthology.bib").

@book{Aho:72,
    author  = {Alfred V. Aho and Jeffrey D. Ullman},
    title   = {The Theory of Parsing, Translation and Compiling},
    year    = "1972",
    volume  = "1",
    publisher = {Prentice-Hall},
    address = {Englewood Cliffs, NJ}
}

@book{APA:83,
    author  = {{American Psychological Association}},
    title   = {Publications Manual},
    year    = "1983",
    publisher = {American Psychological Association},
    address = {Washington, DC}
}

@article{Chandra:81,
	author = {Ashok K. Chandra and Dexter C. Kozen and Larry J. Stockmeyer},
	year = "1981",
	title = {Alternation},
	journal = {Journal of the Association for Computing Machinery},
	volume = "28",
	number = "1",
	pages = "114--133",
	doi = "10.1145/322234.322243",
}

@inproceedings{andrew2007scalable,
  title={Scalable training of {L1}-regularized log-linear models},
  author={Andrew, Galen and Gao, Jianfeng},
  booktitle={Proceedings of the 24th International Conference on Machine Learning},
  pages={33--40},
  year={2007},
}

@book{Gusfield:97,
    author  = {Dan Gusfield},
    title   = {Algorithms on Strings, Trees and Sequences},
    year    = "1997",
    publisher = {Cambridge University Press},
    address = {Cambridge, UK}
}

@article{rasooli-tetrault-2015,
    author    = {Mohammad Sadegh Rasooli and Joel R. Tetreault},
    title     = {Yara Parser: {A} Fast and Accurate Dependency Parser},
    journal   = {Computing Research Repository},
    volume    = {arXiv:1503.06733},
    year      = {2015},
    url       = {http://arxiv.org/abs/1503.06733},
    note    = {version 2}
}

@article{Ando2005,
	Acmid = {1194905},
	Author = {Ando, Rie Kubota and Zhang, Tong},
	Issn = {1532-4435},
	Issue_Date = {12/1/2005},
	Journal = {Journal of Machine Learning Research},
	Month = dec,
	Numpages = {37},
	Pages = {1817--1853},
	Publisher = {JMLR.org},
	Title = {A Framework for Learning Predictive Structures from Multiple Tasks and Unlabeled Data},
	Volume = {6},
	Year = {2005}
}

@article{zhang2024speechalign,
  title={SpeechAlign: Aligning Speech Generation to Human Preferences},
  author={Zhang, Dong and Li, Zhaowei and Li, Shimin and Zhang, Xin and Wang, Pengyu and Zhou, Yaqian and Qiu, Xipeng},
  journal={arXiv preprint arXiv:2404.05600},
  year={2024}
}

@article{chen2024uno,
  title={Enhancing Zero-shot Text-to-Speech Synthesis with Human Feedback},
  author={Chen, Chen and Hu, Yuchen and Wu, Wen and Wang, Helin and Chng, Eng Siong and Zhang, Chao},
  journal={arXiv preprint arXiv:2406.00654},
  year={2024}
}

@article{hu2024rio,
  title={Robust Zero-Shot Text-to-Speech Synthesis with Reverse Inference Optimization},
  author={Hu, Yuchen and Chen, Chen and Wang, Siyin and Chng, Eng Siong and Zhang, Chao},
  journal={arXiv preprint arXiv:2407.02243},
  year={2024}
}

@article{du2024cosyvoice,
  title={{CosyVoice}: A scalable multilingual zero-shot text-to-speech synthesizer based on supervised semantic tokens},
  author={Du, Zhihao and Chen, Qian and Zhang, Shiliang and Hu, Kai and Lu, Heng and Yang, Yexin and Hu, Hangrui and Zheng, Siqi and Gu, Yue and Ma, Ziyang and others},
  journal={arXiv preprint arXiv:2407.05407},
  year={2024}
}

@article{shi2020aishell3,
  title={Aishell-3: A multi-speaker mandarin tts corpus and the baselines},
  author={Shi, Yao and Bu, Hui and Xu, Xin and Zhang, Shaoji and Li, Ming},
  journal={arXiv preprint arXiv:2010.11567},
  year={2020}
}

@article{zen2019libritts,
  title={{LibriTTS}: A corpus derived from librispeech for text-to-speech},
  author={Zen, Heiga and Dang, Viet and Clark, Rob and Zhang, Yu and Weiss, Ron J and Jia, Ye and Chen, Zhifeng and Wu, Yonghui},
  journal={arXiv preprint arXiv:1904.02882},
  year={2019}
}

@article{brown2020language,
  title={Language models are few-shot learners},
  author={Brown, Tom and Mann, Benjamin and Ryder, Nick and Subbiah, Melanie and Kaplan, Jared D and Dhariwal, Prafulla and Neelakantan, Arvind and Shyam, Pranav and Sastry, Girish and Askell, Amanda and others},
  journal={Advances in neural information processing systems},
  volume={33},
  pages={1877--1901},
  year={2020}
}

@article{touvron2023llama,
  title={Llama: Open and efficient foundation language models},
  author={Touvron, Hugo and Lavril, Thibaut and Izacard, Gautier and Martinet, Xavier and Lachaux, Marie-Anne and Lacroix, Timoth{\'e}e and Rozi{\`e}re, Baptiste and Goyal, Naman and Hambro, Eric and Azhar, Faisal and others},
  journal={arXiv preprint arXiv:2302.13971},
  year={2023}
}

@article{achiam2023gpt,
  title={Gpt-4 technical report},
  author={Achiam, Josh and Adler, Steven and Agarwal, Sandhini and Ahmad, Lama and Akkaya, Ilge and Aleman, Florencia Leoni and Almeida, Diogo and Altenschmidt, Janko and Altman, Sam and Anadkat, Shyamal and others},
  journal={arXiv preprint arXiv:2303.08774},
  year={2023}
}

@article{grattafiori2024llama3,
  title={The llama 3 herd of models},
  author={Grattafiori, Aaron and Dubey, Abhimanyu and Jauhri, Abhinav and Pandey, Abhinav and Kadian, Abhishek and Al-Dahle, Ahmad and Letman, Aiesha and Mathur, Akhil and Schelten, Alan and Vaughan, Alex and others},
  journal={arXiv e-prints},
  pages={arXiv--2407},
  year={2024}
}

@article{christiano2017deep,
  title={Deep reinforcement learning from human preferences},
  author={Christiano, Paul F and Leike, Jan and Brown, Tom and Martic, Miljan and Legg, Shane and Amodei, Dario},
  journal={Advances in neural information processing systems},
  volume={30},
  year={2017}
}

@article{wang2023valle,
  title={Neural codec language models are zero-shot text to speech synthesizers},
  author={Wang, Chengyi and Chen, Sanyuan and Wu, Yu and Zhang, Ziqiang and Zhou, Long and Liu, Shujie and Chen, Zhuo and Liu, Yanqing and Wang, Huaming and Li, Jinyu and others},
  journal={arXiv preprint arXiv:2301.02111},
  year={2023}
}

@inproceedings{ye2024flashspeech,
  title={Flashspeech: Efficient zero-shot speech synthesis},
  author={Ye, Zhen and Ju, Zeqian and Liu, Haohe and Tan, Xu and Chen, Jianyi and Lu, Yiwen and Sun, Peiwen and Pan, Jiahao and Bian, Weizhen and He, Shulin and others},
  booktitle={Proceedings of the 32nd ACM International Conference on Multimedia},
  pages={6998--7007},
  year={2024}
}

@article{chen2024vall2,
  title={VALL-E 2: Neural Codec Language Models are Human Parity Zero-Shot Text to Speech Synthesizers},
  author={Chen, Sanyuan and Liu, Shujie and Zhou, Long and Liu, Yanqing and Tan, Xu and Li, Jinyu and Zhao, Sheng and Qian, Yao and Wei, Furu},
  journal={arXiv preprint arXiv:2406.05370},
  year={2024}
}

@article{tian2024tx_rl,
  title={Preference Alignment Improves Language Model-Based TTS},
  author={Tian, Jinchuan and Zhang, Chunlei and Shi, Jiatong and Zhang, Hao and Yu, Jianwei and Watanabe, Shinji and Yu, Dong},
  journal={arXiv preprint arXiv:2409.12403},
  year={2024}
}

@article{lin2024rho,
  title={Rho-1: Not all tokens are what you need},
  author={Lin, Zhenghao and Gou, Zhibin and Gong, Yeyun and Liu, Xiao and Shen, Yelong and Xu, Ruochen and Lin, Chen and Yang, Yujiu and Jiao, Jian and Duan, Nan and others},
  journal={arXiv preprint arXiv:2404.07965},
  year={2024}
}

@article{xin2024ralle,
  title={Rall-e: Robust codec language modeling with chain-of-thought prompting for text-to-speech synthesis},
  author={Xin, Detai and Tan, Xu and Shen, Kai and Ju, Zeqian and Yang, Dongchao and Wang, Yuancheng and Takamichi, Shinnosuke and Saruwatari, Hiroshi and Liu, Shujie and Li, Jinyu and others},
  journal={arXiv preprint arXiv:2404.03204},
  year={2024}
}

@article{kharitonov2023speak,
  title={Speak, read and prompt: High-fidelity text-to-speech with minimal supervision},
  author={Kharitonov, Eugene and Vincent, Damien and Borsos, Zal{\'a}n and Marinier, Rapha{\"e}l and Girgin, Sertan and Pietquin, Olivier and Sharifi, Matt and Tagliasacchi, Marco and Zeghidour, Neil},
  journal={Transactions of the Association for Computational Linguistics},
  volume={11},
  pages={1703--1718},
  year={2023},
  publisher={MIT Press One Broadway, 12th Floor, Cambridge, Massachusetts 02142, USA~â€¦}
}

@article{defossez2022high,
  title={High fidelity neural audio compression},
  author={D{\'e}fossez, Alexandre and Copet, Jade and Synnaeve, Gabriel and Adi, Yossi},
  journal={arXiv preprint arXiv:2210.13438},
  year={2022}
}

@article{zeghidour2021soundstream,
  title={Soundstream: An end-to-end neural audio codec},
  author={Zeghidour, Neil and Luebs, Alejandro and Omran, Ahmed and Skoglund, Jan and Tagliasacchi, Marco},
  journal={IEEE/ACM Transactions on Audio, Speech, and Language Processing},
  volume={30},
  pages={495--507},
  year={2021},
  publisher={IEEE}
}

@article{peng2024voicecraft,
  title={Voicecraft: Zero-shot speech editing and text-to-speech in the wild},
  author={Peng, Puyuan and Huang, Po-Yao and Li, Shang-Wen and Mohamed, Abdelrahman and Harwath, David},
  journal={arXiv preprint arXiv:2403.16973},
  year={2024}
}

@article{borsos2022audiolm,
  title={Audiolm: a language modeling approach to audio generation.(2022)},
  author={Borsos, Zal{\'a}n and Marinier, Rapha{\"e}l and Vincent, Damien and Kharitonov, Eugene and Pietquin, Olivier and Sharifi, Matt and Teboul, Olivier and Grangier, David and Tagliasacchi, Marco and Zeghidour, Neil},
  journal={arXiv preprint arXiv:2209.03143},
  year={2022}
}

@article{zhang2023speechgpt,
  title={Speechgpt: Empowering large language models with intrinsic cross-modal conversational abilities},
  author={Zhang, Dong and Li, Shimin and Zhang, Xin and Zhan, Jun and Wang, Pengyu and Zhou, Yaqian and Qiu, Xipeng},
  journal={arXiv preprint arXiv:2305.11000},
  year={2023}
}

@article{lajszczak2024base,
  title={BASE TTS: Lessons from building a billion-parameter text-to-speech model on 100K hours of data},
  author={{\L}ajszczak, Mateusz and C{\'a}mbara, Guillermo and Li, Yang and Beyhan, Fatih and van Korlaar, Arent and Yang, Fan and Joly, Arnaud and Mart{\'\i}n-Cortinas, {\'A}lvaro and Abbas, Ammar and Michalski, Adam and others},
  journal={arXiv preprint arXiv:2402.08093},
  year={2024}
}

@article{ouyang2022training,
  title={Training language models to follow instructions with human feedback},
  author={Ouyang, Long and Wu, Jeffrey and Jiang, Xu and Almeida, Diogo and Wainwright, Carroll and Mishkin, Pamela and Zhang, Chong and Agarwal, Sandhini and Slama, Katarina and Ray, Alex and others},
  journal={Advances in neural information processing systems},
  volume={35},
  pages={27730--27744},
  year={2022}
}

@article{rafailov2024dpo,
  title={Direct preference optimization: Your language model is secretly a reward model},
  author={Rafailov, Rafael and Sharma, Archit and Mitchell, Eric and Manning, Christopher D and Ermon, Stefano and Finn, Chelsea},
  journal={Advances in Neural Information Processing Systems},
  volume={36},
  year={2024}
}

@article{anastassiou2024seedtts,
  title={Seed-TTS: A Family of High-Quality Versatile Speech Generation Models},
  author={Anastassiou, Philip and Chen, Jiawei and Chen, Jitong and Chen, Yuanzhe and Chen, Zhuo and Chen, Ziyi and Cong, Jian and Deng, Lelai and Ding, Chuang and Gao, Lu and others},
  journal={arXiv preprint arXiv:2406.02430},
  year={2024}
}

@article{lin2024alignslm,
  title={Align-SLM: Textless Spoken Language Models with Reinforcement Learning from AI Feedback},
  author={Lin, Guan-Ting and Shivakumar, Prashanth Gurunath and Gourav, Aditya and Gu, Yile and Gandhe, Ankur and Lee, Hung-yi and Bulyko, Ivan},
  journal={arXiv preprint arXiv:2411.01834},
  year={2024}
}

@article{go2023aligning,
  title={Aligning language models with preferences through f-divergence minimization},
  author={Go, Dongyoung and Korbak, Tomasz and Kruszewski, Germ{\'a}n and Rozen, Jos and Ryu, Nahyeon and Dymetman, Marc},
  journal={arXiv preprint arXiv:2302.08215},
  year={2023}
}

@article{korbak2022reinforcement,
  title={On reinforcement learning and distribution matching for fine-tuning language models with no catastrophic forgetting},
  author={Korbak, Tomasz and Elsahar, Hady and Kruszewski, Germ{\'a}n and Dymetman, Marc},
  journal={Advances in Neural Information Processing Systems},
  volume={35},
  pages={16203--16220},
  year={2022}
}