@inproceedings{ref10,
  title={Editing models with task arithmetic},
  author={Gabriel Ilharco and Marco Tulio Ribeiro and Mitchell Wortsman and Ludwig Schmidt and Hannaneh Hajishirzi and Ali Farhadi},
  booktitle={The Eleventh International Conference on Learning Representations },
  year={2023},
  url={https://openreview.net/forum?id=6t0Kwf8-jrj}
}

@article{ref12,
  title={Continual Learning and Catastrophic Forgetting},
  author={van de Ven, Gido M and Soures, Nicholas and Kudithipudi, Dhireesha},
  journal={arXiv preprint arXiv:2403.05175},
  year={2024},
  doi={10.48550/arXiv.2403.05175}
}

@inproceedings{ref13,
  title={Learn and review: Enhancing continual named entity recognition via reviewing synthetic samples},
  author={Xia, Yu and Wang, Quan and Lyu, Yajuan and Zhu, Yong and Wu, Wenhao and Li, Sujian and Dai, Dai},
  booktitle={Findings of the Association for Computational Linguistics: ACL 2022},
  pages={2291--2300},
  year={2022},
  doi={10.18653/v1/2022.findings-acl.179}
}

@inproceedings{ref14,
  title={icarl: Incremental classifier and representation learning},
  author={Rebuffi, Sylvestre-Alvise and Kolesnikov, Alexander and Sperl, Georg and Lampert, Christoph H},
  booktitle={Proceedings of the IEEE conference on Computer Vision and Pattern Recognition},
  pages={2001--2010},
  year={2017},
  doi={10.1109/cvpr.2017.587}
}

@inproceedings{ref15,
    title = "Parameter-efficient Continual Learning Framework in Industrial Real-time Text Classification System",
    author = "Zhu, Tao  and
      Zhao, Zhe  and
      Liu, Weijie  and
      Liu, Jiachi  and
      Chen, Yiren  and
      Mao, Weiquan  and
      Liu, Haoyan  and
      Ding, Kunbo  and
      Li, Yudong  and
      Yang, Xuefeng",
    editor = "Loukina, Anastassia  and
      Gangadharaiah, Rashmi  and
      Min, Bonan",
    booktitle = "Proceedings of the 2022 Conference of the North American Chapter of the Association for Computational Linguistics: Human Language Technologies: Industry Track",
    month = jul,
    year = "2022",
    address = "Hybrid: Seattle, Washington + Online",
    publisher = "Association for Computational Linguistics",
    url = "https://aclanthology.org/2022.naacl-industry.35/",
    doi = "10.18653/v1/2022.naacl-industry.35",
    pages = "315--323"
}

@inproceedings{ref16,
  title={A closer look at rehearsal-free continual learning},
  author={Smith, James Seale and Tian, Junjiao and Halbe, Shaunak and Hsu, Yen-Chang and Kira, Zsolt},
  booktitle={Proceedings of the IEEE/CVF Conference on Computer Vision and Pattern Recognition},
  pages={2409--2419},
  year={2023},
  doi={10.1109/cvprw59228.2023.00239}
}

@inproceedings{ref17,
    title = "Continual Lifelong Learning in Natural Language Processing: A Survey",
    author = "Biesialska, Magdalena  and
      Biesialska, Katarzyna  and
      Costa-juss{\`a}, Marta R.",
    editor = "Scott, Donia  and
      Bel, Nuria  and
      Zong, Chengqing",
    booktitle = "Proceedings of the 28th International Conference on Computational Linguistics",
    month = dec,
    year = "2020",
    address = "Barcelona, Spain (Online)",
    publisher = "International Committee on Computational Linguistics",
    url = "https://aclanthology.org/2020.coling-main.574/",
    doi = "10.18653/v1/2020.coling-main.574",
    pages = "6523--6541"
}

@inproceedings{ref18,
    title = {Exclusive Supermask Subnetwork Training for Continual Learning},
    author = {Yadav, Prateek and Bansal, Mohit},
    editor = {Rogers, Anna and Boyd-Graber, Jordan and Okazaki, Naoaki},
    booktitle = {Findings of the Association for Computational Linguistics: ACL 2023},
    month = jul,
    year = {2023},
    address = {Toronto, Canada},
    publisher = {Association for Computational Linguistics},
    url = {https://aclanthology.org/2023.findings-acl.36},
    doi = {10.18653/v1/2023.findings-acl.36},
    pages = {569--587},
}

@inproceedings{ref19,
 author = {Xu, Ju and Zhu, Zhanxing},
 booktitle = {Advances in Neural Information Processing Systems},
 editor = {S. Bengio and H. Wallach and H. Larochelle and K. Grauman and N. Cesa-Bianchi and R. Garnett},
 publisher = {Curran Associates, Inc.},
 title = {Reinforced Continual Learning},
 volume = {31},
 year = {2018}
}

@inproceedings{ref20,
    title = "{TL}-{CL}: Task And Language Incremental Continual Learning",
    author = "Satapara, Shrey  and
      Srijith, P. K.",
    editor = "Al-Onaizan, Yaser  and
      Bansal, Mohit  and
      Chen, Yun-Nung",
    booktitle = "Proceedings of the 2024 Conference on Empirical Methods in Natural Language Processing",
    month = nov,
    year = "2024",
    address = "Miami, Florida, USA",
    publisher = "Association for Computational Linguistics",
    url = "https://aclanthology.org/2024.emnlp-main.676/",
    doi = "10.18653/v1/2024.emnlp-main.676",
    pages = "12123--12142"
}

