@inproceedings{ref1,
    title = "Recent Advances in Pre-trained Language Models: Why Do They Work and How Do They Work",
    author = "Chiang, Cheng-Han  and
      Chuang, Yung-Sung  and
      Lee, Hung-yi",
    editor = "Alonso, Miguel A.  and
      Wei, Zhongyu",
    booktitle = "Proceedings of the 2nd Conference of the Asia-Pacific Chapter of the Association for Computational Linguistics and the 12th International Joint Conference on Natural Language Processing: Tutorial Abstracts",
    month = nov,
    year = "2022",
    address = "Taipei",
    publisher = "Association for Computational Linguistics",
    url = "https://aclanthology.org/2022.aacl-tutorials.2/",
    doi = "10.18653/v1/2022.aacl-tutorials.2",
    pages = "8--15"
}

@article{ref2,
  title={Overcoming catastrophic forgetting in neural networks},
  author={Kirkpatrick, James and Pascanu, Razvan and Rabinowitz, Neil and Veness, Joel and Desjardins, Guillaume and Rusu, Andrei A and Milan, Kieran and Quan, John and Ramalho, Tiago and Grabska-Barwinska, Agnieszka and others},
  journal={Proceedings of the national academy of sciences},
  volume={114},
  number={13},
  pages={3521--3526},
  year={2017},
  publisher={National Acad Sciences},
  doi={10.1073/pnas.1611835114}
}

@inproceedings{ref3,
    title = "Optimizing Lifelong Fine-Tuning for Multiple Tasks via Dataless Distribution Replay",
    author = "Wang, Zhenxing",
    editor = "Rambow, Owen  and
      Wanner, Leo  and
      Apidianaki, Marianna  and
      Al-Khalifa, Hend  and
      Eugenio, Barbara Di  and
      Schockaert, Steven",
    booktitle = "Proceedings of the 31st International Conference on Computational Linguistics",
    month = jan,
    year = "2025",
    address = "Abu Dhabi, UAE",
    publisher = "Association for Computational Linguistics",
    url = "https://aclanthology.org/2025.coling-main.746/",
    pages = "11261--11273"
}

@inproceedings{ref4,
    title = "Self-generated Replay Memories for Continual Neural Machine Translation",
    author = "Resta, Michele  and
      Bacciu, Davide",
    editor = "Duh, Kevin  and
      Gomez, Helena  and
      Bethard, Steven",
    booktitle = "Proceedings of the 2024 Conference of the North American Chapter of the Association for Computational Linguistics: Human Language Technologies (Volume 1: Long Papers)",
    month = jun,
    year = "2024",
    address = "Mexico City, Mexico",
    publisher = "Association for Computational Linguistics",
    url = "https://aclanthology.org/2024.naacl-long.10/",
    doi = "10.18653/v1/2024.naacl-long.10",
    pages = "175--191"
}

@inproceedings{ref5,
  title={Parameter-efficient Continual Learning Framework in Industrial Real-time Text Classification System},
  author={Zhu, Tao and Zhao, Zhe and Liu, Weijie and Liu, Jiachi and Chen, Yiren and Mao, Weiquan and Liu, Haoyan and Ding, Kunbo and Li, Yudong and Yang, Xuefeng},
  booktitle={Proceedings of the 2022 Conference of the North American Chapter of the Association for Computational Linguistics: Human Language Technologies: Industry Track},
  pages={315--323},
  year={2022}
}

@inproceedings{ref6,
  title={Knowledge transfer in incremental learning for multilingual neural machine translation},
  author={Huang, Kaiyu and Li, Peng and Ma, Jin and Yao, Ting and Liu, Yang},
  booktitle={Proceedings of the 61st Annual Meeting of the Association for Computational Linguistics (Volume 1: Long Papers)},
  pages={15286--15304},
  year={2023},
  doi={10.18653/v1/2022.naacl-industry.35}
}

@article{ref7,
  title={Delta tuning: A comprehensive study of parameter efficient methods for pre-trained language models},
  author={Ding, Ning and Qin, Yujia and Yang, Guang and Wei, Fuchao and Yang, Zonghan and Su, Yusheng and Hu, Shengding and Chen, Yulin and Chan, Chi-Min and Chen, Weize and others},
  journal={arXiv preprint arXiv:2203.06904},
  year={2022},
  doi={10.21203/rs.3.rs-1553541/v1}
}

@InProceedings{ref8,
  title = 	 {Parameter-Efficient Transfer Learning for {NLP}},
  author =       {Houlsby, Neil and Giurgiu, Andrei and Jastrzebski, Stanislaw and Morrone, Bruna and De Laroussilhe, Quentin and Gesmundo, Andrea and Attariyan, Mona and Gelly, Sylvain},
  booktitle = 	 {Proceedings of the 36th International Conference on Machine Learning},
  pages = 	 {2790--2799},
  year = 	 {2019},
  editor = 	 {Chaudhuri, Kamalika and Salakhutdinov, Ruslan},
  volume = 	 {97},
  series = 	 {Proceedings of Machine Learning Research},
  month = 	 {09--15 Jun},
  publisher =    {PMLR},
  url = 	 {https://proceedings.mlr.press/v97/houlsby19a.html},
}

@article{ref9,
  title={Lora: Low-rank adaptation of large language models},
  author={Hu, Edward J and Shen, Yelong and Wallis, Phillip and Allen-Zhu, Zeyuan and Li, Yuanzhi and Wang, Shean and Wang, Lu and Chen, Weizhu},
  journal={arXiv preprint arXiv:2106.09685},
  year={2021},
  doi={10.48550/arXiv.2106.09685}
}

@inproceedings{ref10,
  title={Editing models with task arithmetic},
  author={Gabriel Ilharco and Marco Tulio Ribeiro and Mitchell Wortsman and Ludwig Schmidt and Hannaneh Hajishirzi and Ali Farhadi},
  booktitle={The Eleventh International Conference on Learning Representations },
  year={2023},
  url={https://openreview.net/forum?id=6t0Kwf8-jrj}
}

@inproceedings{ref11,
  title={Rehearsal-free continual language learning via efficient parameter isolation},
  author={Wang, Zhicheng and Liu, Yufang and Ji, Tao and Wang, Xiaoling and Wu, Yuanbin and Jiang, Congcong and Chao, Ye and Han, Zhencong and Wang, Ling and Shao, Xu and others},
  booktitle={Proceedings of the 61st Annual Meeting of the Association for Computational Linguistics (Volume 1: Long Papers)},
  pages={10933--10946},
  year={2023},
  doi={10.18653/v1/2023.acl-long.612}
}

@article{ref12,
  title={Continual Learning and Catastrophic Forgetting},
  author={van de Ven, Gido M and Soures, Nicholas and Kudithipudi, Dhireesha},
  journal={arXiv preprint arXiv:2403.05175},
  year={2024},
  doi={10.48550/arXiv.2403.05175}
}

@inproceedings{ref13,
  title={Learn and review: Enhancing continual named entity recognition via reviewing synthetic samples},
  author={Xia, Yu and Wang, Quan and Lyu, Yajuan and Zhu, Yong and Wu, Wenhao and Li, Sujian and Dai, Dai},
  booktitle={Findings of the Association for Computational Linguistics: ACL 2022},
  pages={2291--2300},
  year={2022},
  doi={10.18653/v1/2022.findings-acl.179}
}

@inproceedings{ref14,
  title={icarl: Incremental classifier and representation learning},
  author={Rebuffi, Sylvestre-Alvise and Kolesnikov, Alexander and Sperl, Georg and Lampert, Christoph H},
  booktitle={Proceedings of the IEEE conference on Computer Vision and Pattern Recognition},
  pages={2001--2010},
  year={2017},
  doi={10.1109/cvpr.2017.587}
}

@inproceedings{ref15,
    title = "Parameter-efficient Continual Learning Framework in Industrial Real-time Text Classification System",
    author = "Zhu, Tao  and
      Zhao, Zhe  and
      Liu, Weijie  and
      Liu, Jiachi  and
      Chen, Yiren  and
      Mao, Weiquan  and
      Liu, Haoyan  and
      Ding, Kunbo  and
      Li, Yudong  and
      Yang, Xuefeng",
    editor = "Loukina, Anastassia  and
      Gangadharaiah, Rashmi  and
      Min, Bonan",
    booktitle = "Proceedings of the 2022 Conference of the North American Chapter of the Association for Computational Linguistics: Human Language Technologies: Industry Track",
    month = jul,
    year = "2022",
    address = "Hybrid: Seattle, Washington + Online",
    publisher = "Association for Computational Linguistics",
    url = "https://aclanthology.org/2022.naacl-industry.35/",
    doi = "10.18653/v1/2022.naacl-industry.35",
    pages = "315--323"
}


@inproceedings{ref16,
  title={A closer look at rehearsal-free continual learning},
  author={Smith, James Seale and Tian, Junjiao and Halbe, Shaunak and Hsu, Yen-Chang and Kira, Zsolt},
  booktitle={Proceedings of the IEEE/CVF Conference on Computer Vision and Pattern Recognition},
  pages={2409--2419},
  year={2023},
  doi={10.1109/cvprw59228.2023.00239}
}

@inproceedings{ref17,
    title = "Continual Lifelong Learning in Natural Language Processing: A Survey",
    author = "Biesialska, Magdalena  and
      Biesialska, Katarzyna  and
      Costa-juss{\`a}, Marta R.",
    editor = "Scott, Donia  and
      Bel, Nuria  and
      Zong, Chengqing",
    booktitle = "Proceedings of the 28th International Conference on Computational Linguistics",
    month = dec,
    year = "2020",
    address = "Barcelona, Spain (Online)",
    publisher = "International Committee on Computational Linguistics",
    url = "https://aclanthology.org/2020.coling-main.574/",
    doi = "10.18653/v1/2020.coling-main.574",
    pages = "6523--6541"
}

@inproceedings{ref18,
    title = {Exclusive Supermask Subnetwork Training for Continual Learning},
    author = {Yadav, Prateek and Bansal, Mohit},
    editor = {Rogers, Anna and Boyd-Graber, Jordan and Okazaki, Naoaki},
    booktitle = {Findings of the Association for Computational Linguistics: ACL 2023},
    month = jul,
    year = {2023},
    address = {Toronto, Canada},
    publisher = {Association for Computational Linguistics},
    url = {https://aclanthology.org/2023.findings-acl.36},
    doi = {10.18653/v1/2023.findings-acl.36},
    pages = {569--587},
}


@inproceedings{ref19,
 author = {Xu, Ju and Zhu, Zhanxing},
 booktitle = {Advances in Neural Information Processing Systems},
 editor = {S. Bengio and H. Wallach and H. Larochelle and K. Grauman and N. Cesa-Bianchi and R. Garnett},
 publisher = {Curran Associates, Inc.},
 title = {Reinforced Continual Learning},
 volume = {31},
 year = {2018}
}


@inproceedings{ref20,
    title = "{TL}-{CL}: Task And Language Incremental Continual Learning",
    author = "Satapara, Shrey  and
      Srijith, P. K.",
    editor = "Al-Onaizan, Yaser  and
      Bansal, Mohit  and
      Chen, Yun-Nung",
    booktitle = "Proceedings of the 2024 Conference on Empirical Methods in Natural Language Processing",
    month = nov,
    year = "2024",
    address = "Miami, Florida, USA",
    publisher = "Association for Computational Linguistics",
    url = "https://aclanthology.org/2024.emnlp-main.676/",
    doi = "10.18653/v1/2024.emnlp-main.676",
    pages = "12123--12142"
}


@inproceedings{ref21,
    title = {Investigating Catastrophic Forgetting During Continual Training for Neural Machine Translation},
    author = {Gu, Shuhao and Feng, Yang},
    editor = {Scott, Donia and Bel, Nuria and Zong, Chengqing},
    booktitle = {Proceedings of the 28th International Conference on Computational Linguistics},
    month = dec,
    year = {2020},
    address = {Barcelona, Spain (Online)},
    publisher = {International Committee on Computational Linguistics},
    url = {https://aclanthology.org/2020.coling-main.381},
    doi = {10.18653/v1/2020.coling-main.381},
    pages = {4315--4326},
}

@inproceedings{ref22,
    title = {Overcoming Catastrophic Forgetting During Domain Adaptation of Seq2seq Language Generation},
    author = {Li, Dingcheng and Chen, Zheng and Cho, Eunah and Hao, Jie and Liu, Xiaohu and Xing, Fan and Guo, Chenlei and Liu, Yang},
    editor = {Carpuat, Marine and de Marneffe, Marie-Catherine and Meza Ruiz, Ivan Vladimir},
    booktitle = {Proceedings of the 2022 Conference of the North American Chapter of the Association for Computational Linguistics: Human Language Technologies},
    month = jul,
    year = {2022},
    address = {Seattle, United States},
    publisher = {Association for Computational Linguistics},
    url = {https://aclanthology.org/2022.naacl-main.398},
    doi = {10.18653/v1/2022.naacl-main.398},
    pages = {5441--5454},
}

@inproceedings{ref23,
    title = {Parameter-Efficient Fine-Tuning without Introducing New Latency},
    author = {Liao, Baohao and Meng, Yan and Monz, Christof},
    editor = {Rogers, Anna and Boyd-Graber, Jordan and Okazaki, Naoaki},
    booktitle = {Proceedings of the 61st Annual Meeting of the Association for Computational Linguistics (Volume 1: Long Papers)},
    month = jul,
    year = {2023},
    address = {Toronto, Canada},
    publisher = {Association for Computational Linguistics},
    url = {https://aclanthology.org/2023.acl-long.233},
    doi = {10.18653/v1/2023.acl-long.233},
    pages = {4242--4260},
}

@inproceedings{ref25,
    title = {Continual Learning for Text Classification with Information Disentanglement Based Regularization},
    author = {Huang, Yufan and Zhang, Yanzhe and Chen, Jiaao and Wang, Xuezhi and Yang, Diyi},
    editor = {Toutanova, Kristina and Rumshisky, Anna and Zettlemoyer, Luke and Hakkani-Tur, Dilek and Beltagy, Iz and Bethard, Steven and Cotterell, Ryan and Chakraborty, Tanmoy and Zhou, Yichao},
    booktitle = {Proceedings of the 2021 Conference of the North American Chapter of the Association for Computational Linguistics: Human Language Technologies},
    month = jun,
    year = {2021},
    address = {Online},
    publisher = {Association for Computational Linguistics},
    url = {https://aclanthology.org/2021.naacl-main.218},
    doi = {10.18653/v1/2021.naacl-main.218},
    pages = {2736--2746},
}

@inproceedings{ref26,
    title = {Prefix-Tuning: Optimizing Continuous Prompts for Generation},
    author = {Li, Xiang Lisa and Liang, Percy},
    editor = {Zong, Chengqing and Xia, Fei and Li, Wenjie and Navigli, Roberto},
    booktitle = {Proceedings of the 59th Annual Meeting of the Association for Computational Linguistics and the 11th International Joint Conference on Natural Language Processing (Volume 1: Long Papers)},
    month = aug,
    year = {2021},
    address = {Online},
    publisher = {Association for Computational Linguistics},
    url = {https://aclanthology.org/2021.acl-long.353},
    doi = {10.18653/v1/2021.acl-long.353},
    pages = {4582--4597},
}

@article{ref27,
  title={Roberta: A robustly optimized bert pretraining approach},
  author={Liu, Yinhan and Ott, Myle and Goyal, Naman and Du, Jingfei and Joshi, Mandar and Chen, Danqi and Levy, Omer and Lewis, Mike and Zettlemoyer, Luke and Stoyanov, Veselin},
  journal={arXiv preprint arXiv:1907.11692},
  year={2019},
  doi={10.48550/arXiv.1907.11692}
}