@inproceedings{WeiBZGYLDDL22,
  author       = {Jason Wei and
                  Maarten Bosma and
                  Vincent Y. Zhao and
                  Kelvin Guu and
                  Adams Wei Yu and
                  Brian Lester and
                  Nan Du and
                  Andrew M. Dai and
                  Quoc V. Le},
  title        = {Finetuned Language Models are Zero-Shot Learners},
  booktitle    = {{ICLR}},
  publisher    = {OpenReview.net},
  year         = {2022}
}
@article{chen2020survey,
  title={A Survey of Adversarial Learning on Graph},
  author={Chen, Liang and Li, Jintang and Peng, Jiaying and Xie, 
        Tao and Cao, Zengxu and Xu, Kun and He, 
        Xiangnan and Zheng, Zibin and Wu, Bingzhe},
  journal={arXiv preprint arXiv:2003.05730},
  year={2020}
}
@inproceedings{ofa,
  author       = {Hao Liu and
                  Jiarui Feng and
                  Lecheng Kong and
                  Ningyue Liang and
                  Dacheng Tao and
                  Yixin Chen and
                  Muhan Zhang},
  title        = {One For All: Towards Training One Graph Model For All Classification
                  Tasks},
  booktitle    = {{ICLR}},
  publisher    = {OpenReview.net},
  year         = {2024}
}
@inproceedings{graphmae,
  author       = {Zhenyu Hou and
                  Xiao Liu and
                  Yukuo Cen and
                  Yuxiao Dong and
                  Hongxia Yang and
                  Chunjie Wang and
                  Jie Tang},
  title        = {GraphMAE: Self-Supervised Masked Graph Autoencoders},
  booktitle    = {{KDD}},
  pages        = {594--604},
  publisher    = {{ACM}},
  year         = {2022}
}
@inproceedings{GIMLET,
  author       = {Haiteng Zhao and
                  Shengchao Liu and
                  Chang Ma and
                  Hannan Xu and
                  Jie Fu and
                  Zhihong Deng and
                  Lingpeng Kong and
                  Qi Liu},
  title        = {{GIMLET:} {A} Unified Graph-Text Model for Instruction-Based Molecule
                  Zero-Shot Learning},
  booktitle    = {NeurIPS},
  year         = {2023}
}
@article{graphllm,
  author       = {Ziwei Chai and
                  Tianjie Zhang and
                  Liang Wu and
                  Kaiqiao Han and
                  Xiaohai Hu and
                  Xuanwen Huang and
                  Yang Yang},
  title        = {GraphLLM: Boosting Graph Reasoning Ability of Large Language Model},
  journal      = {CoRR},
  volume       = {abs/2310.05845},
  year         = {2023}
}
@inproceedings{instructglm,
  author       = {Ruosong Ye and
                  Caiqi Zhang and
                  Runhui Wang and
                  Shuyuan Xu and
                  Yongfeng Zhang},
  title        = {Language is All a Graph Needs},
  booktitle    = {{EACL} (Findings)},
  pages        = {1955--1973},
  publisher    = {Association for Computational Linguistics},
  year         = {2024}
}

@inproceedings{WangFHTHT23,
  author       = {Heng Wang and
                  Shangbin Feng and
                  Tianxing He and
                  Zhaoxuan Tan and
                  Xiaochuang Han and
                  Yulia Tsvetkov},
  title        = {Can Language Models Solve Graph Problems in Natural Language?},
  booktitle    = {NeurIPS},
  year         = {2023}
}
@inproceedings{c_and_s,
  author       = {Qian Huang and
                  Horace He and
                  Abhay Singh and
                  Ser{-}Nam Lim and
                  Austin R. Benson},
  title        = {Combining Label Propagation and Simple Models out-performs Graph Neural
                  Networks},
  booktitle    = {{ICLR}},
  publisher    = {OpenReview.net},
  year         = {2021}
}

@article{mistral,
  author       = {Albert Q. Jiang and
                  Alexandre Sablayrolles and
                  Arthur Mensch and
                  Chris Bamford and
                  Devendra Singh Chaplot and
                  Diego de Las Casas and
                  Florian Bressand and
                  Gianna Lengyel and
                  Guillaume Lample and
                  Lucile Saulnier and
                  L{\'{e}}lio Renard Lavaud and
                  Marie{-}Anne Lachaux and
                  Pierre Stock and
                  Teven Le Scao and
                  Thibaut Lavril and
                  Thomas Wang and
                  Timoth{\'{e}}e Lacroix and
                  William El Sayed},
  title        = {Mistral 7B},
  journal      = {CoRR},
  volume       = {abs/2310.06825},
  year         = {2023}
}
@article{phi-3,
  author       = {Marah I Abdin and
                  Sam Ade Jacobs and
                  Ammar Ahmad Awan and
                  Jyoti Aneja and
                  Ahmed Awadallah and
                  Hany Awadalla and
                  Nguyen Bach and
                  Amit Bahree and
                  Arash Bakhtiari and
                  Harkirat S. Behl and
                  Alon Benhaim and
                  Misha Bilenko and
                  Johan Bjorck and
                  S{\'{e}}bastien Bubeck and
                  Martin Cai and
                  Caio C{\'{e}}sar Teodoro Mendes and
                  Weizhu Chen and
                  Vishrav Chaudhary and
                  Parul Chopra and
                  Allie Del Giorno and
                  Gustavo de Rosa and
                  Matthew Dixon and
                  Ronen Eldan and
                  Dan Iter and
                  Amit Garg and
                  Abhishek Goswami and
                  Suriya Gunasekar and
                  Emman Haider and
                  Junheng Hao and
                  Russell J. Hewett and
                  Jamie Huynh and
                  Mojan Javaheripi and
                  Xin Jin and
                  Piero Kauffmann and
                  Nikos Karampatziakis and
                  Dongwoo Kim and
                  Mahoud Khademi and
                  Lev Kurilenko and
                  James R. Lee and
                  Yin Tat Lee and
                  Yuanzhi Li and
                  Chen Liang and
                  Weishung Liu and
                  Eric Lin and
                  Zeqi Lin and
                  Piyush Madan and
                  Arindam Mitra and
                  Hardik Modi and
                  Anh Nguyen and
                  Brandon Norick and
                  Barun Patra and
                  Daniel Perez{-}Becker and
                  Thomas Portet and
                  Reid Pryzant and
                  Heyang Qin and
                  Marko Radmilac and
                  Corby Rosset and
                  Sambudha Roy and
                  Olatunji Ruwase and
                  Olli Saarikivi and
                  Amin Saied and
                  Adil Salim and
                  Michael Santacroce and
                  Shital Shah and
                  Ning Shang and
                  Hiteshi Sharma and
                  Xia Song and
                  Masahiro Tanaka and
                  Xin Wang and
                  Rachel Ward and
                  Guanhua Wang and
                  Philipp Witte and
                  Michael Wyatt and
                  Can Xu and
                  Jiahang Xu and
                  Sonali Yadav and
                  Fan Yang and
                  Ziyi Yang and
                  Donghan Yu and
                  Chengruidong Zhang and
                  Cyril Zhang and
                  Jianwen Zhang and
                  Li Lyna Zhang and
                  Yi Zhang and
                  Yue Zhang and
                  Yunan Zhang and
                  Xiren Zhou},
  title        = {Phi-3 Technical Report: {A} Highly Capable Language Model Locally
                  on Your Phone},
  journal      = {CoRR},
  volume       = {abs/2404.14219},
  year         = {2024}
}
@inproceedings{SunDY22,
  author       = {Ruoxi Sun and
                  Hanjun Dai and
                  Adams Wei Yu},
  title        = {Does {GNN} Pretraining Help Molecular Representation?},
  booktitle    = {NeurIPS},
  year         = {2022}
}
@inproceedings{Fan0LHZTY19,
  author       = {Wenqi Fan and
                  Yao Ma and
                  Qing Li and
                  Yuan He and
                  Yihong Eric Zhao and
                  Jiliang Tang and
                  Dawei Yin},
  title        = {Graph Neural Networks for Social Recommendation},
  booktitle    = {{WWW}},
  pages        = {417--426},
  publisher    = {{ACM}},
  year         = {2019}
}
@inproceedings{nodeformer,
  author       = {Qitian Wu and
                  Wentao Zhao and
                  Zenan Li and
                  David P. Wipf and
                  Junchi Yan},
  title        = {NodeFormer: {A} Scalable Graph Structure Learning Transformer for
                  Node Classification},
  booktitle    = {NeurIPS},
  year         = {2022}
}
@inproceedings{llaga,
  author       = {Runjin Chen and
                  Tong Zhao and
                  Ajay Kumar Jaiswal and
                  Neil Shah and
                  Zhangyang Wang},
  title        = {LLaGA: Large Language and Graph Assistant},
  booktitle    = {{ICML}},
  publisher    = {OpenReview.net},
  year         = {2024}
}
@inproceedings{glem,
  author       = {Jianan Zhao and
                  Meng Qu and
                  Chaozhuo Li and
                  Hao Yan and
                  Qian Liu and
                  Rui Li and
                  Xing Xie and
                  Jian Tang},
  title        = {Learning on Large-scale Text-attributed Graphs via Variational Inference},
  booktitle    = {{ICLR}},
  publisher    = {OpenReview.net},
  year         = {2023}
}
@article{transformers,
  author       = {Thomas Wolf and
                  Lysandre Debut and
                  Victor Sanh and
                  Julien Chaumond and
                  Clement Delangue and
                  Anthony Moi and
                  Pierric Cistac and
                  Tim Rault and
                  R{\'{e}}mi Louf and
                  Morgan Funtowicz and
                  Jamie Brew},
  title        = {HuggingFace's Transformers: State-of-the-art Natural Language Processing},
  journal      = {CoRR},
  volume       = {abs/1910.03771},
  year         = {2019}
}
@article{adam,
  author       = {Steffen Dereich and
                  Robin Graeber and
                  Arnulf Jentzen},
  title        = {Non-convergence of Adam and other adaptive stochastic gradient descent
                  optimization methods for non-vanishing learning rates},
  journal      = {CoRR},
  volume       = {abs/2407.08100},
  year         = {2024}
}
@inproceedings{lightgcn,
  author       = {Xiangnan He and
                  Kuan Deng and
                  Xiang Wang and
                  Yan Li and
                  Yong{-}Dong Zhang and
                  Meng Wang},
  title        = {LightGCN: Simplifying and Powering Graph Convolution Network for Recommendation},
  booktitle    = {{SIGIR}},
  pages        = {639--648},
  publisher    = {{ACM}},
  year         = {2020}
}
@article{flashrag,
  author       = {Jiajie Jin and
                  Yutao Zhu and
                  Xinyu Yang and
                  Chenghao Zhang and
                  Zhicheng Dou},
  title        = {FlashRAG: {A} Modular Toolkit for Efficient Retrieval-Augmented Generation
                  Research},
  journal      = {CoRR},
  volume       = {abs/2405.13576},
  year         = {2024}
}
@article{gemma_2024,
    title={Gemma},
    url={https://www.kaggle.com/m/3301},
    DOI={10.34740/KAGGLE/M/3301},
    publisher={Kaggle},
    author={Gemma Team},
    year={2024}
}

@article{qwen2.5,
    title   = {Qwen2.5 Technical Report}, 
    author  = {An Yang and Baosong Yang and Beichen Zhang and Binyuan Hui and Bo Zheng and Bowen Yu and Chengyuan Li and Dayiheng Liu and Fei Huang and Haoran Wei and Huan Lin and Jian Yang and Jianhong Tu and Jianwei Zhang and Jianxin Yang and Jiaxi Yang and Jingren Zhou and Junyang Lin and Kai Dang and Keming Lu and Keqin Bao and Kexin Yang and Le Yu and Mei Li and Mingfeng Xue and Pei Zhang and Qin Zhu and Rui Men and Runji Lin and Tianhao Li and Tingyu Xia and Xingzhang Ren and Xuancheng Ren and Yang Fan and Yang Su and Yichang Zhang and Yu Wan and Yuqiong Liu and Zeyu Cui and Zhenru Zhang and Zihan Qiu},
    journal = {arXiv preprint arXiv:2412.15115},
    year    = {2024}
}

@article{swift,
  author       = {Yuze Zhao and
                  Jintao Huang and
                  Jinghan Hu and
                  Xingjun Wang and
                  Yunlin Mao and
                  Daoze Zhang and
                  Zeyinzi Jiang and
                  Zhikai Wu and
                  Baole Ai and
                  Ang Wang and
                  Wenmeng Zhou and
                  Yingda Chen},
  title        = {{SWIFT:A} Scalable lightWeight Infrastructure for Fine-Tuning},
  journal      = {CoRR},
  volume       = {abs/2408.05517},
  year         = {2024}
}
@inproceedings{lp,
  author       = {Dengyong Zhou and
                  Olivier Bousquet and
                  Thomas Navin Lal and
                  Jason Weston and
                  Bernhard Sch{\"{o}}lkopf},
  title        = {Learning with Local and Global Consistency},
  booktitle    = {{NeurIPS}},
  pages        = {321--328},
  publisher    = {{MIT} Press},
  year         = {2003}
}
@inproceedings{hotpotqa,
  author       = {Zhilin Yang and
                  Peng Qi and
                  Saizheng Zhang and
                  Yoshua Bengio and
                  William W. Cohen and
                  Ruslan Salakhutdinov and
                  Christopher D. Manning},
  title        = {HotpotQA: {A} Dataset for Diverse, Explainable Multi-hop Question
                  Answering},
  booktitle    = {{EMNLP}},
  pages        = {2369--2380},
  publisher    = {Association for Computational Linguistics},
  year         = {2018}
}

@article{hetero2net,
  author       = {Jintang Li and
                  Zheng Wei and
                  Jiawang Dan and
                  Jing Zhou and
                  Yuchang Zhu and
                  Ruofan Wu and
                  Baokun Wang and
                  Zhang Zhen and
                  Changhua Meng and
                  Hong Jin and
                  Zibin Zheng and
                  Liang Chen},
  title        = {Hetero{\textdollar}{\^{}}2{\textdollar}Net: Heterophily-aware Representation
                  Learning on Heterogenerous Graphs},
  journal      = {CoRR},
  volume       = {abs/2310.11664},
  year         = {2023}
}

@inproceedings{ShiHFZWS21,
  author       = {Yunsheng Shi and
                  Zhengjie Huang and
                  Shikun Feng and
                  Hui Zhong and
                  Wenjing Wang and
                  Yu Sun},
  title        = {Masked Label Prediction: Unified Message Passing Model for Semi-Supervised
                  Classification},
  booktitle    = {{IJCAI}},
  pages        = {1548--1554},
  publisher    = {ijcai.org},
  year         = {2021}
}

@article{GPT4Graph,
  author       = {Jiayan Guo and
                  Lun Du and
                  Hengyu Liu},
  title        = {GPT4Graph: Can Large Language Models Understand Graph Structured Data
                  ? An Empirical Evaluation and Benchmarking},
  journal      = {CoRR},
  volume       = {abs/2305.15066},
  year         = {2023}
}
@article{llama3,
  author       = {Abhimanyu Dubey and
                  Abhinav Jauhri and
                  Abhinav Pandey and
                  Abhishek Kadian and
                  Ahmad Al{-}Dahle and
                  Aiesha Letman and
                  Akhil Mathur and
                  Alan Schelten and
                  Amy Yang and
                  Angela Fan and
                  Anirudh Goyal and
                  Anthony Hartshorn and
                  Aobo Yang and
                  Archi Mitra and
                  Archie Sravankumar and
                  Artem Korenev and
                  Arthur Hinsvark and
                  Arun Rao and
                  Aston Zhang and
                  Aur{\'{e}}lien Rodriguez and
                  Austen Gregerson and
                  Ava Spataru and
                  Baptiste Rozi{\`{e}}re and
                  Bethany Biron and
                  Binh Tang and
                  Bobbie Chern and
                  Charlotte Caucheteux and
                  Chaya Nayak and
                  Chloe Bi and
                  Chris Marra and
                  Chris McConnell and
                  Christian Keller and
                  Christophe Touret and
                  Chunyang Wu and
                  Corinne Wong and
                  Cristian Canton Ferrer and
                  Cyrus Nikolaidis and
                  Damien Allonsius and
                  Daniel Song and
                  Danielle Pintz and
                  Danny Livshits and
                  David Esiobu and
                  Dhruv Choudhary and
                  Dhruv Mahajan and
                  Diego Garcia{-}Olano and
                  Diego Perino and
                  Dieuwke Hupkes and
                  Egor Lakomkin and
                  Ehab AlBadawy and
                  Elina Lobanova and
                  Emily Dinan and
                  Eric Michael Smith and
                  Filip Radenovic and
                  Frank Zhang and
                  Gabriel Synnaeve and
                  Gabrielle Lee and
                  Georgia Lewis Anderson and
                  Graeme Nail and
                  Gr{\'{e}}goire Mialon and
                  Guan Pang and
                  Guillem Cucurell and
                  Hailey Nguyen and
                  Hannah Korevaar and
                  Hu Xu and
                  Hugo Touvron and
                  Iliyan Zarov and
                  Imanol Arrieta Ibarra and
                  Isabel M. Kloumann and
                  Ishan Misra and
                  Ivan Evtimov and
                  Jade Copet and
                  Jaewon Lee and
                  Jan Geffert and
                  Jana Vranes and
                  Jason Park and
                  Jay Mahadeokar and
                  Jeet Shah and
                  Jelmer van der Linde and
                  Jennifer Billock and
                  Jenny Hong and
                  Jenya Lee and
                  Jeremy Fu and
                  Jianfeng Chi and
                  Jianyu Huang and
                  Jiawen Liu and
                  Jie Wang and
                  Jiecao Yu and
                  Joanna Bitton and
                  Joe Spisak and
                  Jongsoo Park and
                  Joseph Rocca and
                  Joshua Johnstun and
                  Joshua Saxe and
                  Junteng Jia and
                  Kalyan Vasuden Alwala and
                  Kartikeya Upasani and
                  Kate Plawiak and
                  Ke Li and
                  Kenneth Heafield and
                  Kevin Stone and
                  et al.},
  title        = {The Llama 3 Herd of Models},
  journal      = {CoRR},
  volume       = {abs/2407.21783},
  year         = {2024}
}
@article{ChenMLJWWWYFLT23,
  author       = {Zhikai Chen and
                  Haitao Mao and
                  Hang Li and
                  Wei Jin and
                  Hongzhi Wen and
                  Xiaochi Wei and
                  Shuaiqiang Wang and
                  Dawei Yin and
                  Wenqi Fan and
                  Hui Liu and
                  Jiliang Tang},
  title        = {Exploring the Potential of Large Language Models (LLMs)in Learning
                  on Graphs},
  journal      = {{SIGKDD} Explor.},
  volume       = {25},
  number       = {2},
  pages        = {42--61},
  year         = {2023}
}
@inproceedings{LiuSZDCC22,
  author       = {Jiachang Liu and
                  Dinghan Shen and
                  Yizhe Zhang and
                  Bill Dolan and
                  Lawrence Carin and
                  Weizhu Chen},
  title        = {What Makes Good In-Context Examples for GPT-3?},
  booktitle    = {DeeLIO@ACL},
  pages        = {100--114},
  publisher    = {Association for Computational Linguistics},
  year         = {2022}
}
@inproceedings{talk_like_graph,
  author       = {Bahare Fatemi and
                  Jonathan Halcrow and
                  Bryan Perozzi},
  title        = {Talk like a Graph: Encoding Graphs for Large Language Models},
  booktitle    = {{ICLR}},
  publisher    = {OpenReview.net},
  year         = {2024}
}

@article{graphtext,
  author       = {Jianan Zhao and
                  Le Zhuo and
                  Yikang Shen and
                  Meng Qu and
                  Kai Liu and
                  Michael M. Bronstein and
                  Zhaocheng Zhu and
                  Jian Tang},
  title        = {GraphText: Graph Reasoning in Text Space},
  journal      = {CoRR},
  volume       = {abs/2310.01089},
  year         = {2023}
}
@inproceedings{ZhouSHWS0SCBLC23,
  author       = {Denny Zhou and
                  Nathanael Sch{\"{a}}rli and
                  Le Hou and
                  Jason Wei and
                  Nathan Scales and
                  Xuezhi Wang and
                  Dale Schuurmans and
                  Claire Cui and
                  Olivier Bousquet and
                  Quoc V. Le and
                  Ed H. Chi},
  title        = {Least-to-Most Prompting Enables Complex Reasoning in Large Language
                  Models},
  booktitle    = {{ICLR}},
  publisher    = {OpenReview.net},
  year         = {2023}
}
@inproceedings{zero_shot_cot,
  author       = {Takeshi Kojima and
                  Shixiang Shane Gu and
                  Machel Reid and
                  Yutaka Matsuo and
                  Yusuke Iwasawa},
  title        = {Large Language Models are Zero-Shot Reasoners},
  booktitle    = {NeurIPS},
  year         = {2022}
}
@inproceedings{SchickS21,
  author       = {Timo Schick and
                  Hinrich Sch{\"{u}}tze},
  title        = {It's Not Just Size That Matters: Small Language Models Are Also Few-Shot
                  Learners},
  booktitle    = {{NAACL-HLT}},
  pages        = {2339--2352},
  publisher    = {Association for Computational Linguistics},
  year         = {2021}
}
@inproceedings{ChenDPMISK22,
  author       = {Mingda Chen and
                  Jingfei Du and
                  Ramakanth Pasunuru and
                  Todor Mihaylov and
                  Srini Iyer and
                  Veselin Stoyanov and
                  Zornitsa Kozareva},
  title        = {Improving In-Context Few-Shot Learning via Self-Supervised Training},
  booktitle    = {{NAACL-HLT}},
  pages        = {3558--3573},
  publisher    = {Association for Computational Linguistics},
  year         = {2022}
}
@inproceedings{metaicl,
  author       = {Sewon Min and
                  Mike Lewis and
                  Luke Zettlemoyer and
                  Hannaneh Hajishirzi},
  title        = {MetaICL: Learning to Learn In Context},
  booktitle    = {{NAACL-HLT}},
  pages        = {2791--2809},
  publisher    = {Association for Computational Linguistics},
  year         = {2022}
}
@inproceedings{icl_survey2,
  author       = {Qingxiu Dong and
                  Lei Li and
                  Damai Dai and
                  Ce Zheng and
                  Jingyuan Ma and
                  Rui Li and
                  Heming Xia and
                  Jingjing Xu and
                  Zhiyong Wu and
                  Baobao Chang and
                  Xu Sun and
                  Zhifang Sui},
  title        = {A Survey on In-context Learning},
  booktitle    = {{EMNLP}},
  pages        = {1107--1128},
  publisher    = {Association for Computational Linguistics},
  year         = {2024}
}
@article{icl_survey,
  author       = {Man Luo and
                  Xin Xu and
                  Yue Liu and
                  Panupong Pasupat and
                  Mehran Kazemi},
  title        = {In-context Learning with Retrieved Demonstrations for Language Models:
                  {A} Survey},
  journal      = {CoRR},
  volume       = {abs/2401.11624},
  year         = {2024}
}

@inproceedings{cot,
  author       = {Jason Wei and
                  Xuezhi Wang and
                  Dale Schuurmans and
                  Maarten Bosma and
                  Brian Ichter and
                  Fei Xia and
                  Ed H. Chi and
                  Quoc V. Le and
                  Denny Zhou},
  title        = {Chain-of-Thought Prompting Elicits Reasoning in Large Language Models},
  booktitle    = {NeurIPS},
  year         = {2022}
}

@inproceedings{few_shot,
  author       = {Tom B. Brown and
                  Benjamin Mann and
                  Nick Ryder and
                  Melanie Subbiah and
                  Jared Kaplan and
                  Prafulla Dhariwal and
                  Arvind Neelakantan and
                  Pranav Shyam and
                  Girish Sastry and
                  Amanda Askell and
                  Sandhini Agarwal and
                  Ariel Herbert{-}Voss and
                  Gretchen Krueger and
                  Tom Henighan and
                  Rewon Child and
                  Aditya Ramesh and
                  Daniel M. Ziegler and
                  Jeffrey Wu and
                  Clemens Winter and
                  Christopher Hesse and
                  Mark Chen and
                  Eric Sigler and
                  Mateusz Litwin and
                  Scott Gray and
                  Benjamin Chess and
                  Jack Clark and
                  Christopher Berner and
                  Sam McCandlish and
                  Alec Radford and
                  Ilya Sutskever and
                  Dario Amodei},
  title        = {Language Models are Few-Shot Learners},
  booktitle    = {NeurIPS},
  year         = {2020}
}

@inproceedings{rag,
  author    = {Patrick S. H. Lewis and
               Ethan Perez and
               Aleksandra Piktus and
               Fabio Petroni and
               Vladimir Karpukhin and
               Naman Goyal and
               Heinrich K{\"{u}}ttler and
               Mike Lewis and
               Wen{-}tau Yih and
               Tim Rockt{\"{a}}schel and
               Sebastian Riedel and
               Douwe Kiela},
  booktitle = {NeurIPS},
  title     = {Retrieval-Augmented Generation for Knowledge-Intensive {NLP} Tasks},
  year      = {2020}
}
@inproceedings{rbcd,
  author       = {Simon Geisler and
                  Tobias Schmidt and
                  Hakan Sirin and
                  Daniel Z{\"{u}}gner and
                  Aleksandar Bojchevski and
                  Stephan G{\"{u}}nnemann},
  title        = {Robustness of Graph Neural Networks at Scale},
  booktitle    = {NeurIPS},
  pages        = {7637--7649},
  year         = {2021}
}
@inproceedings{nettack,
  author    = {Daniel Z{\"{u}}gner and
               Amir Akbarnejad and
               Stephan G{\"{u}}nnemann},
  title     = {Adversarial Attacks on Neural Networks for Graph Data},
  booktitle = {KDD},
  pages     = {2847--2856},
  year      = {2018}
}
@article{sga,
  author       = {Jintang Li and
                  Tao Xie and
                  Liang Chen and
                  Fenfang Xie and
                  Xiangnan He and
                  Zibin Zheng},
  title        = {Adversarial Attack on Large Scale Graph},
  journal      = {{IEEE} Trans. Knowl. Data Eng.},
  volume       = {35},
  number       = {1},
  pages        = {82--95},
  year         = {2023}
}
@article{foundation_models,
  author       = {Rishi Bommasani and
                  Drew A. Hudson and
                  Ehsan Adeli and
                  Russ B. Altman and
                  Simran Arora and
                  Sydney von Arx and
                  Michael S. Bernstein and
                  Jeannette Bohg and
                  Antoine Bosselut and
                  Emma Brunskill and
                  Erik Brynjolfsson and
                  Shyamal Buch and
                  Dallas Card and
                  Rodrigo Castellon and
                  Niladri S. Chatterji and
                  Annie S. Chen and
                  Kathleen Creel and
                  Jared Quincy Davis and
                  Dorottya Demszky and
                  Chris Donahue and
                  Moussa Doumbouya and
                  Esin Durmus and
                  Stefano Ermon and
                  John Etchemendy and
                  Kawin Ethayarajh and
                  Li Fei{-}Fei and
                  Chelsea Finn and
                  Trevor Gale and
                  Lauren E. Gillespie and
                  Karan Goel and
                  Noah D. Goodman and
                  Shelby Grossman and
                  Neel Guha and
                  Tatsunori Hashimoto and
                  Peter Henderson and
                  John Hewitt and
                  Daniel E. Ho and
                  Jenny Hong and
                  Kyle Hsu and
                  Jing Huang and
                  Thomas Icard and
                  Saahil Jain and
                  Dan Jurafsky and
                  Pratyusha Kalluri and
                  Siddharth Karamcheti and
                  Geoff Keeling and
                  Fereshte Khani and
                  Omar Khattab and
                  Pang Wei Koh and
                  Mark S. Krass and
                  Ranjay Krishna and
                  Rohith Kuditipudi and
                  et al.},
  title        = {On the Opportunities and Risks of Foundation Models},
  journal      = {CoRR},
  volume       = {abs/2108.07258},
  year         = {2021}
}
@inproceedings{DPR,
  author    = {Vladimir Karpukhin and
               Barlas Oguz and
               Sewon Min and
               Patrick S. H. Lewis and
               Ledell Wu and
               Sergey Edunov and
               Danqi Chen and
               Wen{-}tau Yih},
  booktitle = {{EMNLP} {(1)}},
  pages     = {6769--6781},
  publisher = {Association for Computational Linguistics},
  title     = {Dense Passage Retrieval for Open-Domain Question Answering},
  year      = {2020}
}
@article{graphsage,
  author  = {Hamilton, Will and Ying, Zhitao and Leskovec, Jure},
  journal = {Advances in neural information processing systems},
  title   = {Inductive representation learning on large graphs},
  volume  = {30},
  year    = {2017}
}
@inproceedings{gat,
  author    = {Petar Velickovic and
               Guillem Cucurull and
               Arantxa Casanova and
               Adriana Romero and
               Pietro Li{\`{o}} and
               Yoshua Bengio},
  booktitle = {{ICLR} (Poster)},
  publisher = {OpenReview.net},
  title     = {Graph Attention Networks},
  year      = {2018}
}
@article{tsgfm,
  author       = {Zhikai Chen and
                  Haitao Mao and
                  Jingzhe Liu and
                  Yu Song and
                  Bingheng Li and
                  Wei Jin and
                  Bahare Fatemi and
                  Anton Tsitsulin and
                  Bryan Perozzi and
                  Hui Liu and
                  Jiliang Tang},
  title        = {Text-space Graph Foundation Models: Comprehensive Benchmarks and New
                  Insights},
  journal      = {CoRR},
  volume       = {abs/2406.10727},
  year         = {2024}
}
@article{deepseek-coder,
  author       = {Daya Guo and
                  Qihao Zhu and
                  Dejian Yang and
                  Zhenda Xie and
                  Kai Dong and
                  Wentao Zhang and
                  Guanting Chen and
                  Xiao Bi and
                  Y. Wu and
                  Y. K. Li and
                  Fuli Luo and
                  Yingfei Xiong and
                  Wenfeng Liang},
  title        = {DeepSeek-Coder: When the Large Language Model Meets Programming -
                  The Rise of Code Intelligence},
  journal      = {CoRR},
  volume       = {abs/2401.14196},
  year         = {2024}
}
@inproceedings{gcn,
  author    = {Thomas N. Kipf and
               Max Welling},
  booktitle = {{ICLR} (Poster)},
  publisher = {OpenReview.net},
  title     = {Semi-Supervised Classification with Graph Convolutional Networks},
  year      = {2017}
}
@inproceedings{egp,
  author    = {Andreea Deac and
               Marc Lackenby and
               Petar Velickovic},
  booktitle = {LoG},
  pages     = {38},
  publisher = {{PMLR}},
  series    = {Proceedings of Machine Learning Research},
  title     = {Expander Graph Propagation},
  volume    = {198},
  year      = {2022}
}
@inproceedings{bert,
  author    = {Jacob Devlin and
               Ming{-}Wei Chang and
               Kenton Lee and
               Kristina Toutanova},
  booktitle = {{NAACL-HLT} {(1)}},
  pages     = {4171--4186},
  publisher = {Association for Computational Linguistics},
  title     = {{BERT:} Pre-training of Deep Bidirectional Transformers for Language
               Understanding},
  year      = {2019}
}
@inproceedings{deberta,
  author    = {Pengcheng He and
               Xiaodong Liu and
               Jianfeng Gao and
               Weizhu Chen},
  booktitle = {{ICLR}},
  publisher = {OpenReview.net},
  title     = {Deberta: decoding-Enhanced Bert with Disentangled Attention},
  year      = {2021}
}
@article{abs-2401-15884,
  author  = {Shi{-}Qi Yan and
             Jia{-}Chen Gu and
             Yun Zhu and
             Zhen{-}Hua Ling},
  journal = {CoRR},
  title   = {Corrective Retrieval Augmented Generation},
  volume  = {abs/2401.15884},
  year    = {2024}
}
@inproceedings{LLatrieval,
  author    = {Xiaonan Li and
               Changtai Zhu and
               Linyang Li and
               Zhangyue Yin and
               Tianxiang Sun and
               Xipeng Qiu},
  booktitle = {{NAACL-HLT}},
  pages     = {5453--5471},
  publisher = {Association for Computational Linguistics},
  title     = {LLatrieval: LLM-Verified Retrieval for Verifiable Generation},
  year      = {2024}
}

@inproceedings{replug,
  author    = {Weijia Shi and
               Sewon Min and
               Michihiro Yasunaga and
               Minjoon Seo and
               Richard James and
               Mike Lewis and
               Luke Zettlemoyer and
               Wen{-}tau Yih},
  booktitle = {{NAACL-HLT}},
  pages     = {8371--8384},
  publisher = {Association for Computational Linguistics},
  title     = {{REPLUG:} Retrieval-Augmented Black-Box Language Models},
  year      = {2024}
}

@inproceedings{rag_survey,
  author    = {Wenqi Fan and
               Yujuan Ding and
               Liangbo Ning and
               Shijie Wang and
               Hengyun Li and
               Dawei Yin and
               Tat{-}Seng Chua and
               Qing Li},
  booktitle = {{KDD}},
  pages     = {6491--6501},
  publisher = {{ACM}},
  title     = {A Survey on {RAG} Meeting LLMs: Towards Retrieval-Augmented Large
               Language Models},
  year      = {2024}
}

@article{speculative_rag,
  author  = {Zilong Wang and
             Zifeng Wang and
             Long T. Le and
             Huaixiu Steven Zheng and
             Swaroop Mishra and
             Vincent Perot and
             Yuwei Zhang and
             Anush Mattapalli and
             Ankur Taly and
             Jingbo Shang and
             Chen{-}Yu Lee and
             Tomas Pfister},
  journal = {CoRR},
  title   = {Speculative {RAG:} Enhancing Retrieval Augmented Generation through
             Drafting},
  volume  = {abs/2407.08223},
  year    = {2024}
}

@inproceedings{selfrag,
  author    = {Akari Asai and
               Zeqiu Wu and
               Yizhong Wang and
               Avirup Sil and
               Hannaneh Hajishirzi},
  booktitle = {{ICLR}},
  publisher = {OpenReview.net},
  title     = {Self-RAG: Learning to Retrieve, Generate, and Critique through Self-Reflection},
  year      = {2024}
}

@article{IzacardLLHPSDJRG23,
  author  = {Gautier Izacard and
             Patrick S. H. Lewis and
             Maria Lomeli and
             Lucas Hosseini and
             Fabio Petroni and
             Timo Schick and
             Jane Dwivedi{-}Yu and
             Armand Joulin and
             Sebastian Riedel and
             Edouard Grave},
  journal = {J. Mach. Learn. Res.},
  pages   = {251:1--251:43},
  title   = {Atlas: Few-shot Learning with Retrieval Augmented Language Models},
  volume  = {24},
  year    = {2023}
}

@article{graphrag,
  author  = {Darren Edge and
             Ha Trinh and
             Newman Cheng and
             Joshua Bradley and
             Alex Chao and
             Apurva Mody and
             Steven Truitt and
             Jonathan Larson},
  journal = {CoRR},
  title   = {From Local to Global: {A} Graph {RAG} Approach to Query-Focused Summarization},
  volume  = {abs/2404.16130},
  year    = {2024}
}
@inproceedings{mediangcn,
  author    = {Liang Chen and
               Jintang Li and
               Qibiao Peng and
               Yang Liu and
               Zibin Zheng and
               Carl Yang},
  booktitle = {{IJCAI}},
  pages     = {2249--2255},
  publisher = {ijcai.org},
  title     = {Understanding Structural Vulnerability in Graph Convolutional Networks},
  year      = {2021}
}
@inproceedings{message_passing,
  author    = {Justin Gilmer and
               Samuel S. Schoenholz and
               Patrick F. Riley and
               Oriol Vinyals and
               George E. Dahl},
  booktitle = {{ICML}},
  pages     = {1263--1272},
  publisher = {{PMLR}},
  series    = {Proceedings of Machine Learning Research},
  title     = {Neural Message Passing for Quantum Chemistry},
  volume    = {70},
  year      = {2017}
}
@inproceedings{ijcai2022p338,
  author    = {Zhu, Zulun and Peng, Jiaying and Li, Jintang and Chen, Liang and Yu, Qi and Luo, Siqiang},
  booktitle = {IJCAI},
  doi       = {10.24963/ijcai.2022/338},
  month     = {7},
  note      = {Main Track},
  pages     = {2434--2440},
  title     = {Spiking Graph Convolutional Networks},
  year      = {2022}
}
@inproceedings{AdamW,
  author    = {Ilya Loshchilov and
               Frank Hutter},
  booktitle = {{ICLR} (Poster)},
  publisher = {OpenReview.net},
  title     = {Decoupled Weight Decay Regularization},
  year      = {2019}
}
@inproceedings{mad,
  author    = {Deli Chen and
               Yankai Lin and
               Wei Li and
               Peng Li and
               Jie Zhou and
               Xu Sun},
  booktitle = {{AAAI}},
  pages     = {3438--3445},
  publisher = {{AAAI} Press},
  title     = {Measuring and Relieving the Over-Smoothing Problem for Graph Neural
               Networks from the Topological View},
  year      = {2020}
}
@article{sen2008collective,
  author  = {Sen, Prithviraj and Namata, Galileo and Bilgic, Mustafa and Getoor, Lise and Galligher, Brian and Eliassi-Rad, Tina},
  journal = {AI magazine},
  number  = {3},
  pages   = {93--93},
  title   = {Collective classification in network data},
  volume  = {29},
  year    = {2008}
}
@inproceedings{pytorch,
  author    = {Adam Paszke and
               Sam Gross and
               Francisco Massa and
               Adam Lerer and
               James Bradbury and
               Gregory Chanan and
               Trevor Killeen and
               Zeming Lin and
               Natalia Gimelshein and
               Luca Antiga and
               Alban Desmaison and
               Andreas K{\"{o}}pf and
               Edward Z. Yang and
               Zachary DeVito and
               Martin Raison and
               Alykhan Tejani and
               Sasank Chilamkurthy and
               Benoit Steiner and
               Lu Fang and
               Junjie Bai and
               Soumith Chintala},
  booktitle = {NeurIPS},
  pages     = {8024--8035},
  title     = {PyTorch: An Imperative Style, High-Performance Deep Learning Library},
  year      = {2019}
}
@inproceedings{pyg,
  author    = {Fey, Matthias and Lenssen, Jan E.},
  booktitle = {ICLR Workshop on Representation Learning on Graphs and Manifolds},
  title     = {Fast Graph Representation Learning with {PyTorch Geometric}},
  year      = {2019}
}
@article{shchur2018pitfalls,
  author  = {Shchur, Oleksandr and Mumme, Maximilian and Bojchevski, Aleksandar and G{\"u}nnemann, Stephan},
  journal = {Relational Representation Learning Workshop, NeurIPS},
  title   = {Pitfalls of Graph Neural Network Evaluation},
  year    = {2018}
}
@article{hu2020ogb,
  author  = {Hu, Weihua and Fey, Matthias and Zitnik, Marinka and Dong, Yuxiao and Ren, Hongyu and Liu, Bowen and Catasta, Michele and Leskovec, Jure},
  journal = {arXiv preprint arXiv:2005.00687},
  title   = {Open Graph Benchmark: Datasets for Machine Learning on Graphs},
  year    = {2020}
}
@article{rong2020self,
  author  = {Rong, Yu and Bian, Yatao and Xu, Tingyang and Xie, Weiyang and Wei, Ying and Huang, Wenbing and Huang, Junzhou},
  journal = {NeurIPS},
  pages   = {12559--12571},
  title   = {Self-supervised graph transformer on large-scale molecular data},
  volume  = {33},
  year    = {2020}
}
@article{wang2021review,
  author  = {Wang, Jianian and Zhang, Sheng and Xiao, Yanghua and Song, Rui},
  journal = {arXiv preprint arXiv:2111.15367},
  title   = {A Review on Graph Neural Network Methods in Financial Applications},
  year    = {2021}
}
@inproceedings{ggd,
  author    = {Yizhen Zheng and
               Shirui Pan and
               Vincent C. S. Lee and
               Yu Zheng and
               Philip S. Yu},
  booktitle = {NeurIPS},
  title     = {Rethinking and Scaling Up Graph Contrastive Learning: An Extremely
               Efficient Approach with Group Discrimination},
  year      = {2022}
}

@article{LeeDP16,
  author  = {Junhaeng Lee and
             Tobi Delbr{\"{u}}ck and
             Michael Pfeiffer},
  journal = {CoRR},
  title   = {Training Deep Spiking Neural Networks using Backpropagation},
  volume  = {abs/1608.08782},
  year    = {2016}
}
@inproceedings{KimPNY20,
  author    = {Sei Joon Kim and
               Seongsik Park and
               Byunggook Na and
               Sungroh Yoon},
  booktitle = {{AAAI}},
  pages     = {11270--11277},
  publisher = {{AAAI} Press},
  title     = {Spiking-YOLO: Spiking Neural Network for Energy-Efficient Object Detection},
  year      = {2020}
}
@article{gnnrag,
  author  = {Costas Mavromatis and
             George Karypis},
  journal = {CoRR},
  title   = {{GNN-RAG:} Graph Neural Retrieval for Large Language Model Reasoning},
  volume  = {abs/2405.20139},
  year    = {2024}
}
@inproceedings{gretriever,
  author    = {Xiaoxin He and Yijun Tian and Yifei Sun and Nitesh V Chawla and Thomas Laurent and Yann LeCun and Xavier Bresson and Bryan Hooi},
  booktitle = {NeurIPS},
  title     = {G-Retriever: Retrieval-Augmented Generation for Textual Graph Understanding and Question Answering},
  year      = {2024}
}
@inproceedings{grace,
  author    = {Yanqiao Zhu and Yichen Xu and Feng Yu and Qiang Liu and Shu Wu and Liang Wang},
  booktitle = {ICML Workshop on Graph Representation Learning and Beyond},
  title     = {{Deep Graph Contrastive Representation Learning}},
  year      = {2020}
}
@inproceedings{spikenet,
  author    = {Li, Jintang and Yu, Zhouxin and Zhu, Zulun and Chen, Liang and Yu, Qi and Zheng, Zibin and Tian, Sheng and Wu, Ruofan and Meng, Changhua},
  booktitle = {AAAI},
  title     = {Scaling Up Dynamic Graph Representation Learning via Spiking Neural Networks},
  year      = {2023}
}

@inproceedings{bgrl,
  author    = {Shantanu Thakoor and Corentin Tallec and Mohammad Gheshlaghi Azar and Remi Munos and Petar Veli{\v{c}}kovi{\'c} and Michal Valko},
  booktitle = {ICLR 2021 Workshop on Geometrical and Topological Representation Learning},
  title     = {Bootstrapped Representation Learning on Graphs},
  year      = {2021}
}
@inproceedings{cca_ssg,
  author    = {Hengrui Zhang and Qitian Wu and Junchi Yan and David Wipf and Philip S. Yu},
  booktitle = {NeurIPS},
  title     = {From Canonical Correlation Analysis to Self-supervised Graph Neural Networks},
  year      = {2021}
}
@inproceedings{sugrl,
  author    = {Yujie Mo and
               Liang Peng and
               Jie Xu and
               Xiaoshuang Shi and
               Xiaofeng Zhu},
  booktitle = {{AAAI}},
  pages     = {7797--7805},
  publisher = {{AAAI} Press},
  title     = {Simple Unsupervised Graph Representation Learning},
  year      = {2022}
}
@inproceedings{sgc,
  author    = {Felix Wu and
               Amauri H. Souza Jr. and
               Tianyi Zhang and
               Christopher Fifty and
               Tao Yu and
               Kilian Q. Weinberger},
  booktitle = {{ICML}},
  pages     = {6861--6871},
  publisher = {{PMLR}},
  series    = {Proceedings of Machine Learning Research},
  title     = {Simplifying Graph Convolutional Networks},
  volume    = {97},
  year      = {2019}
}
@inproceedings{maskgae,
  author    = {Jintang Li and
               Ruofan Wu and
               Wangbin Sun and
               Liang Chen and
               Sheng Tian and
               Liang Zhu and
               Changhua Meng and
               Zibin Zheng and
               Weiqiang Wang},
  booktitle = {{KDD}},
  pages     = {1268--1279},
  publisher = {{ACM}},
  title     = {What's Behind the Mask: Understanding Masked Graph Modeling for Graph Autoencoders},
  year      = {2023}
}

@inproceedings{yu2021graph,
  author    = {Yu, Junchi and Xu, Tingyang and Rong, Yu and Bian, Yatao and Huang, Junzhou and He, Ran},
  booktitle = {ICLR},
  title     = {Graph Information Bottleneck for Subgraph Recognition},
  year      = {2021}
}
@article{yu2021recognizing,
  author    = {Yu, Junchi and Xu, Tingyang and Rong, Yu and Bian, Yatao and Huang, Junzhou and He, Ran},
  journal   = {IEEE Transactions on Pattern Analysis and Machine Intelligence},
  publisher = {IEEE},
  title     = {Recognizing predictive substructures with subgraph information bottleneck},
  year      = {2021}
}

@article{dgi,
  author  = {Velickovic, Petar and Fedus, William and Hamilton, William L and Li{\`o}, Pietro and Bengio, Yoshua and Hjelm, R Devon},
  journal = {ICLR (Poster)},
  number  = {3},
  pages   = {4},
  title   = {Deep Graph Infomax.},
  volume  = {2},
  year    = {2019}
}
@inproceedings{graphcl,
  author    = {Yuning You and
               Tianlong Chen and
               Yongduo Sui and
               Ting Chen and
               Zhangyang Wang and
               Yang Shen},
  booktitle = {NeurIPS},
  title     = {Graph Contrastive Learning with Augmentations},
  year      = {2020}
}
@article{DBLP:journals/corr/abs-2103-00111,
  author  = {Yixin Liu and
             Shirui Pan and
             Ming Jin and
             Chuan Zhou and
             Feng Xia and
             Philip S. Yu},
  journal = {CoRR},
  title   = {Graph Self-Supervised Learning: {A} Survey},
  volume  = {abs/2103.00111},
  year    = {2021}
}
@article{hardware_gnn,
  author  = {Ao Zhou and
             Jianlei Yang and
             Yingjie Qi and
             Yumeng Shi and
             Tong Qiao and
             Weisheng Zhao and
             Chunming Hu},
  journal = {CoRR},
  title   = {Hardware-Aware Graph Neural Network Automated Design for Edge Computing
             Platforms},
  volume  = {abs/2303.10875},
  year    = {2023}
}
@inproceedings{bigcn,
  author    = {Junfu Wang and
               Yunhong Wang and
               Zhen Yang and
               Liang Yang and
               Yuanfang Guo},
  booktitle = {{CVPR}},
  pages     = {1561--1570},
  publisher = {Computer Vision Foundation / {IEEE}},
  title     = {Bi-GCN: Binary Graph Convolutional Network},
  year      = {2021}
}

@article{hu2020open,
  author  = {Hu, Weihua and Fey, Matthias and Zitnik, Marinka and Dong, Yuxiao and Ren, Hongyu and Liu, Bowen and Catasta, Michele and Leskovec, Jure},
  journal = {Advances in neural information processing systems},
  pages   = {22118--22133},
  title   = {Open graph benchmark: Datasets for machine learning on graphs},
  volume  = {33},
  year    = {2020}
}
@inproceedings{chen2022learning,
  author    = {Chen, Yankai and Guo, Huifeng and Zhang, Yingxue and Ma, Chen and Tang, Ruiming and Li, Jingjie and King, Irwin},
  booktitle = {KDD},
  pages     = {168--178},
  title     = {Learning binarized graph representations with multi-faceted quantization reinforcement for top-k recommendation},
  year      = {2022}
}
@inproceedings{pygcl,
  author    = {Yanqiao Zhu and
               Yichen Xu and
               Qiang Liu and
               Shu Wu},
  booktitle = {NeurIPS Datasets and Benchmarks},
  title     = {An Empirical Study of Graph Contrastive Learning},
  year      = {2021}
}
@inproceedings{li2023scaling,
  author    = {Li, Jintang and Yu, Zhouxin and Zhu, Zulun and Chen, Liang and Yu, Qi and Zheng, Zibin and Tian, Sheng and Wu, Ruofan and Meng, Changhua},
  booktitle = {AAAI},
  title     = {Scaling Up Dynamic Graph Representation Learning via Spiking Neural Networks},
  year      = {2023}
}

@inproceedings{ijcai2021p441,
  author    = {Xu, Mingkun and Wu, Yujie and Deng, Lei and Liu, Faqiang and Li, Guoqi and Pei, Jing},
  booktitle = {IJCAI},
  month     = {8},
  note      = {Main Track},
  pages     = {3207--3213},
  publisher = {IJCAI},
  title     = {Exploiting Spiking Dynamics with Spatial-temporal Feature Normalization in Graph Learning},
  year      = {2021}
}


@article{IF,
  author    = {Salinas, Emilio and Sejnowski, Terrence J},
  journal   = {Neural computation},
  number    = {9},
  pages     = {2111--2155},
  publisher = {MIT Press},
  title     = {Integrate-and-fire neurons driven by correlated stochastic input},
  volume    = {14},
  year      = {2002}
}
@inproceedings{hamilton2017inductive,
  author    = {Hamilton, Will and Ying, Zhitao and Leskovec, Jure},
  booktitle = {NeurIPS},
  pages     = {1024--1034},
  title     = {Inductive representation learning on large graphs},
  year      = {2017}
}
@article{PLIF,
  author  = {Fang, Wei and Yu, Zhaofei and Chen, Yanqi and Masquelier, Timoth{\'e}e and Huang, Tiejun and Tian, Yonghong},
  journal = {arXiv preprint arXiv:2007.05785},
  title   = {Incorporating learnable membrane time constant to enhance learning of spiking neural networks},
  year    = {2020}
}
@inproceedings{DBLP:conf/ijcai/ZhaoLHLZ21,
  author    = {Chengshuai Zhao and
               Shuai Liu and
               Feng Huang and
               Shichao Liu and
               Wen Zhang},
  booktitle = {{IJCAI}},
  pages     = {3756--3763},
  publisher = {ijcai.org},
  title     = {{CSGNN:} Contrastive Self-Supervised Graph Neural Network for Molecular
               Interaction Prediction},
  year      = {2021}
}
@article{abs-2303-10780,
  author  = {Kai Malcolm and
             Josue Casco{-}Rodriguez},
  journal = {CoRR},
  title   = {A Comprehensive Review of Spiking Neural Networks: Interpretation,
             Optimization, Efficiency, and Best Practices},
  volume  = {abs/2303.10780},
  year    = {2023}
}
@inproceedings{GZMTLK22,
  author    = {Yankai Chen and
               Huifeng Guo and
               Yingxue Zhang and
               Chen Ma and
               Ruiming Tang and
               Jingjie Li and
               Irwin King},
  booktitle = {{KDD}},
  pages     = {168--178},
  publisher = {{ACM}},
  title     = {Learning Binarized Graph Representations with Multi-faceted Quantization
               Reinforcement for Top-K Recommendation},
  year      = {2022}
}
@inproceedings{FengLTM022,
  author    = {Lang Feng and
               Qianhui Liu and
               Huajin Tang and
               De Ma and
               Gang Pan},
  booktitle = {{IJCAI}},
  pages     = {2471--2477},
  publisher = {ijcai.org},
  title     = {Multi-Level Firing with Spiking DS-ResNet: Enabling Better and Deeper
               Directly-Trained Spiking Neural Networks},
  year      = {2022}
}
@inproceedings{FangYCHMT21,
  author    = {Wei Fang and
               Zhaofei Yu and
               Yanqi Chen and
               Tiejun Huang and
               Timoth{\'{e}}e Masquelier and
               Yonghong Tian},
  booktitle = {NeurIPS},
  pages     = {21056--21069},
  title     = {Deep Residual Learning in Spiking Neural Networks},
  year      = {2021}
}
@article{davies2018loihi,
  author    = {Davies, Mike and Srinivasa, Narayan and Lin, Tsung-Han and Chinya, Gautham and Cao, Yongqiang and Choday, Sri Harsha and Dimou, Georgios and Joshi, Prasad and Imam, Nabil and Jain, Shweta and others},
  journal   = {Ieee Micro},
  number    = {1},
  pages     = {82--99},
  publisher = {IEEE},
  title     = {Loihi: A neuromorphic manycore processor with on-chip learning},
  volume    = {38},
  year      = {2018}
}
@inproceedings{rolls,
  author       = {Indiveri, Giacomo and Corradi, Federico and Qiao, Ning},
  booktitle    = {2015 IEEE International Electron Devices Meeting (IEDM)},
  organization = {IEEE},
  pages        = {4--2},
  title        = {Neuromorphic architectures for spiking deep neural networks},
  year         = {2015}
}
@article{ann2snn,
  author  = {Bodo Rueckauer and
             Iulia{-}Alexandra Lungu and
             Yuhuang Hu and
             Michael Pfeiffer},
  journal = {CoRR},
  title   = {Theory and Tools for the Conversion of Analog to Spiking Convolutional Neural Networks},
  volume  = {abs/1612.04052},
  year    = {2016}
}
@article{spikformer,
  author  = {Zhaokun Zhou and
             Yuesheng Zhu and
             Chao He and
             Yaowei Wang and
             Shuicheng Yan and
             Yonghong Tian and
             Li Yuan},
  journal = {CoRR},
  title   = {Spikformer: When Spiking Neural Network Meets Transformer},
  volume  = {abs/2209.15425},
  year    = {2022}
}

@inproceedings{graphsaint,
  author    = {Hanqing Zeng and
               Hongkuan Zhou and
               Ajitesh Srivastava and
               Rajgopal Kannan and
               Viktor K. Prasanna},
  booktitle = {{ICLR}},
  publisher = {OpenReview.net},
  title     = {GraphSAINT: Graph Sampling Based Inductive Learning Method},
  year      = {2020}
}
@inproceedings{clustergcn,
  author    = {Wei{-}Lin Chiang and
               Xuanqing Liu and
               Si Si and
               Yang Li and
               Samy Bengio and
               Cho{-}Jui Hsieh},
  booktitle = {{KDD}},
  pages     = {257--266},
  publisher = {{ACM}},
  title     = {Cluster-GCN: An Efficient Algorithm for Training Deep and Large Graph
               Convolutional Networks},
  year      = {2019}
}
@inproceedings{mvgrl,
  author    = {Kaveh Hassani and
               Amir Hosein Khas Ahmadi},
  booktitle = {ICML},
  pages     = {4116--4126},
  publisher = {{PMLR}},
  title     = {Contrastive Multi-View Representation Learning on Graphs},
  volume    = {119},
  year      = {2020}
}
@inproceedings{relu,
  author    = {Vinod Nair and
               Geoffrey E. Hinton},
  booktitle = {{ICML}},
  pages     = {807--814},
  publisher = {Omnipress},
  title     = {Rectified Linear Units Improve Restricted Boltzmann Machines},
  year      = {2010}
}
@article{relu2018,
  author  = {Abien Fred Agarap},
  journal = {CoRR},
  title   = {Deep Learning using Rectified Linear Units (ReLU)},
  volume  = {abs/1803.08375},
  year    = {2018}
}
@inproceedings{mag,
  author    = {Sinha, Arnab and Shen, Zhihong and Song, Yang and Ma, Hao and Eide, Darrin and Hsu, Bo-June (Paul) and Wang, Kuansan},
  booktitle = {WWW},
  doi       = {10.1145/2740908.2742839},
  isbn      = {9781450334730},
  numpages  = {4},
  pages     = {243-246},
  publisher = {Association for Computing Machinery},
  series    = {WWW '15 Companion},
  title     = {An Overview of Microsoft Academic Service (MAS) and Applications},
  year      = {2015}
}

@article{blockssl,
  author  = {Shoaib Ahmed Siddiqui and
             David Krueger and
             Yann LeCun and
             St{\'{e}}phane Deny},
  journal = {CoRR},
  title   = {Blockwise Self-Supervised Learning at Scale},
  volume  = {abs/2302.01647},
  year    = {2023}
}
@inproceedings{fastgcn,
  author    = {Jie Chen and
               Tengfei Ma and
               Cao Xiao},
  booktitle = {{ICLR} (Poster)},
  publisher = {OpenReview.net},
  title     = {FastGCN: Fast Learning with Graph Convolutional Networks via Importance
               Sampling},
  year      = {2018}
}
@inproceedings{dropedge,
  author    = {Yu Rong and
               Wenbing Huang and
               Tingyang Xu and
               Junzhou Huang},
  booktitle = {{ICLR}},
  publisher = {OpenReview.net},
  title     = {DropEdge: Towards Deep Graph Convolutional Networks on Node Classification},
  year      = {2020}
}

@inproceedings{ChenK0H20,
  author    = {Ting Chen and
               Simon Kornblith and
               Mohammad Norouzi and
               Geoffrey E. Hinton},
  booktitle = {{ICML}},
  pages     = {1597--1607},
  publisher = {{PMLR}},
  series    = {Proceedings of Machine Learning Research},
  title     = {A Simple Framework for Contrastive Learning of Visual Representations},
  volume    = {119},
  year      = {2020}
}
@article{wu2021self,
  author    = {Wu, Lirong and Lin, Haitao and Tan, Cheng and Gao, Zhangyang and Li, Stan Z},
  journal   = {TKDE},
  publisher = {IEEE},
  title     = {Self-supervised learning on graphs: Contrastive, generative, or predictive},
  year      = {2021}
}

@book{LIF,
  author    = {Gerstner, Wulfram and Kistler, Werner M and Naud, Richard and Paninski, Liam},
  publisher = {Cambridge University Press},
  title     = {Neuronal dynamics: From single neurons to networks and models of cognition},
  year      = {2014}
}

@article{Izhikevich04,
  author  = {Eugene M. Izhikevich},
  journal = {{IEEE} Trans. Neural Networks},
  number  = {5},
  pages   = {1063--1070},
  title   = {Which model to use for cortical spiking neurons?},
  volume  = {15},
  year    = {2004}
}

@article{kim2021beyond,
  author  = {Kim, Youngeun and Chough, Joshua and Panda, Priyadarshini},
  journal = {arXiv preprint arXiv:2110.07742},
  title   = {Beyond Classification: Directly Training Spiking Neural Networks for Semantic Segmentation},
  year    = {2021}
}
@inproceedings{bane,
  author    = {Hong Yang and
               Shirui Pan and
               Peng Zhang and
               Ling Chen and
               Defu Lian and
               Chengqi Zhang},
  booktitle = {{ICDM}},
  pages     = {1476--1481},
  publisher = {{IEEE} Computer Society},
  title     = {Binarized attributed network embedding},
  year      = {2018}
}
@inproceedings{binary_gnn,
  author    = {Mehdi Bahri and
               Ga{\'{e}}tan Bahl and
               Stefanos Zafeiriou},
  booktitle = {{CVPR}},
  pages     = {9492--9501},
  publisher = {Computer Vision Foundation / {IEEE}},
  title     = {Binary Graph Neural Networks},
  year      = {2021}
}
@inproceedings{cka,
  author    = {Thao Nguyen and
               Maithra Raghu and
               Simon Kornblith},
  booktitle = {{ICLR}},
  publisher = {OpenReview.net},
  title     = {Do Wide and Deep Networks Learn the Same Things? Uncovering How Neural
               Network Representations Vary with Width and Depth},
  year      = {2021}
}
@inproceedings{jin2022graph,
  author    = {Wei Jin and Lingxiao Zhao and Shichang Zhang and Yozen Liu and Jiliang Tang and Neil Shah},
  booktitle = {ICLR},
  title     = {Graph Condensation for Graph Neural Networks},
  year      = {2022}
}
@inproceedings{revgat,
  author    = {Guohao Li and
               Matthias M{\"{u}}ller and
               Bernard Ghanem and
               Vladlen Koltun},
  booktitle = {{ICML}},
  pages     = {6437--6449},
  publisher = {{PMLR}},
  series    = {Proceedings of Machine Learning Research},
  title     = {Training Graph Neural Networks with 1000 Layers},
  volume    = {139},
  year      = {2021}
}
@inproceedings{relm,
  author    = {Yaorui Shi and
               An Zhang and
               Enzhi Zhang and
               Zhiyuan Liu and
               Xiang Wang},
  booktitle = {{EMNLP} (Findings)},
  pages     = {5506--5520},
  publisher = {Association for Computational Linguistics},
  title     = {ReLM: Leveraging Language Models for Enhanced Chemical Reaction Prediction},
  year      = {2023}
}

@inproceedings{graphgpt,
  author    = {Jiabin Tang and
               Yuhao Yang and
               Wei Wei and
               Lei Shi and
               Lixin Su and
               Suqi Cheng and
               Dawei Yin and
               Chao Huang},
  booktitle = {{SIGIR}},
  pages     = {491--500},
  publisher = {{ACM}},
  title     = {GraphGPT: Graph Instruction Tuning for Large Language Models},
  year      = {2024}
}

@inproceedings{tape,
  author    = {Xiaoxin He and
               Xavier Bresson and
               Thomas Laurent and
               Adam Perold and
               Yann LeCun and
               Bryan Hooi},
  booktitle = {{ICLR}},
  publisher = {OpenReview.net},
  title     = {Harnessing Explanations: LLM-to-LM Interpreter for Enhanced Text-Attributed
               Graph Representation Learning},
  year      = {2024}
}
@misc{ma2023universal,
  author = {George Ma and Yifei Wang and Yisen Wang},
  title  = {Universal Graph Neural Networks without Message Passing},
  url    = {https://openreview.net/forum?id=P0bfBJaD4KP},
  year   = {2023}
}
@article{graphmlp,
  author  = {Yang Hu and
             Haoxuan You and
             Zhecan Wang and
             Zhicheng Wang and
             Erjin Zhou and
             Yue Gao},
  journal = {CoRR},
  title   = {Graph-MLP: Node Classification without Message Passing in Graph},
  volume  = {abs/2106.04051},
  year    = {2021}
}
@inproceedings{cstag,
  author    = {Hao Yan and
               Chaozhuo Li and
               Ruosong Long and
               Chao Yan and
               Jianan Zhao and
               Wenwen Zhuang and
               Jun Yin and
               Peiyan Zhang and
               Weihao Han and
               Hao Sun and
               Weiwei Deng and
               Qi Zhang and
               Lichao Sun and
               Xing Xie and
               Senzhang Wang},
  booktitle = {NeurIPS},
  title     = {A Comprehensive Study on Text-attributed Graphs: Benchmarking and
               Rethinking},
  year      = {2023}
}
@misc{vicuna,
    title = {Vicuna: An Open-Source Chatbot Impressing GPT-4 with 90\%* ChatGPT Quality},
    author = {Chiang, Wei-Lin and Li, Zhuohan and Lin, Zi and Sheng, Ying and Wu, Zhanghao and Zhang, Hao and Zheng, Lianmin and Zhuang, Siyuan and Zhuang, Yonghao and Gonzalez, Joseph E. and Stoica, Ion and Xing, Eric P.},
    month = {March},
    year = {2023}
}

@article{simteg,
  author       = {Keyu Duan and
                  Qian Liu and
                  Tat{-}Seng Chua and
                  Shuicheng Yan and
                  Wei Tsang Ooi and
                  Qizhe Xie and
                  Junxian He},
  title        = {SimTeG: {A} Frustratingly Simple Approach Improves Textual Graph Learning},
  journal      = {CoRR},
  volume       = {abs/2308.02565},
  year         = {2023}
}
@article{faiss,
  title={Billion-scale similarity search with {GPUs}},
  author={Johnson, Jeff and Douze, Matthijs and J{\'e}gou, Herv{\'e}},
  journal={IEEE Transactions on Big Data},
  volume={7},
  number={3},
  pages={535--547},
  year={2019},
  publisher={IEEE}
}
@article{lost_in_middle,
  author       = {Nelson F. Liu and
                  Kevin Lin and
                  John Hewitt and
                  Ashwin Paranjape and
                  Michele Bevilacqua and
                  Fabio Petroni and
                  Percy Liang},
  title        = {Lost in the Middle: How Language Models Use Long Contexts},
  journal      = {Trans. Assoc. Comput. Linguistics},
  volume       = {12},
  pages        = {157--173},
  year         = {2024}
}
@inproceedings{PRODIGY,
  author       = {Qian Huang and
                  Hongyu Ren and
                  Peng Chen and
                  Gregor Krzmanc and
                  Daniel Zeng and
                  Percy Liang and
                  Jure Leskovec},
  title        = {{PRODIGY:} Enabling In-context Learning Over Graphs},
  booktitle    = {NeurIPS},
  year         = {2023}
}
@article{deepseekv3,
  title={Deepseek-v3 technical report},
  author={Liu, Aixin and Feng, Bei and Xue, Bing and Wang, Bingxuan and Wu, Bochao and Lu, Chengda and Zhao, Chenggang and Deng, Chengqi and Zhang, Chenyu and Ruan, Chong and others},
  journal={arXiv preprint arXiv:2412.19437},
  year={2024}
}
@inproceedings{pna,
  author    = {Gabriele Corso and
               Luca Cavalleri and
               Dominique Beaini and
               Pietro Li{\`{o}} and
               Petar Velickovic},
  booktitle = {NeurIPS},
  title     = {Principal Neighbourhood Aggregation for Graph Nets},
  year      = {2020}
}
@inproceedings{gnn-vpa,
  author    = {Lisa Schneckenreiter and
               Richard Freinschlag and
               Florian Sestak and
               Johannes Brandstetter and
               G{\"{u}}nter Klambauer and
               Andreas Mayr},
  booktitle = {Tiny Papers @ {ICLR}},
  publisher = {OpenReview.net},
  title     = {{GNN-VPA:} {A} Variance-Preserving Aggregation Strategy for Graph
               Neural Networks},
  year      = {2024}
}
@inproceedings{gin,
  author    = {Keyulu Xu and
               Weihua Hu and
               Jure Leskovec and
               Stefanie Jegelka},
  booktitle = {{ICLR}},
  publisher = {OpenReview.net},
  title     = {How Powerful are Graph Neural Networks?},
  year      = {2019}
}
@inproceedings{bottleneck,
  author       = {Uri Alon and
                  Eran Yahav},
  title        = {On the Bottleneck of Graph Neural Networks and its Practical Implications},
  booktitle    = {{ICLR}},
  publisher    = {OpenReview.net},
  year         = {2021}
}
@article{DBLP:journals/tacl/RamLDMSLS23,
  author       = {Ori Ram and
                  Yoav Levine and
                  Itay Dalmedigos and
                  Dor Muhlgay and
                  Amnon Shashua and
                  Kevin Leyton{-}Brown and
                  Yoav Shoham},
  title        = {In-Context Retrieval-Augmented Language Models},
  journal      = {Trans. Assoc. Comput. Linguistics},
  volume       = {11},
  pages        = {1316--1331},
  year         = {2023}
}
@inproceedings{xnornet,
  address   = {Cham},
  author    = {Rastegari, Mohammad
               and Ordonez, Vicente
               and Redmon, Joseph
               and Farhadi, Ali},
  booktitle = {Computer Vision -- ECCV 2016},
  editor    = {Leibe, Bastian
               and Matas, Jiri
               and Sebe, Nicu
               and Welling, Max},
  pages     = {525--542},
  publisher = {Springer International Publishing},
  title     = {XNOR-Net: ImageNet Classification Using Binary Convolutional Neural Networks},
  year      = {2016}
}