@inproceedings{LiuSZDCC22,
  author       = {Jiachang Liu and
                  Dinghan Shen and
                  Yizhe Zhang and
                  Bill Dolan and
                  Lawrence Carin and
                  Weizhu Chen},
  title        = {What Makes Good In-Context Examples for GPT-3?}

@inproceedings{SchickS21,
  author       = {Timo Schick and
                  Hinrich Sch{\"{u}}tze},
  title        = {It's Not Just Size That Matters: Small Language Models Are Also Few-Shot
                  Learners},
  booktitle    = {{NAACL-HLT}},
  pages        = {2339--2352},
  publisher    = {Association for Computational Linguistics},
  year         = {2021}
}

@inproceedings{WeiBZGYLDDL22,
  author       = {Jason Wei and
                  Maarten Bosma and
                  Vincent Y. Zhao and
                  Kelvin Guu and
                  Adams Wei Yu and
                  Brian Lester and
                  Nan Du and
                  Andrew M. Dai and
                  Quoc V. Le},
  title        = {Finetuned Language Models are Zero-Shot Learners},
  booktitle    = {{ICLR}},
  publisher    = {OpenReview.net},
  year         = {2022}
}

@inproceedings{ZhouSHWS0SCBLC23,
  author       = {Denny Zhou and
                  Nathanael Sch{\"{a}}rli and
                  Le Hou and
                  Jason Wei and
                  Nathan Scales and
                  Xuezhi Wang and
                  Dale Schuurmans and
                  Claire Cui and
                  Olivier Bousquet and
                  Quoc V. Le and
                  Ed H. Chi},
  title        = {Least-to-Most Prompting Enables Complex Reasoning in Large Language
                  Models},
  booktitle    = {{ICLR}},
  publisher    = {OpenReview.net},
  year         = {2023}
}

@article{chen2020survey,
  title={A Survey of Adversarial Learning on Graph},
  author={Chen, Liang and Li, Jintang and Peng, Jiaying and Xie, 
        Tao and Cao, Zengxu and Xu, Kun and He, 
        Xiangnan and Zheng, Zibin and Wu, Bingzhe},
  journal={arXiv preprint arXiv:2003.05730},
  year={2020}
}

@inproceedings{few_shot,
  author       = {Tom B. Brown and
                  Benjamin Mann and
                  Nick Ryder and
                  Melanie Subbiah and
                  Jared Kaplan and
                  Prafulla Dhariwal and
                  Arvind Neelakantan and
                  Pranav Shyam and
                  Girish Sastry and
                  Amanda Askell and
                  Sandhini Agarwal and
                  Ariel Herbert{-}Voss and
                  Gretchen Krueger and
                  Tom Henighan and
                  Rewon Child and
                  Aditya Ramesh and
                  Daniel M. Ziegler and
                  Jeffrey Wu and
                  Clemens Winter and
                  Christopher Hesse and
                  Mark Chen and
                  Eric Sigler and
                  Mateusz Litwin and
                  Scott Gray and
                  Benjamin Chess and
                  Jack Clark and
                  Christopher Berner and
                  Sam McCandlish and
                  Alec Radford and
                  Ilya Sutskever and
                  Dario Amodei},
  title        = {Language Models are Few-Shot Learners},
  booktitle    = {NeurIPS},
  year         = {2020}
}

@inproceedings{gat,
  author    = {Petar Velickovic and
               Guillem Cucurull and
               Arantxa Casanova and
               Adriana Romero and
               Pietro Li{\`{o}} and
               Yoshua Bengio},
  booktitle = {{ICLR} (Poster)},
  publisher = {OpenReview.net},
  title     = {Graph Attention Networks},
  year      = {2018}
}

@inproceedings{gcn,
  author    = {Thomas N. Kipf and
               Max Welling},
  booktitle = {{ICLR} (Poster)},
  publisher = {OpenReview.net},
  title     = {Semi-Supervised Classification with Graph Convolutional Networks},
  year      = {2017}
}

@article{graphrag,
  author  = {Darren Edge and
             Ha Trinh and
             Newman Cheng and
             Joshua Bradley and
             Alex Chao and
             Apurva Mody and
             Steven Truitt and
             Jonathan Larson},
  journal = {CoRR},
  title   = {From Local to Global: {A} Graph {RAG} Approach to Query-Focused Summarization},
  volume  = {abs/2404.16130},
  year    = {2024}
}

@article{graphsage,
  author  = {Hamilton, Will and Ying, Zhitao and Leskovec, Jure},
  journal = {Advances in neural information processing systems},
  title   = {Inductive representation learning on large graphs},
  volume  = {30},
  year    = {2017}
}

@inproceedings{gretriever,
  author    = {Xiaoxin He and Yijun Tian and Yifei Sun and Nitesh V Chawla and Thomas Laurent and Yann LeCun and Xavier Bresson and Bryan Hooi},
  booktitle = {NeurIPS},
  title     = {G-Retriever: Retrieval-Augmented Generation for Textual Graph Understanding and Question Answering},
  year      = {2024}
}

@article{icl_survey,
  author       = {Man Luo and
                  Xin Xu and
                  Yue Liu and
                  Panupong Pasupat and
                  Mehran Kazemi},
  title        = {In-context Learning with Retrieved Demonstrations for Language Models:
                  {A} Survey},
  journal      = {CoRR},
  volume       = {abs/2401.11624},
  year         = {2024}
}

@inproceedings{message_passing,
  author    = {Justin Gilmer and
               Samuel S. Schoenholz and
               Patrick F. Riley and
               Oriol Vinyals and
               George E. Dahl},
  booktitle = {{ICML}},
  pages     = {1263--1272},
  publisher = {{PMLR}},
  series    = {Proceedings of Machine Learning Research},
  title     = {Neural Message Passing for Quantum Chemistry},
  volume    = {70},
  year      = {2017}
}

@inproceedings{metaicl,
  author       = {Sewon Min and
                  Mike Lewis and
                  Luke Zettlemoyer and
                  Hannaneh Hajishirzi},
  title        = {MetaICL: Learning to Learn In Context},
  booktitle    = {{NAACL-HLT}},
  pages        = {2791--2809},
  publisher    = {Association for Computational Linguistics},
  year         = {2022}
}

@inproceedings{rag,
  author    = {Patrick S. H. Lewis and
               Ethan Perez and
               Aleksandra Piktus and
               Fabio Petroni and
               Vladimir Karpukhin and
               Naman Goyal and
               Heinrich K{\"{u}}ttler and
               Mike Lewis and
               Wen{-}tau Yih and
               Tim Rockt{\"{a}}schel and
               Sebastian Riedel and
               Douwe Kiela},
  booktitle = {NeurIPS},
  title     = {Retrieval-Augmented Generation for Knowledge-Intensive {NLP} Tasks},
  year      = {2020}
}

@inproceedings{rag_survey,
  author    = {Wenqi Fan and
               Yujuan Ding and
               Liangbo Ning and
               Shijie Wang and
               Hengyun Li and
               Dawei Yin and
               Tat{-}Seng Chua and
               Qing Li},
  booktitle = {{KDD}},
  pages     = {6491--6501},
  publisher = {{ACM}},
  title     = {A Survey on {RAG} Meeting LLMs: Towards Retrieval-Augmented Large
               Language Models},
  year      = {2024}
}

@inproceedings{revgat,
  author    = {Guohao Li and
               Matthias M{\"{u}}ller and
               Bernard Ghanem and
               Vladlen Koltun},
  booktitle = {{ICML}},
  pages     = {6437--6449},
  publisher = {{PMLR}},
  series    = {Proceedings of Machine Learning Research},
  title     = {Training Graph Neural Networks with 1000 Layers},
  volume    = {139},
  year      = {2021}
}

@inproceedings{zero_shot_cot,
  author       = {Takeshi Kojima and
                  Shixiang Shane Gu and
                  Machel Reid and
                  Yutaka Matsuo and
                  Yusuke Iwasawa},
  title        = {Large Language Models are Zero-Shot Reasoners},
  booktitle    = {NeurIPS},
  year         = {2022}
}

