@inproceedings{zhang2024human,
  title={Human-Imperceptible Retrieval Poisoning Attacks in LLM-Powered Applications},
  author={Zhang, Quan and Zeng, Binqi and Zhou, Chijin and Go, Gwihwan and Shi, Heyuan and Jiang, Yu},
  booktitle={Companion Proceedings of the 32nd ACM International Conference on the Foundations of Software Engineering},
  pages={502--506},
  year={2024}
}
@article{zou2024poisonedrag,
  title={Poisonedrag: Knowledge corruption attacks to retrieval-augmented generation of large language models},
  author={Zou, Wei and Geng, Runpeng and Wang, Binghui and Jia, Jinyuan},
  journal={arXiv preprint arXiv:2402.07867},
  year={2024}
}
@article{xue2024badrag,
  title={BadRAG: Identifying Vulnerabilities in Retrieval Augmented Generation of Large Language Models},
  author={Xue, Jiaqi and Zheng, Mengxin and Hu, Yebowen and Liu, Fei and Chen, Xun and Lou, Qian},
  journal={arXiv preprint arXiv:2406.00083},
  year={2024}
}
@article{shafran2024machine,
  title={Machine Against the RAG: Jamming Retrieval-Augmented Generation with Blocker Documents},
  author={Shafran, Avital and Schuster, Roei and Shmatikov, Vitaly},
  journal={arXiv preprint arXiv:2406.05870},
  year={2024}
}
@article{cho2024typos,
  title={Typos that Broke the RAG's Back: Genetic Attack on RAG Pipeline by Simulating Documents in the Wild via Low-level Perturbations},
  author={Cho, Sukmin and Jeong, Soyeong and Seo, Jeongyeon and Hwang, Taeho and Park, Jong C},
  journal={arXiv preprint arXiv:2404.13948},
  year={2024}
}
@article{zhong2023poisoning,
  title={Poisoning retrieval corpora by injecting adversarial passages},
  author={Zhong, Zexuan and Huang, Ziqing and Wettig, Alexander and Chen, Danqi},
  journal={arXiv preprint arXiv:2310.19156},
  year={2023}
}
@article{chen2024black,
  title={Black-Box Opinion Manipulation Attacks to Retrieval-Augmented Generation of Large Language Models},
  author={Chen, Zhuo and Liu, Jiawei and Liu, Haotan and Cheng, Qikai and Zhang, Fan and Lu, Wei and Liu, Xiaozhong},
  journal={arXiv preprint arXiv:2407.13757},
  year={2024}
}
@article{zhang2024hijackrag,
  title={HijackRAG: Hijacking Attacks against Retrieval-Augmented Large Language Models},
  author={Zhang, Yucheng and Li, Qinfeng and Du, Tianyu and Zhang, Xuhong and Zhao, Xinkui and Feng, Zhengwen and Yin, Jianwei},
  journal={arXiv preprint arXiv:2410.22832},
  year={2024}
}
@article{lu2024test,
  title={Test-time backdoor attacks on multimodal large language models},
  author={Lu, Dong and Pang, Tianyu and Du, Chao and Liu, Qian and Yang, Xianjun and Lin, Min},
  journal={arXiv preprint arXiv:2402.08577},
  year={2024}
}
@incollection{al2023trojbits,
  title={Trojbits: A hardware aware inference-time attack on transformer-based language models},
  author={Al Ghanim, Mansour and Santriaji, Muhammad and Lou, Qian and Solihin, Yan},
  booktitle={ECAI 2023},
  pages={60--68},
  year={2023},
  publisher={IOS Press}
}
@article{lou2023trojtext,
  title={Trojtext: Test-time invisible textual trojan insertion},
  author={Lou, Qian and Liu, Yepeng and Feng, Bo},
  journal={arXiv preprint arXiv:2303.02242},
  year={2023}
}
@article{wei2024jailbroken,
  title={Jailbroken: How does llm safety training fail?},
  author={Wei, Alexander and Haghtalab, Nika and Steinhardt, Jacob},
  journal={Advances in Neural Information Processing Systems},
  volume={36},
  year={2024}
}

@article{gao2023retrieval,
  title={Retrieval-augmented generation for large language models: A survey},
  author={Gao, Yunfan and Xiong, Yun and Gao, Xinyu and Jia, Kangxiang and Pan, Jinliu and Bi, Yuxi and Dai, Yi and Sun, Jiawei and Wang, Haofen},
  journal={arXiv preprint arXiv:2312.10997},
  year={2023}
}


@article{zhao2024retrieval,
  title={Retrieval-augmented generation for ai-generated content: A survey},
  author={Zhao, Penghao and Zhang, Hailin and Yu, Qinhan and Wang, Zhengren and Geng, Yunteng and Fu, Fangcheng and Yang, Ling and Zhang, Wentao and Cui, Bin},
  journal={arXiv preprint arXiv:2402.19473},
  year={2024}
}

@inproceedings{liu2024multi,
  title={Multi-granular Adversarial Attacks against Black-box Neural Ranking Models},
  author={Liu, Yu-An and Zhang, Ruqing and Guo, Jiafeng and de Rijke, Maarten and Fan, Yixing and Cheng, Xueqi},
  booktitle={Proceedings of the 47th International ACM SIGIR Conference on Research and Development in Information Retrieval},
  pages={1391--1400},
  year={2024}
}

@inproceedings{liu2022order,
  title={Order-disorder: Imitation adversarial attacks for black-box neural ranking models},
  author={Liu, Jiawei and Kang, Yangyang and Tang, Di and Song, Kaisong and Sun, Changlong and Wang, Xiaofeng and Lu, Wei and Liu, Xiaozhong},
  booktitle={Proceedings of the 2022 ACM SIGSAC Conference on Computer and Communications Security},
  pages={2025--2039},
  year={2022}
}

@article{wu2023prada,
  title={Prada: Practical black-box adversarial attacks against neural ranking models},
  author={Wu, Chen and Zhang, Ruqing and Guo, Jiafeng and De Rijke, Maarten and Fan, Yixing and Cheng, Xueqi},
  journal={ACM Transactions on Information Systems},
  volume={41},
  number={4},
  pages={1--27},
  year={2023},
  publisher={ACM New York, NY}
}



@article{asai2023self,
  title={Self-rag: Learning to retrieve, generate, and critique through self-reflection},
  author={Asai, Akari and Wu, Zeqiu and Wang, Yizhong and Sil, Avirup and Hajishirzi, Hannaneh},
  journal={arXiv preprint arXiv:2310.11511},
  year={2023}
}


@article{shi2025know,
  title={Know where to go: Make LLM a relevant, responsible, and trustworthy searchers},
  author={Shi, Xiang and Liu, Jiawei and Liu, Yinpeng and Cheng, Qikai and Lu, Wei},
  journal={Decision Support Systems},
  volume={188},
  pages={114354},
  year={2025},
  publisher={Elsevier}
}


@inproceedings{xu2024search,
  title={Search-in-the-Chain: Interactively Enhancing Large Language Models with Search for Knowledge-intensive Tasks},
  author={Xu, Shicheng and Pang, Liang and Shen, Huawei and Cheng, Xueqi and Chua, Tat-Seng},
  booktitle={Proceedings of the ACM on Web Conference 2024},
  pages={1362--1373},
  year={2024}
}



@article{de2024rag,
  title={Rag and roll: An end-to-end evaluation of indirect prompt manipulations in llm-based application frameworks},
  author={De Stefano, Gianluca and Sch{\"o}nherr, Lea and Pellegrino, Giancarlo},
  journal={arXiv preprint arXiv:2408.05025},
  year={2024}
}

@inproceedings{carlini2024poisoning,
  title={Poisoning web-scale training datasets is practical},
  author={Carlini, Nicholas and Jagielski, Matthew and Choquette-Choo, Christopher A and Paleka, Daniel and Pearce, Will and Anderson, Hyrum and Terzis, Andreas and Thomas, Kurt and Tram{\`e}r, Florian},
  booktitle={2024 IEEE Symposium on Security and Privacy (SP)},
  pages={407--425},
  year={2024},
  organization={IEEE}
}


@article{song2020adversarial,
  title={Adversarial semantic collisions},
  author={Song, Congzheng and Rush, Alexander M and Shmatikov, Vitaly},
  journal={arXiv preprint arXiv:2011.04743},
  year={2020}
}

@article{gao2021unsupervised,
  title={Unsupervised corpus aware language model pre-training for dense passage retrieval},
  author={Gao, Luyu and Callan, Jamie},
  journal={arXiv preprint arXiv:2108.05540},
  year={2021}
}

@article{xiong2020approximate,
  title={Approximate nearest neighbor negative contrastive learning for dense text retrieval},
  author={Xiong, Lee and Xiong, Chenyan and Li, Ye and Tang, Kwok-Fung and Liu, Jialin and Bennett, Paul and Ahmed, Junaid and Overwijk, Arnold},
  journal={arXiv preprint arXiv:2007.00808},
  year={2020}
}

@inproceedings{karpukhin-etal-2020-dense,
    title = "Dense Passage Retrieval for Open-Domain Question Answering",
    author = "Karpukhin, Vladimir and Oguz, Barlas and Min, Sewon and Lewis, Patrick and Wu, Ledell and Edunov, Sergey and Chen, Danqi and Yih, Wen-tau",
    booktitle = "Proceedings of the 2020 Conference on Empirical Methods in Natural Language Processing (EMNLP)",
    month = nov,
    year = "2020",
    address = "Online",
    publisher = "Association for Computational Linguistics",
    url = "https://www.aclweb.org/anthology/2020.emnlp-main.550",
    doi = "10.18653/v1/2020.emnlp-main.550",
    pages = "6769--6781",
}

@inproceedings{liu2023topic,
  title={Topic-oriented adversarial attacks against black-box neural ranking models},
  author={Liu, Yu-An and Zhang, Ruqing and Guo, Jiafeng and de Rijke, Maarten and Chen, Wei and Fan, Yixing and Cheng, Xueqi},
  booktitle={Proceedings of the 46th International ACM SIGIR Conference on Research and Development in Information Retrieval},
  pages={1700--1709},
  year={2023}
}

@article{radford2019language,
  title={Language models are unsupervised multitask learners},
  author={Radford, Alec and Wu, Jeffrey and Child, Rewon and Luan, David and Amodei, Dario and Sutskever, Ilya and others},
  journal={OpenAI blog},
  volume={1},
  number={8},
  pages={9},
  year={2019}
}

@article{jain2023baseline,
  title={Baseline defenses for adversarial attacks against aligned language models},
  author={Jain, Neel and Schwarzschild, Avi and Wen, Yuxin and Somepalli, Gowthami and Kirchenbauer, John and Chiang, Ping-yeh and Goldblum, Micah and Saha, Aniruddha and Geiping, Jonas and Goldstein, Tom},
  journal={arXiv preprint arXiv:2309.00614},
  year={2023}
}

@article{alon2023detecting,
  title={Detecting language model attacks with perplexity},
  author={Alon, Gabriel and Kamfonas, Michael},
  journal={arXiv preprint arXiv:2308.14132},
  year={2023}
}

@article{gonen2022demystifying,
  title={Demystifying prompts in language models via perplexity estimation},
  author={Gonen, Hila and Iyer, Srini and Blevins, Terra and Smith, Noah A and Zettlemoyer, Luke},
  journal={arXiv preprint arXiv:2212.04037},
  year={2022}
}

@article{zeng2023certified,
  title={Certified robustness to text adversarial attacks by randomized [mask]},
  author={Zeng, Jiehang and Xu, Jianhan and Zheng, Xiaoqing and Huang, Xuanjing},
  journal={Computational Linguistics},
  volume={49},
  number={2},
  pages={395--427},
  year={2023},
  publisher={MIT Press One Broadway, 12th Floor, Cambridge, Massachusetts 02142, USA~…}
}


@article{lewis2020retrieval,
  title={Retrieval-augmented generation for knowledge-intensive nlp tasks},
  author={Lewis, Patrick and Perez, Ethan and Piktus, Aleksandra and Petroni, Fabio and Karpukhin, Vladimir and Goyal, Naman and K{\"u}ttler, Heinrich and Lewis, Mike and Yih, Wen-tau and Rockt{\"a}schel, Tim and others},
  journal={Advances in Neural Information Processing Systems},
  volume={33},
  pages={9459--9474},
  year={2020}
}

@inproceedings{liu2023webglm,
  title={WebGLM: Towards an efficient web-enhanced question answering system with human preferences},
  author={Liu, Xiao and Lai, Hanyu and Yu, Hao and Xu, Yifan and Zeng, Aohan and Du, Zhengxiao and Zhang, Peng and Dong, Yuxiao and Tang, Jie},
  booktitle={Proceedings of the 29th ACM SIGKDD Conference on Knowledge Discovery and Data Mining},
  pages={4549--4560},
  year={2023}
}

@article{siyue2024mrag,
  title={MRAG: A Modular Retrieval Framework for Time-Sensitive Question Answering},
  author={Siyue, Zhang and Yuxiang, Xue and Yiming, Zhang and Xiaobao, Wu and Tuan, Luu Anh and Chen, Zhao},
  journal={arXiv preprint arXiv:2412.15540},
  year={2024}
}


@article{wu2024retrieval,
  title={Retrieval-augmented generation for natural language processing: A survey},
  author={Wu, Shangyu and Xiong, Ying and Cui, Yufei and Wu, Haolun and Chen, Can and Yuan, Ye and Huang, Lianming and Liu, Xue and Kuo, Tei-Wei and Guan, Nan and others},
  journal={arXiv preprint arXiv:2407.13193},
  year={2024}
}


@article{liu2023prompt,
  title={Prompt injection attacks and defenses in llm-integrated applications},
  author={Liu, Yupei and Jia, Yuqi and Geng, Runpeng and Jia, Jinyuan and Gong, Neil Zhenqiang},
  journal={arXiv preprint arXiv:2310.12815},
  year={2023}
}

@article{perez2022ignore,
  title={Ignore previous prompt: Attack techniques for language models},
  author={Perez, F{\'a}bio and Ribeiro, Ian},
  journal={arXiv preprint arXiv:2211.09527},
  year={2022}
}

@inproceedings{greshake2023not,
  title={Not what you've signed up for: Compromising real-world llm-integrated applications with indirect prompt injection},
  author={Greshake, Kai and Abdelnabi, Sahar and Mishra, Shailesh and Endres, Christoph and Holz, Thorsten and Fritz, Mario},
  booktitle={Proceedings of the 16th ACM Workshop on Artificial Intelligence and Security},
  pages={79--90},
  year={2023}
}


@inproceedings{deng2024masterkey,
  title={Masterkey: Automated jailbreaking of large language model chatbots},
  author={Deng, Gelei and Liu, Yi and Li, Yuekang and Wang, Kailong and Zhang, Ying and Li, Zefeng and Wang, Haoyu and Zhang, Tianwei and Liu, Yang},
  booktitle={Proc. ISOC NDSS},
  year={2024}
}

@article{li2023multi,
  title={Multi-step jailbreaking privacy attacks on chatgpt},
  author={Li, Haoran and Guo, Dadi and Fan, Wei and Xu, Mingshi and Huang, Jie and Meng, Fanpu and Song, Yangqiu},
  journal={arXiv preprint arXiv:2304.05197},
  year={2023}
}

@article{lin2024figure,
  title={Figure it Out: Analyzing-based Jailbreak Attack on Large Language Models},
  author={Lin, Shi and Li, Rongchang and Wang, Xun and Lin, Changting and Xing, Wenpeng and Han, Meng},
  journal={arXiv preprint arXiv:2407.16205},
  year={2024}
}


@article{kandpal2023backdoor,
  title={Backdoor attacks for in-context learning with language models},
  author={Kandpal, Nikhil and Jagielski, Matthew and Tram{\`e}r, Florian and Carlini, Nicholas},
  journal={arXiv preprint arXiv:2307.14692},
  year={2023}
}

@article{cao2023stealthy,
  title={Stealthy and persistent unalignment on large language models via backdoor injections},
  author={Cao, Yuanpu and Cao, Bochuan and Chen, Jinghui},
  journal={arXiv preprint arXiv:2312.00027},
  year={2023}
}



@inproceedings{goren2018ranking,
  title={Ranking robustness under adversarial document manipulations},
  author={Goren, Gregory and Kurland, Oren and Tennenholtz, Moshe and Raiber, Fiana},
  booktitle={The 41st International ACM SIGIR Conference on Research \& Development in Information Retrieval},
  pages={395--404},
  year={2018}
}


@inproceedings{gyongyi2005web,
  title={Web spam taxonomy},
  author={Gyongyi, Zoltan and Garcia-Molina, Hector},
  booktitle={First international workshop on adversarial information retrieval on the web (AIRWeb 2005)},
  year={2005}
}

@inproceedings{liu2023black,
  title={Black-box Adversarial Attacks against Dense Retrieval Models: A Multi-view Contrastive Learning Method},
  author={Liu, Yu-An and Zhang, Ruqing and Guo, Jiafeng and de Rijke, Maarten and Chen, Wei and Fan, Yixing and Cheng, Xueqi},
  booktitle={Proceedings of the 32nd ACM International Conference on Information and Knowledge Management},
  pages={1647--1656},
  year={2023}
}

@article{raval2020one,
  title={One word at a time: adversarial attacks on retrieval models},
  author={Raval, Nisarg and Verma, Manisha},
  journal={arXiv preprint arXiv:2008.02197},
  year={2020}
}

@article{chen2023towards,
  title={Towards Imperceptible Document Manipulations against Neural Ranking Models},
  author={Chen, Xuanang and He, Ben and Ye, Zheng and Sun, Le and Sun, Yingfei},
  journal={arXiv preprint arXiv:2305.01860},
  year={2023}
}

@misc{chen2025flipedragblackboxopinionmanipulation,
      title={FlipedRAG: Black-Box Opinion Manipulation Attacks to Retrieval-Augmented Generation of Large Language Models}, 
      author={Zhuo Chen and Yuyang Gong and Miaokun Chen and Haotan Liu and Qikai Cheng and Fan Zhang and Wei Lu and Xiaozhong Liu and Jiawei Liu},
      year={2025},
      eprint={2501.02968},
      archivePrefix={arXiv},
      primaryClass={cs.IR},
      url={https://arxiv.org/abs/2501.02968}, 
}