
#### MLLM ####
@inproceedings{Achiam2023GPT4TR,
  title={GPT-4 Technical Report},
author={OpenAI},
year={2023},
  url={https://api.semanticscholar.org/CorpusID:257532815}
}

@article{Liu2023ImprovedBW,
  title={Improved Baselines with Visual Instruction Tuning},
  author={Haotian Liu and Chunyuan Li and Yuheng Li and Yong Jae Lee},
  journal={ArXiv},
  year={2023},
  volume={abs/2310.03744},
  url={https://api.semanticscholar.org/CorpusID:263672058}
}

@article{Liu2023VisualIT,
  title={Visual Instruction Tuning},
  author={Haotian Liu and Chunyuan Li and Qingyang Wu and Yong Jae Lee},
  journal={ArXiv},
  year={2023},
  volume={abs/2304.08485},
  url={https://api.semanticscholar.org/CorpusID:258179774}
}

#### Med-MLLM ####
@inproceedings{Lee2023LLMCXRIL,
  title={LLM-CXR: Instruction-Finetuned LLM for CXR Image Understanding and Generation},
  author={Suhyeon Lee and Won Jun Kim and Jinho Chang and Jong-Chul Ye},
  year={2023},
  url={https://api.semanticscholar.org/CorpusID:258823258}
}

@article{Li2023LLaVAMedTA,
  title={LLaVA-Med: Training a Large Language-and-Vision Assistant for Biomedicine in One Day},
  author={Chunyuan Li and Cliff Wong and Sheng Zhang and Naoto Usuyama and Haotian Liu and Jianwei Yang and Tristan Naumann and Hoifung Poon and Jianfeng Gao},
  journal={ArXiv},
  year={2023},
  volume={abs/2306.00890},
  url={https://api.semanticscholar.org/CorpusID:258999820}
}

@article{Wu2023TowardsGF,
  title={Towards Generalist Foundation Model for Radiology},
  author={Chaoyi Wu and Xiaoman Zhang and Ya Zhang and Yanfeng Wang and Weidi Xie},
  journal={ArXiv},
  year={2023},
  volume={abs/2308.02463},
  url={https://api.semanticscholar.org/CorpusID:260611504}
}


@article{Chen2024CheXagentTA,
  title={CheXagent: Towards a Foundation Model for Chest X-Ray Interpretation},
  author={Zhihong Chen and Maya Varma and Jean-Benoit Delbrouck and Magdalini Paschali and Louis Blankemeier and Dave Van Veen and Jeya Maria Jose Valanarasu and Alaa Youssef and Joseph Paul Cohen and Eduardo Pontes Reis and Emily B. Tsai and Andrew Johnston and Cameron Olsen and Tanishq Mathew Abraham and Sergios Gatidis and Akshay S. Chaudhari and Curtis P. Langlotz},
  journal={ArXiv},
  year={2024},
  volume={abs/2401.12208},
  url={https://api.semanticscholar.org/CorpusID:267069358}
}

@article{Jain2021RadGraphEC,
  title={RadGraph: Extracting Clinical Entities and Relations from Radiology Reports},
  author={Saahil Jain and Ashwin Agrawal and Adriel Saporta and Steven Truong and D. Duong and Tan Bui and Pierre Chambon and Yuhao Zhang and Matthew P. Lungren and Andrew Y. Ng and Curt P. Langlotz and Pranav Rajpurkar},
  journal={ArXiv},
  year={2021},
  volume={abs/2106.14463},
  url={https://api.semanticscholar.org/CorpusID:235658141}
}

@article{Moor2023MedFlamingoAM,
  title={Med-Flamingo: a Multimodal Medical Few-shot Learner},
  author={Michael Moor and Qian Huang and Shirley Wu and Michihiro Yasunaga and Cyril Zakka and Yashodhara Dalmia and Eduardo Pontes Reis and Pranav Rajpurkar and Jure Leskovec},
  journal={ArXiv},
  year={2023},
  volume={abs/2307.15189},
  url={https://api.semanticscholar.org/CorpusID:260316059}
}


@article{Zhang2023PMCVQAVI,
  title={PMC-VQA: Visual Instruction Tuning for Medical Visual Question Answering},
  author={Xiaoman Zhang and Chaoyi Wu and Ziheng Zhao and Weixiong Lin and Ya Zhang and Yanfeng Wang and Weidi Xie},
  journal={ArXiv},
  year={2023},
  volume={abs/2305.10415},
  url={https://api.semanticscholar.org/CorpusID:258741360}
}

#### Hallucination MLLM ####
@article{Bai2024HallucinationOM,
  title={Hallucination of Multimodal Large Language Models: A Survey},
  author={Zechen Bai and Pichao Wang and Tianjun Xiao and Tong He and Zongbo Han and Zheng Zhang and Mike Zheng Shou},
  journal={ArXiv},
  year={2024},
  volume={abs/2404.18930},
  url={https://api.semanticscholar.org/CorpusID:269449935}
}

@article{Huang2024VisualHO,
  title={Visual Hallucinations of Multi-modal Large Language Models},
  author={Wen Huang and Hongbin Liu and Minxin Guo and Neil Zhenqiang Gong},
  journal={ArXiv},
  year={2024},
  volume={abs/2402.14683},
  url={https://api.semanticscholar.org/CorpusID:267782634}
}

@inproceedings{Li2023EvaluatingOH,
  title={Evaluating Object Hallucination in Large Vision-Language Models},
  author={Yifan Li and Yifan Du and Kun Zhou and Jinpeng Wang and Wayne Xin Zhao and Ji-rong Wen},
  booktitle={Conference on Empirical Methods in Natural Language Processing},
  year={2023},
  url={https://api.semanticscholar.org/CorpusID:258740697}
}

#### RAG ####
@article{Lewis2020RetrievalAugmentedGF,
  title={Retrieval-Augmented Generation for Knowledge-Intensive NLP Tasks},
  author={Patrick Lewis and Ethan Perez and Aleksandara Piktus and Fabio Petroni and Vladimir Karpukhin and Naman Goyal and Heinrich Kuttler and Mike Lewis and Wen-tau Yih and Tim Rockt{\"a}schel and Sebastian Riedel and Douwe Kiela},
  journal={ArXiv},
  year={2020},
  volume={abs/2005.11401},
  url={https://api.semanticscholar.org/CorpusID:218869575}
}

@article{Guu2020REALMRL,
  title={REALM: Retrieval-Augmented Language Model Pre-Training},
  author={Kelvin Guu and Kenton Lee and Zora Tung and Panupong Pasupat and Ming-Wei Chang},
  journal={ArXiv},
  year={2020},
  volume={abs/2002.08909},
  url={https://api.semanticscholar.org/CorpusID:211204736}
}


@article{Siriwardhana2022ImprovingTD,
  title={Improving the Domain Adaptation of Retrieval Augmented Generation (RAG) Models for Open Domain Question Answering},
  author={Shamane Siriwardhana and Rivindu Weerasekera and Elliott Wen and Tharindu Kaluarachchi and Rajib Kumar Rana and Suranga Nanayakkara},
  journal={Transactions of the Association for Computational Linguistics},
  year={2022},
  volume={11},
  pages={1-17},
  url={https://api.semanticscholar.org/CorpusID:252735056}
}

@inproceedings{Shahul2023RAGAsAE,
  title={RAGAs: Automated Evaluation of Retrieval Augmented Generation},
  author={ES Shahul and Jithin James and Luis Espinosa Anke and Steven Schockaert},
  booktitle={Conference of the European Chapter of the Association for Computational Linguistics},
  year={2023},
  url={https://api.semanticscholar.org/CorpusID:263152733}
}
#### v-RAG ####
@article{Sarto2024TowardsRA,
  title={Towards Retrieval-Augmented Architectures for Image Captioning},
  author={Sara Sarto and Marcella Cornia and Lorenzo Baraldi and Alessandro Nicolosi and Rita Cucchiara},
  journal={ACM Transactions on Multimedia Computing, Communications and Applications},
  year={2024},
  url={https://api.semanticscholar.org/CorpusID:269575746}
}

@article{Liu2024RARRA,
  title={RAR: Retrieving And Ranking Augmented MLLMs for Visual Recognition},
  author={Ziyu Liu and Zeyi Sun and Yuhang Zang and Wei Li and Pan Zhang and Xiao-wen Dong and Yuanjun Xiong and Dahua Lin and Jiaqi Wang},
  journal={ArXiv},
  year={2024},
  volume={abs/2403.13805},
  url={https://api.semanticscholar.org/CorpusID:268537041}
}

@article{Zhou2024Img2LocRI,
  title={Img2Loc: Revisiting Image Geolocalization using Multi-modality Foundation Models and Image-based Retrieval-Augmented Generation},
  author={Zhongliang Zhou and Jielu Zhang and Zihan Guan and Mengxuan Hu and Ni Lao and Lan Mu and Sheng Li and Gengchen Mai},
  journal={ArXiv},
  year={2024},
  volume={abs/2403.19584},
  url={https://api.semanticscholar.org/CorpusID:268733343}
}

@article{Liu2023LearningCV,
  title={Learning Customized Visual Models with Retrieval-Augmented Knowledge},
  author={Haotian Liu and Kilho Son and Jianwei Yang and Ce Liu and Jianfeng Gao and Yong Jae Lee and Chunyuan Li},
  journal={2023 IEEE/CVF Conference on Computer Vision and Pattern Recognition (CVPR)},
  year={2023},
  pages={15148-15158},
  url={https://api.semanticscholar.org/CorpusID:255942790}
}

@inproceedings{Qu2024AlleviatingHI,
  title={Alleviating Hallucination in Large Vision-Language Models with Active Retrieval Augmentation},
  author={Xiaoye Qu and Qiyuan Chen and Wei Wei and Jishuo Sun and Jianfeng Dong},
  year={2024},
  url={https://api.semanticscholar.org/CorpusID:271600627}
}







#### Medical v-RAG ####

@inproceedings{Xia2024RULERM,
  title={RULE: Reliable Multimodal RAG for Factuality in Medical Vision Language Models},
  author={Peng Xia and Kangyu Zhu and Haoran Li and Hongtu Zhu and Yun Li and Gang Li and Linjun Zhang and Huaxiu Yao},
  year={2024},
  url={https://api.semanticscholar.org/CorpusID:271050842}
}

@inproceedings{Sun2024FactAwareMR,
  title={Fact-Aware Multimodal Retrieval Augmentation for Accurate Medical Radiology Report Generation},
  author={Liwen Sun and James Zhao and Megan Han and Chenyan Xiong},
  year={2024},
  url={https://api.semanticscholar.org/CorpusID:271329384}
}



#### Dataset
@article{Johnson2019MIMICCXRAD,
  title={MIMIC-CXR, a de-identified publicly available database of chest radiographs with free-text reports},
  author={Alistair E. W. Johnson and Tom J. Pollard and Seth J. Berkowitz and Nathaniel R. Greenbaum and Matthew P. Lungren and Chih-ying Deng and Roger G. Mark and Steven Horng},
  journal={Scientific Data},
  year={2019},
  volume={6},
  url={https://api.semanticscholar.org/CorpusID:209342303}
}

@article{multicaredataset,
  title={Dataset of clinical cases, images, image labels and captions from open access case reports from PubMed Central (1990â€“2023)},
  author={Nievas Offidani, M. A. and Delrieux, C. A.},
  journal={Data in Brief},
  year={2024},
  volume={52},
  url={https://doi.org/10.1016/j.dib.2023.110008}
}



#### others

@inproceedings{Zhang2023BiomedCLIPAM,
  title={BiomedCLIP: a multimodal biomedical foundation model pretrained from fifteen million scientific image-text pairs},
  author={Sheng Zhang and Yanbo Xu and Naoto Usuyama and Jaspreet Kaur Bagga and Robert Tinn and Sam Preston and Rajesh N. Rao and Mu-Hsin Wei and Naveen Valluri and Cliff Wong and Matthew P. Lungren and Tristan Naumann and Hoifung Poon},
  year={2023},
  url={https://api.semanticscholar.org/CorpusID:257280046}
}

@article{Malkov2016EfficientAR,
  title={Efficient and Robust Approximate Nearest Neighbor Search Using Hierarchical Navigable Small World Graphs},
  author={Yury Malkov and Dmitry A. Yashunin},
  journal={IEEE Transactions on Pattern Analysis and Machine Intelligence},
  year={2016},
  volume={42},
  pages={824-836},
  url={https://api.semanticscholar.org/CorpusID:8915893}
}

@article{douze2024faiss,
      title={The Faiss library},
      author={Matthijs Douze and Alexandr Guzhva and Chengqi Deng and Jeff Johnson and Gergely Szilvasy and Pierre-Emmanuel MazarÃ© and Maria Lomeli and Lucas Hosseini and HervÃ© JÃ©gou},
      year={2024},
      eprint={2401.08281},
      archivePrefix={arXiv},
      primaryClass={cs.LG}
}

@article{zhang2021biomedical,
    author = {Zhang, Yuhao and Zhang, Yuhui and Qi, Peng and Manning, Christopher D and Langlotz, Curtis P},
    title = {Biomedical and clinical {E}nglish model packages for the {S}tanza {P}ython {NLP} library},
    journal = {Journal of the American Medical Informatics Association},
    year = {2021},
    month = {06},
    issn = {1527-974X}
}

@article{Hu2021LoRALA,
  title={LoRA: Low-Rank Adaptation of Large Language Models},
  author={J. Edward Hu and Yelong Shen and Phillip Wallis and Zeyuan Allen-Zhu and Yuanzhi Li and Shean Wang and Weizhu Chen},
  journal={ArXiv},
  year={2021},
  volume={abs/2106.09685},
  url={https://api.semanticscholar.org/CorpusID:235458009}
}

@article{Pal2024GeminiGT,
  title={Gemini Goes to Med School: Exploring the Capabilities of Multimodal Large Language Models on Medical Challenge Problems \& Hallucinations},
  author={Ankit Pal and Malaikannan Sankarasubbu},
  journal={ArXiv},
  year={2024},
  volume={abs/2402.07023},
  url={https://api.semanticscholar.org/CorpusID:267627247}
}




@misc{wu2024hallucinationbenchmarkmedicalvisual,
      title={Hallucination Benchmark in Medical Visual Question Answering}, 
      author={Jinge Wu and Yunsoo Kim and Honghan Wu},
      year={2024},
      eprint={2401.05827},
      archivePrefix={arXiv},
      primaryClass={cs.CL},
      url={https://arxiv.org/abs/2401.05827}, 
      booktitle={arXiv},
      number={2401.05827}
}

@misc{august,
      title={Alleviating Hallucination in Large Vision-Language Models with Active Retrieval Augmentation}, 
      author={Xiaoye Qu and Qiyuan Chen and Wei Wei and Jishuo Sun and Jianfeng Dong},
      year={2024},
      eprint={2408.00555},
      archivePrefix={arXiv},
      primaryClass={cs.CV},
      url={https://arxiv.org/abs/2408.00555}, 
      booktitle={arXiv},
      number={2408.00555}
}




@inproceedings{Irvin2019CheXpertAL,
  title={CheXpert: A Large Chest Radiograph Dataset with Uncertainty Labels and Expert Comparison},
  author={Jeremy A. Irvin and Pranav Rajpurkar and Michael Ko and Yifan Yu and Silviana Ciurea-Ilcus and Chris Chute and Henrik Marklund and Behzad Haghgoo and Robyn L. Ball and Katie S. Shpanskaya and Jayne Seekins and David Andrew Mong and Safwan S. Halabi and Jesse K. Sandberg and Ricky Jones and David B. Larson and C. Langlotz and Bhavik N. Patel and Matthew P. Lungren and A. Ng},
  booktitle={AAAI Conference on Artificial Intelligence},
  year={2019},
  url={https://api.semanticscholar.org/CorpusID:58981871}
}

@inproceedings{delbrouck-etal-2024-radgraph,
    title = "{R}ad{G}raph-{XL}: A Large-Scale Expert-Annotated Dataset for Entity and Relation Extraction from Radiology Reports",
    author = "Delbrouck, Jean-Benoit  and
      Chambon, Pierre  and
      Chen, Zhihong  and
      Varma, Maya  and
      Johnston, Andrew  and
      Blankemeier, Louis  and
      Van Veen, Dave  and
      Bui, Tan  and
      Truong, Steven  and
      Langlotz, Curtis",
    editor = "Ku, Lun-Wei  and
      Martins, Andre  and
      Srikumar, Vivek",
    booktitle = "Findings of the Association for Computational Linguistics ACL 2024",
    month = aug,
    year = "2024",
    address = "Bangkok, Thailand and virtual meeting",
    publisher = "Association for Computational Linguistics",
    url = "https://aclanthology.org/2024.findings-acl.765",
    pages = "12902--12915",
}
