@article{Chen2024CheXagentTA,
  title={CheXagent: Towards a Foundation Model for Chest X-Ray Interpretation},
  author={Zhihong Chen and Maya Varma and Jean-Benoit Delbrouck and Magdalini Paschali and Louis Blankemeier and Dave Van Veen and Jeya Maria Jose Valanarasu and Alaa Youssef and Joseph Paul Cohen and Eduardo Pontes Reis and Emily B. Tsai and Andrew Johnston and Cameron Olsen and Tanishq Mathew Abraham and Sergios Gatidis and Akshay S. Chaudhari and Curtis P. Langlotz},
  journal={ArXiv},
  year={2024},
  volume={abs/2401.12208},
  url={https://api.semanticscholar.org/CorpusID:267069358}
}

@article{Guu2020REALMRL,
  title={REALM: Retrieval-Augmented Language Model Pre-Training},
  author={Kelvin Guu and Kenton Lee and Zora Tung and Panupong Pasupat and Ming-Wei Chang},
  journal={ArXiv},
  year={2020},
  volume={abs/2002.08909},
  url={https://api.semanticscholar.org/CorpusID:211204736}
}

@article{Jain2021RadGraphEC,
  title={RadGraph: Extracting Clinical Entities and Relations from Radiology Reports},
  author={Saahil Jain and Ashwin Agrawal and Adriel Saporta and Steven Truong and D. Duong and Tan Bui and Pierre Chambon and Yuhao Zhang and Matthew P. Lungren and Andrew Y. Ng and Curt P. Langlotz and Pranav Rajpurkar},
  journal={ArXiv},
  year={2021},
  volume={abs/2106.14463},
  url={https://api.semanticscholar.org/CorpusID:235658141}
}

@inproceedings{Lee2023LLMCXRIL,
  title={LLM-CXR: Instruction-Finetuned LLM for CXR Image Understanding and Generation},
  author={Suhyeon Lee and Won Jun Kim and Jinho Chang and Jong-Chul Ye},
  year={2023},
  url={https://api.semanticscholar.org/CorpusID:258823258}
}

@article{Lewis2020RetrievalAugmentedGF,
  title={Retrieval-Augmented Generation for Knowledge-Intensive NLP Tasks},
  author={Patrick Lewis and Ethan Perez and Aleksandara Piktus and Fabio Petroni and Vladimir Karpukhin and Naman Goyal and Heinrich Kuttler and Mike Lewis and Wen-tau Yih and Tim Rockt{\"a}schel and Sebastian Riedel and Douwe Kiela},
  journal={ArXiv},
  year={2020},
  volume={abs/2005.11401},
  url={https://api.semanticscholar.org/CorpusID:218869575}
}

@article{Li2023LLaVAMedTA,
  title={LLaVA-Med: Training a Large Language-and-Vision Assistant for Biomedicine in One Day},
  author={Chunyuan Li and Cliff Wong and Sheng Zhang and Naoto Usuyama and Haotian Liu and Jianwei Yang and Tristan Naumann and Hoifung Poon and Jianfeng Gao},
  journal={ArXiv},
  year={2023},
  volume={abs/2306.00890},
  url={https://api.semanticscholar.org/CorpusID:258999820}
}

@article{Liu2023LearningCV,
  title={Learning Customized Visual Models with Retrieval-Augmented Knowledge},
  author={Haotian Liu and Kilho Son and Jianwei Yang and Ce Liu and Jianfeng Gao and Yong Jae Lee and Chunyuan Li},
  journal={2023 IEEE/CVF Conference on Computer Vision and Pattern Recognition (CVPR)},
  year={2023},
  pages={15148-15158},
  url={https://api.semanticscholar.org/CorpusID:255942790}
}

@article{Liu2024RARRA,
  title={RAR: Retrieving And Ranking Augmented MLLMs for Visual Recognition},
  author={Ziyu Liu and Zeyi Sun and Yuhang Zang and Wei Li and Pan Zhang and Xiao-wen Dong and Yuanjun Xiong and Dahua Lin and Jiaqi Wang},
  journal={ArXiv},
  year={2024},
  volume={abs/2403.13805},
  url={https://api.semanticscholar.org/CorpusID:268537041}
}

@article{Moor2023MedFlamingoAM,
  title={Med-Flamingo: a Multimodal Medical Few-shot Learner},
  author={Michael Moor and Qian Huang and Shirley Wu and Michihiro Yasunaga and Cyril Zakka and Yashodhara Dalmia and Eduardo Pontes Reis and Pranav Rajpurkar and Jure Leskovec},
  journal={ArXiv},
  year={2023},
  volume={abs/2307.15189},
  url={https://api.semanticscholar.org/CorpusID:260316059}
}

@inproceedings{Qu2024AlleviatingHI,
  title={Alleviating Hallucination in Large Vision-Language Models with Active Retrieval Augmentation},
  author={Xiaoye Qu and Qiyuan Chen and Wei Wei and Jishuo Sun and Jianfeng Dong},
  year={2024},
  url={https://api.semanticscholar.org/CorpusID:271600627}
}

@article{Sarto2024TowardsRA,
  title={Towards Retrieval-Augmented Architectures for Image Captioning},
  author={Sara Sarto and Marcella Cornia and Lorenzo Baraldi and Alessandro Nicolosi and Rita Cucchiara},
  journal={ACM Transactions on Multimedia Computing, Communications and Applications},
  year={2024},
  url={https://api.semanticscholar.org/CorpusID:269575746}
}

@inproceedings{Shahul2023RAGAsAE,
  title={RAGAs: Automated Evaluation of Retrieval Augmented Generation},
  author={ES Shahul and Jithin James and Luis Espinosa Anke and Steven Schockaert},
  booktitle={Conference of the European Chapter of the Association for Computational Linguistics},
  year={2023},
  url={https://api.semanticscholar.org/CorpusID:263152733}
}

@article{Siriwardhana2022ImprovingTD,
  title={Improving the Domain Adaptation of Retrieval Augmented Generation (RAG) Models for Open Domain Question Answering},
  author={Shamane Siriwardhana and Rivindu Weerasekera and Elliott Wen and Tharindu Kaluarachchi and Rajib Kumar Rana and Suranga Nanayakkara},
  journal={Transactions of the Association for Computational Linguistics},
  year={2022},
  volume={11},
  pages={1-17},
  url={https://api.semanticscholar.org/CorpusID:252735056}
}

@inproceedings{Sun2024FactAwareMR,
  title={Fact-Aware Multimodal Retrieval Augmentation for Accurate Medical Radiology Report Generation},
  author={Liwen Sun and James Zhao and Megan Han and Chenyan Xiong},
  year={2024},
  url={https://api.semanticscholar.org/CorpusID:271329384}
}

@article{Wu2023TowardsGF,
  title={Towards Generalist Foundation Model for Radiology},
  author={Chaoyi Wu and Xiaoman Zhang and Ya Zhang and Yanfeng Wang and Weidi Xie},
  journal={ArXiv},
  year={2023},
  volume={abs/2308.02463},
  url={https://api.semanticscholar.org/CorpusID:260611504}
}

@inproceedings{Xia2024RULERM,
  title={RULE: Reliable Multimodal RAG for Factuality in Medical Vision Language Models},
  author={Peng Xia and Kangyu Zhu and Haoran Li and Hongtu Zhu and Yun Li and Gang Li and Linjun Zhang and Huaxiu Yao},
  year={2024},
  url={https://api.semanticscholar.org/CorpusID:271050842}
}

@article{Zhang2023PMCVQAVI,
  title={PMC-VQA: Visual Instruction Tuning for Medical Visual Question Answering},
  author={Xiaoman Zhang and Chaoyi Wu and Ziheng Zhao and Weixiong Lin and Ya Zhang and Yanfeng Wang and Weidi Xie},
  journal={ArXiv},
  year={2023},
  volume={abs/2305.10415},
  url={https://api.semanticscholar.org/CorpusID:258741360}
}

@article{Zhou2024Img2LocRI,
  title={Img2Loc: Revisiting Image Geolocalization using Multi-modality Foundation Models and Image-based Retrieval-Augmented Generation},
  author={Zhongliang Zhou and Jielu Zhang and Zihan Guan and Mengxuan Hu and Ni Lao and Lan Mu and Sheng Li and Gengchen Mai},
  journal={ArXiv},
  year={2024},
  volume={abs/2403.19584},
  url={https://api.semanticscholar.org/CorpusID:268733343}
}

@misc{august,
      title={Alleviating Hallucination in Large Vision-Language Models with Active Retrieval Augmentation}, 
      author={Xiaoye Qu and Qiyuan Chen and Wei Wei and Jishuo Sun and Jianfeng Dong},
      year={2024},
      eprint={2408.00555},
      archivePrefix={arXiv},
      primaryClass={cs.CV},
      url={https://arxiv.org/abs/2408.00555}, 
      booktitle={arXiv},
      number={2408.00555}
}

