@inproceedings{tran2024toward,
  title={Toward Improving Robustness of Object Detectors against Domain Shift},
  author={Tran, Le-Anh and Tran, Chung Nguyen and Park, Dong-Chul and Carrabina, Jordi and Castells-Rufas, David},
  booktitle={2024 International Conference on Green Energy, Computing and Sustainable Technology (GECOST)},
  pages={01--05},
  year={2024},
  organization={IEEE}
}

@inproceedings{tran2019robust,
  title={Robust u-net-based road lane markings detection for autonomous driving},
  author={Tran, Le-Anh and Le, My-Ha},
  booktitle={2019 International Conference on System Science and Engineering (ICSSE)},
  pages={62--66},
  year={2019},
  organization={IEEE}
}

@article{he2010single,
  title={Single image haze removal using dark channel prior},
  author={He, Kaiming and Sun, Jian and Tang, Xiaoou},
  journal={IEEE transactions on pattern analysis and machine intelligence},
  volume={33},
  number={12},
  pages={2341--2353},
  year={2010},
  publisher={IEEE}
}

@article{zhu2015fast,
  title={A fast single image haze removal algorithm using color attenuation prior},
  author={Zhu, Qingsong and Mai, Jiaming and Shao, Ling},
  journal={IEEE transactions on image processing},
  volume={24},
  number={11},
  pages={3522--3533},
  year={2015},
  publisher={IEEE}
}

@inproceedings{meng2013efficient,
  title={Efficient image dehazing with boundary constraint and contextual regularization},
  author={Meng, Gaofeng and Wang, Ying and Duan, Jiangyong and Xiang, Shiming and Pan, Chunhong},
  booktitle={Proceedings of the IEEE international conference on computer vision},
  pages={617--624},
  year={2013}
}

@article{wang2024ucl,
  title={Ucl-dehaze: Towards real-world image dehazing via unsupervised contrastive learning},
  author={Wang, Yongzhen and Yan, Xuefeng and Wang, Fu Lee and Xie, Haoran and Yang, Wenhan and Zhang, Xiao-Ping and Qin, Jing and Wei, Mingqiang},
  journal={IEEE Transactions on Image Processing},
  year={2024},
  publisher={IEEE}
}

@inproceedings{chen2021psd,
  title={PSD: Principled synthetic-to-real dehazing guided by physical priors},
  author={Chen, Zeyuan and Wang, Yangchao and Yang, Yang and Liu, Dong},
  booktitle={Proceedings of the IEEE/CVF conference on computer vision and pattern recognition},
  pages={7180--7189},
  year={2021}
}

@article{zhao2021refinednet,
  title={RefineDNet: A weakly supervised refinement framework for single image dehazing},
  author={Zhao, Shiyu and Zhang, Lin and Shen, Ying and Zhou, Yicong},
  journal={IEEE Transactions on Image Processing},
  volume={30},
  pages={3391--3404},
  year={2021},
  publisher={IEEE}
}

@article{tran2022anovel,	
year = 2022,	
publisher = {Elsevier {BV}},	
volume = {204},	
pages = {682--689},	
author = {Le-Anh Tran and Seokyong Moon and Dong-Chul Park},	
title = {A novel encoder-decoder network with guided transmission map for single image dehazing},	
journal = {Procedia Computer Science}}

@article{song2023vision,
  title={Vision transformers for single image dehazing},
  author={Song, Yuda and He, Zhuqing and Qian, Hui and Du, Xin},
  journal={IEEE Transactions on Image Processing},
  volume={32},
  pages={1927--1941},
  year={2023},
  publisher={IEEE}
}

@article{tran2024distilled,
  title={Distilled pooling transformer encoder for efficient realistic image dehazing},
  author={Tran, Le-Anh and Park, Dong-Chul},
  journal={Neural Computing and Applications},
  pages={1--19},
  year={2024},
  publisher={Springer}
}

@inproceedings{wu2021contrastive,
  title={Contrastive Learning for Compact Single Image Dehazing},
  author={Wu, Haiyan and Qu, Yanyun and Lin, Shaohui and Zhou, Jian and Qiao, Ruizhi and Zhang, Zhizhong and Xie, Yuan and Ma, Lizhuang},
  booktitle={Proceedings of the IEEE/CVF Conference on Computer Vision and Pattern Recognition},
  pages={10551--10560},
  year={2021}
}

@article{yang2024kolmogorov,
  title={Kolmogorov-arnold transformer},
  author={Yang, Xingyi and Wang, Xinchao},
  journal={arXiv preprint arXiv:2409.10594},
  year={2024}
}

@article{liu2024kan,
  title={Kan: Kolmogorov-arnold networks},
  author={Liu, Ziming and Wang, Yixuan and Vaidya, Sachin and Ruehle, Fabian and Halverson, James and Solja{\v{c}}i{\'c}, Marin and Hou, Thomas Y and Tegmark, Max},
  journal={arXiv preprint arXiv:2404.19756},
  year={2024}
}

@article{schmidt2021kolmogorov,
  title={The Kolmogorov--Arnold representation theorem revisited},
  author={Schmidt-Hieber, Johannes},
  journal={Neural networks},
  volume={137},
  pages={119--126},
  year={2021},
  publisher={Elsevier}
}

@article{li2024hdud,
  title={HDUD-Net: heterogeneous decoupling unsupervised dehaze network},
  author={Li, Jiafeng and Kuang, Lingyan and Jin, Jiaqi and Zhuo, Li and Zhang, Jing},
  journal={Neural Computing and Applications},
  volume={36},
  number={6},
  pages={2695--2711},
  year={2024},
  publisher={Springer}
}

@inproceedings{taigman2022unsupervised,
  title={Unsupervised Cross-Domain Image Generation},
  author={Taigman, Yaniv and Polyak, Adam and Wolf, Lior},
  booktitle={International Conference on Learning Representations},
  year={2022}
}

@inproceedings{park2020contrastive,
  title={Contrastive learning for unpaired image-to-image translation},
  author={Park, Taesung and Efros, Alexei A and Zhang, Richard and Zhu, Jun-Yan},
  booktitle={Computer Vision--ECCV 2020: 16th European Conference, Glasgow, UK, August 23--28, 2020, Proceedings, Part IX 16},
  pages={319--345},
  year={2020},
  organization={Springer}
}

@article{kingma2014adam,
  title={Adam: A method for stochastic optimization},
  author={Kingma, Diederik P and Ba, Jimmy},
  journal={arXiv preprint arXiv:1412.6980},
  year={2014}
}

@article{mittal2012making,
  title={Making a “completely blind” image quality analyzer},
  author={Mittal, Anish and Soundararajan, Rajiv and Bovik, Alan C},
  journal={IEEE Signal processing letters},
  volume={20},
  number={3},
  pages={209--212},
  year={2012},
  publisher={IEEE}
}

@article{mittal2012no,
  title={No-reference image quality assessment in the spatial domain},
  author={Mittal, Anish and Moorthy, Anush Krishna and Bovik, Alan Conrad},
  journal={IEEE Transactions on image processing},
  volume={21},
  number={12},
  pages={4695--4708},
  year={2012},
  publisher={IEEE}
}

@inproceedings{berman2016non,
  title={Non-local image dehazing},
  author={Berman, Dana and Avidan, Shai and others},
  booktitle={Proceedings of the IEEE conference on computer vision and pattern recognition},
  pages={1674--1682},
  year={2016}
}

@article{tran2024single,
  title={Single Image Dehazing via Regional Saturation-Value Translation},
  author={Tran, Le-Anh and Kwon, Daehyun and Park, Dong-Chul},
  journal={Procedia Computer Science},
  volume={237},
  pages={517--524},
  year={2024},
  publisher={Elsevier}
}

@article{cai2016dehazenet,
  title={Dehazenet: An end-to-end system for single image haze removal},
  author={Cai, Bolun and Xu, Xiangmin and Jia, Kui and Qing, Chunmei and Tao, Dacheng},
  journal={IEEE Transactions on Image Processing},
  volume={25},
  number={11},
  pages={5187--5198},
  year={2016},
  publisher={IEEE}
}

@inproceedings{ren2016single,
  title={Single image dehazing via multi-scale convolutional neural networks},
  author={Ren, Wenqi and Liu, Si and Zhang, Hua and Pan, Jinshan and Cao, Xiaochun and Yang, Ming-Hsuan},
  booktitle={European conference on computer vision},
  pages={154--169},
  year={2016},
  organization={Springer}
}

@inproceedings{zhang2018densely,
  title={Densely connected pyramid dehazing network},
  author={Zhang, He and Patel, Vishal M},
  booktitle={Proceedings of the IEEE conference on computer vision and pattern recognition},
  pages={3194--3203},
  year={2018}
}

@inproceedings{qin2020ffa,
  title={FFA-Net: Feature fusion attention network for single image dehazing},
  author={Qin, Xu and Wang, Zhilin and Bai, Yuanchao and Xie, Xiaodong and Jia, Huizhu},
  booktitle={Proceedings of the AAAI Conference on Artificial Intelligence},
  pages={11908--11915},
  year={2020}
}

@inproceedings{dong2020fd,
  title={FD-GAN: Generative adversarial networks with fusion-discriminator for single image dehazing},
  author={Dong, Yu and Liu, Yihao and Zhang, He and Chen, Shifeng and Qiao, Yu},
  booktitle={Proceedings of the AAAI Conference on Artificial Intelligence},
  pages={10729--10736},
  year={2020}
}

@article{tran2024encoder,
  title={Encoder-decoder networks with guided transmission map for effective image dehazing},
  author={Tran, Le-Anh and Park, Dong-Chul},
  journal={The Visual Computer},
  pages={1--24},
  year={2024},
  publisher={Springer}
}

@inproceedings{hong2020distilling,
  title={Distilling image dehazing with heterogeneous task imitation},
  author={Hong, Ming and Xie, Yuan and Li, Cuihua and Qu, Yanyun},
  booktitle={Proceedings of the IEEE/CVF conference on computer vision and pattern recognition},
  pages={3462--3471},
  year={2020}
}

@article{tran2024lightweight,
  title={Lightweight image dehazing networks based on soft knowledge distillation},
  author={Tran, Le-Anh and Park, Dong-Chul},
  journal={The Visual Computer},
  pages={1--20},
  year={2024},
  publisher={Springer}
}

@article{li2019semi,
  title={Semi-supervised image dehazing},
  author={Li, Lerenhan and Dong, Yunlong and Ren, Wenqi and Pan, Jinshan and Gao, Changxin and Sang, Nong and Yang, Ming-Hsuan},
  journal={IEEE Transactions on Image Processing},
  volume={29},
  pages={2766--2779},
  year={2019},
  publisher={IEEE}
}

@article{an2022semi,
  title={Semi-Supervised image dehazing network},
  author={An, Shunmin and Huang, Xixia and Wang, Le and Wang, Linling and Zheng, Zhangjing},
  journal={The Visual Computer},
  volume={38},
  number={6},
  pages={2041--2055},
  year={2022},
  publisher={Springer}
}

@inproceedings{engin2018cycle,
  title={Cycle-dehaze: Enhanced cyclegan for single image dehazing},
  author={Engin, Deniz and Gen{\c{c}}, Anil and Kemal Ekenel, Hazim},
  booktitle={Proceedings of the IEEE Conference on Computer Vision and Pattern Recognition Workshops},
  pages={825--833},
  year={2018}
}

@article{li2021you,
  title={You only look yourself: Unsupervised and untrained single image dehazing neural network},
  author={Li, Boyun and Gou, Yuanbiao and Gu, Shuhang and Liu, Jerry Zitao and Zhou, Joey Tianyi and Peng, Xi},
  journal={International Journal of Computer Vision},
  volume={129},
  number={5},
  pages={1754--1767},
  year={2021},
  publisher={Springer}
}

@article{dosovitskiy2020image,
  title={An image is worth 16x16 words: Transformers for image recognition at scale},
  author={Dosovitskiy, Alexey},
  journal={arXiv preprint arXiv:2010.11929},
  year={2020}
}

@inproceedings{yu2022metaformer,
  title={Metaformer is actually what you need for vision},
  author={Yu, Weihao and Luo, Mi and Zhou, Pan and Si, Chenyang and Zhou, Yichen and Wang, Xinchao and Feng, Jiashi and Yan, Shuicheng},
  booktitle={Proceedings of the IEEE/CVF conference on computer vision and pattern recognition},
  pages={10819--10829},
  year={2022}
}

@inproceedings{guo2022image,
  title={Image dehazing transformer with transmission-aware 3d position embedding},
  author={Guo, Chun-Le and Yan, Qixin and Anwar, Saeed and Cong, Runmin and Ren, Wenqi and Li, Chongyi},
  booktitle={Proceedings of the IEEE/CVF conference on computer vision and pattern recognition},
  pages={5812--5820},
  year={2022}
}

@article{elfwing2018sigmoid,
  title={Sigmoid-weighted linear units for neural network function approximation in reinforcement learning},
  author={Elfwing, Stefan and Uchibe, Eiji and Doya, Kenji},
  journal={Neural networks},
  volume={107},
  pages={3--11},
  year={2018},
  publisher={Elsevier}
}

@article{mahara2024dawn,
  title={The Dawn of KAN in Image-to-Image (I2I) Translation: Integrating Kolmogorov-Arnold Networks with GANs for Unpaired I2I Translation},
  author={Mahara, Arpan and Rishe, Naphtali D and Deng, Liangdong},
  journal={arXiv preprint arXiv:2408.08216},
  year={2024}
}

@misc{VisionKAN2024,
  author = {Ziwen Chen and Gundavarapu and WU DI},
  title = {Vision-KAN: Exploring the Possibility of KAN Replacing MLP in Vision Transformer},
  year = {2024},
  howpublished = {\url{https://github.com/chenziwenhaoshuai/Vision-KAN.git}},
}

@article{chen2024sckansformer,
  title={Sckansformer: Fine-grained classification of bone marrow cells via kansformer backbone and hierarchical attention mechanisms},
  author={Chen, Yifei and Zhu, Zhu and Zhu, Shenghao and Qiu, Linwei and Zou, Binfeng and Jia, Fan and Zhu, Yunpeng and Zhang, Chenyan and Fang, Zhaojie and Qin, Feiwei and others},
  journal={IEEE Journal of Biomedical and Health Informatics},
  year={2024},
  publisher={IEEE}
}

@inproceedings{johnson2016perceptual,
  title={Perceptual losses for real-time style transfer and super-resolution},
  author={Johnson, Justin and Alahi, Alexandre and Fei-Fei, Li},
  booktitle={Computer Vision--ECCV 2016: 14th European Conference, Amsterdam, The Netherlands, October 11-14, 2016, Proceedings, Part II 14},
  pages={694--711},
  year={2016},
  organization={Springer}
}

@inproceedings{zhu2017unpaired,
  title={Unpaired image-to-image translation using cycle-consistent adversarial networks},
  author={Zhu, Jun-Yan and Park, Taesung and Isola, Phillip and Efros, Alexei A},
  booktitle={Proceedings of the IEEE international conference on computer vision},
  pages={2223--2232},
  year={2017}
}

@inproceedings{liu2020improving,
  title={Improving convolutional networks with self-calibrated convolutions},
  author={Liu, Jiang-Jiang and Hou, Qibin and Cheng, Ming-Ming and Wang, Changhu and Feng, Jiashi},
  booktitle={Proceedings of the IEEE/CVF conference on computer vision and pattern recognition},
  pages={10096--10105},
  year={2020}
}

@inproceedings{isola2017image,
  title={Image-to-image translation with conditional adversarial networks},
  author={Isola, Phillip and Zhu, Jun-Yan and Zhou, Tinghui and Efros, Alexei A},
  booktitle={Proceedings of the IEEE conference on computer vision and pattern recognition},
  pages={1125--1134},
  year={2017}
}

@inproceedings{mao2017least,
  title={Least squares generative adversarial networks},
  author={Mao, Xudong and Li, Qing and Xie, Haoran and Lau, Raymond YK and Wang, Zhen and Paul Smolley, Stephen},
  booktitle={Proceedings of the IEEE international conference on computer vision},
  pages={2794--2802},
  year={2017}
}

@article{li2020zero,
  title={Zero-shot image dehazing},
  author={Li, Boyun and Gou, Yuanbiao and Liu, Jerry Zitao and Zhu, Hongyuan and Zhou, Joey Tianyi and Peng, Xi},
  journal={IEEE Transactions on Image Processing},
  volume={29},
  pages={8457--8466},
  year={2020},
  publisher={IEEE}
}

@article{li2022usid,
  title={USID-Net: Unsupervised single image dehazing network via disentangled representations},
  author={Li, Jiafeng and Li, Yaopeng and Zhuo, Li and Kuang, Lingyan and Yu, Tianjian},
  journal={IEEE transactions on multimedia},
  volume={25},
  pages={3587--3601},
  year={2022},
  publisher={IEEE}
}

@article{li2022haze,
  title={Haze transfer and feature aggregation network for real-world single image dehazing},
  author={Li, Huafeng and Gao, Jirui and Zhang, Yafei and Xie, Minghong and Yu, Zhengtao},
  journal={Knowledge-Based Systems},
  volume={251},
  pages={109309},
  year={2022},
  publisher={Elsevier}
}

@article{dong2022semi,
  title={Semi-supervised domain alignment learning for single image dehazing},
  author={Dong, Yu and Li, Yunan and Dong, Qian and Zhang, He and Chen, Shifeng},
  journal={IEEE Transactions on Cybernetics},
  volume={53},
  number={11},
  pages={7238--7250},
  year={2022},
  publisher={IEEE}
}

@article{kaplan2023real,
  title={Real-world image dehazing with improved joint enhancement and exposure fusion},
  author={Kaplan, Nur Huseyin},
  journal={Journal of Visual Communication and Image Representation},
  volume={90},
  pages={103720},
  year={2023},
  publisher={Elsevier}
}

@article{yang2023visual,
  title={Visual-quality-driven unsupervised image dehazing},
  author={Yang, Aiping and Liu, Yumeng and Wang, Jinbin and Li, Xiaoxiao and Cao, Jiale and Ji, Zhong and Pang, Yanwei},
  journal={Neural Networks},
  volume={167},
  pages={1--9},
  year={2023},
  publisher={Elsevier}
}

@article{jia2024self,
  title={Self-guided disentangled representation learning for single image dehazing},
  author={Jia, Tongyao and Li, Jiafeng and Zhuo, Li and Zhang, Jing},
  journal={Neural Networks},
  volume={172},
  pages={106107},
  year={2024},
  publisher={Elsevier}
}

@inproceedings{yang2022self,
  title={Self-augmented unpaired image dehazing via density and depth decomposition},
  author={Yang, Yang and Wang, Chaoyue and Liu, Risheng and Zhang, Lin and Guo, Xiaojie and Tao, Dacheng},
  booktitle={Proceedings of the IEEE/CVF conference on computer vision and pattern recognition},
  pages={2037--2046},
  year={2022}
}

@article{rubner2000earth,
  title={The earth mover's distance as a metric for image retrieval},
  author={Rubner, Yossi and Tomasi, Carlo and Guibas, Leonidas J},
  journal={International journal of computer vision},
  volume={40},
  pages={99--121},
  year={2000},
  publisher={Springer}
}

@inproceedings{levina2001earth,
  title={The earth mover's distance is the mallows distance: Some insights from statistics},
  author={Levina, Elizaveta and Bickel, Peter},
  booktitle={Proceedings Eighth IEEE International Conference on Computer Vision. ICCV 2001},
  volume={2},
  pages={251--256},
  year={2001},
  organization={IEEE}
}

@article{werman1985distance,
  title={A distance metric for multidimensional histograms},
  author={Werman, Michael and Peleg, Shmuel and Rosenfeld, Azriel},
  journal={Computer Vision, Graphics, and Image Processing},
  volume={32},
  number={3},
  pages={328--336},
  year={1985},
  publisher={Elsevier}
}

@article{hou2016squared,
  title={Squared earth mover's distance-based loss for training deep neural networks},
  author={Hou, Le and Yu, Chen-Ping and Samaras, Dimitris},
  journal={arXiv preprint arXiv:1611.05916},
  year={2016}
}

@article{avi2023differentiable,
  title={Differentiable histogram loss functions for intensity-based image-to-image translation},
  author={Avi-Aharon, Mor and Arbelle, Assaf and Raviv, Tammy Riklin},
  journal={IEEE Transactions on Pattern Analysis and Machine Intelligence},
  volume={45},
  number={10},
  pages={11642--11653},
  year={2023},
  publisher={IEEE}
}

@article{li2018benchmarking,
  title={Benchmarking single-image dehazing and beyond},
  author={Li, Boyi and Ren, Wenqi and Fu, Dengpan and Tao, Dacheng and Feng, Dan and Zeng, Wenjun and Wang, Zhangyang},
  journal={IEEE Transactions on Image Processing},
  volume={28},
  number={1},
  pages={492--505},
  year={2018},
  publisher={IEEE}
}

@article{wang2023uscformer,
  title={Uscformer: Unified transformer with semantically contrastive learning for image dehazing},
  author={Wang, Yongzhen and Xiong, Jiamei and Yan, Xuefeng and Wei, Mingqiang},
  journal={IEEE Transactions on Intelligent Transportation Systems},
  volume={24},
  number={10},
  pages={11321--11333},
  year={2023},
  publisher={IEEE}
}

@inproceedings{maas2013rectifier,
  title={Rectifier nonlinearities improve neural network acoustic models},
  author={Maas, Andrew L and Hannun, Awni Y and Ng, Andrew Y and others},
  booktitle={Proc. icml},
  volume={30},
  number={1},
  pages={3},
  year={2013},
  organization={Atlanta, GA}
}

@article{hendrycks2016gaussian,
  title={Gaussian error linear units (gelus)},
  author={Hendrycks, Dan and Gimpel, Kevin},
  journal={arXiv preprint arXiv:1606.08415},
  year={2016}
}