@INPROCEEDINGS{6115881,
  author={Labati, Ruggero Donida and Piuri, Vincenzo and Scotti, Fabio},
  booktitle={2011 18th IEEE International Conference on Image Processing}, 
  title={All-IDB: The acute lymphoblastic leukemia image database for image processing}, 
  year={2011},
  volume={},
  number={},
  pages={2045-2048},
  doi={10.1109/ICIP.2011.6115881}}

@INPROCEEDINGS{9425264,
  author={Aftab, Muhammad Omer and Javed Awan, Mazhar and Khalid, Shahid and Javed, Rabia and Shabir, Hassan},
  booktitle={2021 1st International Conference on Artificial Intelligence and Data Analytics (CAIDA)}, 
  title={Executing Spark BigDL for Leukemia Detection from Microscopic Images using Transfer Learning}, 
  year={2021},
  volume={},
  number={},
  pages={216-220},
  doi={10.1109/CAIDA51941.2021.9425264}}

@article{ahmed2019identification,
  title={Identification of leukemia subtypes from microscopic images using convolutional neural network},
  author={Ahmed, Nizar and Yigit, Altug and Isik, Zerrin and Alpkocak, Adil},
  journal={Diagnostics},
  volume={9},
  number={3},
  pages={104},
  year={2019},
  publisher={MDPI}
}

@inproceedings{das2021transfer,
  title={Transfer learning-based automatic detection of acute lymphocytic leukemia},
  author={Das, Pradeep Kumar and Meher, Sukadev},
  booktitle={2021 National Conference on Communications (NCC)},
  pages={1--6},
  year={2021},
  organization={IEEE}
}

@article{dhal2020acute,
  title={Acute lymphoblastic leukemia image segmentation driven by stochastic fractal search},
  author={Dhal, Krishna Gopal and G{\'a}lvez, Jorge and Ray, Swarnajit and Das, Arunita and Das, Sanjoy},
  journal={Multimedia Tools and Applications},
  volume={79},
  number={17},
  pages={12227--12255},
  year={2020},
  publisher={Springer}
}

@article{dosovitskiy2020image,
  title={An image is worth 16x16 words: Transformers for image recognition at scale},
  author={Dosovitskiy, Alexey and Beyer, Lucas and Kolesnikov, Alexander and Weissenborn, Dirk and Zhai, Xiaohua and Unterthiner, Thomas and Dehghani, Mostafa and Minderer, Matthias and Heigold, Georg and Gelly, Sylvain and others},
  journal={arXiv preprint arXiv:2010.11929},
  year={2020}
}

@inproceedings{genovese2021acute,
  title={Acute Lymphoblastic Leukemia detection based on adaptive unsharpening and Deep Learning},
  author={Genovese, Angelo and Hosseini, Mahdi S and Piuri, Vincenzo and Plataniotis, Konstantinos N and Scotti, Fabio},
  booktitle={ICASSP 2021-2021 IEEE International Conference on Acoustics, Speech and Signal Processing (ICASSP)},
  pages={1205--1209},
  year={2021},
  organization={IEEE}
}

@misc{imagebank, title={ImageBank | Home | Regular bank}, url={https://imagebank.hematology.org/}, journal={ASH Image Bank - American Society of Hematology}, year={2015} }

@article{jothi2019rough,
  title={Rough set theory with Jaya optimization for acute lymphoblastic leukemia classification},
  author={Jothi, G and Inbarani, H Hannah and Azar, Ahmad Taher and Devi, K Renuga},
  journal={Neural Computing and Applications},
  volume={31},
  number={9},
  pages={5175--5194},
  year={2019},
  publisher={Springer}
}

@inproceedings{liu2022convnet,
  title={A convnet for the 2020s},
  author={Liu, Zhuang and Mao, Hanzi and Wu, Chao-Yuan and Feichtenhofer, Christoph and Darrell, Trevor and Xie, Saining},
  booktitle={Proceedings of the IEEE/CVF Conference on Computer Vision and Pattern Recognition},
  pages={11976--11986},
  year={2022}
}

@article{mohapatra2012lymphocyte,
  title={Lymphocyte image segmentation using functional link neural architecture for acute leukemia detection},
  author={Mohapatra, Subrajeet and Patra, Dipti and Kumar, Sunil and Satpathy, Sanghamitra},
  journal={Biomedical Engineering Letters},
  volume={2},
  number={2},
  pages={100--110},
  year={2012},
  publisher={Springer}
}

@article{negm2018decision,
  title={A decision support system for Acute Leukaemia classification based on digital microscopic images},
  author={Negm, Ahmed S and Hassan, Osama A and Kandil, Ahmed H},
  journal={Alexandria engineering journal},
  volume={57},
  number={4},
  pages={2319--2332},
  year={2018},
  publisher={Elsevier}
}

@article{rawat2017computer,
  title={Computer assisted classification framework for prediction of acute lymphoblastic and acute myeloblastic leukemia},
  author={Rawat, Jyoti and Singh, Annapurna and Bhadauria, HS and Virmani, Jitendra and Devgun, Jagtar Singh},
  journal={Biocybernetics and Biomedical Engineering},
  volume={37},
  number={4},
  pages={637--654},
  year={2017},
  publisher={Elsevier}
}

@incollection{shah2019classification,
  title={Classification of normal and leukemic blast cells in B-ALL cancer using a combination of convolutional and recurrent neural networks},
  author={Shah, Salman and Nawaz, Wajahat and Jalil, Bushra and Khan, Hassan Aqeel},
  booktitle={ISBI 2019 C-NMC Challenge: Classification in Cancer Cell Imaging},
  pages={23--31},
  year={2019},
  publisher={Springer}
}

