
@misc{mayo_clinic_leukemia,
	title = {Leukemia - {Symptoms} and {Causes}},
	url = {https://www.mayoclinic.org/diseases-conditions/leukemia/symptoms-causes/syc-20374373},
	language = {en},
	urldate = {2023-04-11},
 author={Mayo Clinic Staff}, year={2021}, month={Jan}, 
	journal = {Mayo Clinic}}

@INPROCEEDINGS{6115881,
  author={Labati, Ruggero Donida and Piuri, Vincenzo and Scotti, Fabio},
  booktitle={2011 18th IEEE International Conference on Image Processing}, 
  title={All-IDB: The acute lymphoblastic leukemia image database for image processing}, 
  year={2011},
  volume={},
  number={},
  pages={2045-2048},
  doi={10.1109/ICIP.2011.6115881}}

@article{jothi2019rough,
  title={Rough set theory with Jaya optimization for acute lymphoblastic leukemia classification},
  author={Jothi, G and Inbarani, H Hannah and Azar, Ahmad Taher and Devi, K Renuga},
  journal={Neural Computing and Applications},
  volume={31},
  number={9},
  pages={5175--5194},
  year={2019},
  publisher={Springer}
}

@incollection{shah2019classification,
  title={Classification of normal and leukemic blast cells in B-ALL cancer using a combination of convolutional and recurrent neural networks},
  author={Shah, Salman and Nawaz, Wajahat and Jalil, Bushra and Khan, Hassan Aqeel},
  booktitle={ISBI 2019 C-NMC Challenge: Classification in Cancer Cell Imaging},
  pages={23--31},
  year={2019},
  publisher={Springer}
}

@article{negm2018decision,
  title={A decision support system for Acute Leukaemia classification based on digital microscopic images},
  author={Negm, Ahmed S and Hassan, Osama A and Kandil, Ahmed H},
  journal={Alexandria engineering journal},
  volume={57},
  number={4},
  pages={2319--2332},
  year={2018},
  publisher={Elsevier}
}

@article{rawat2017computer,
  title={Computer assisted classification framework for prediction of acute lymphoblastic and acute myeloblastic leukemia},
  author={Rawat, Jyoti and Singh, Annapurna and Bhadauria, HS and Virmani, Jitendra and Devgun, Jagtar Singh},
  journal={Biocybernetics and Biomedical Engineering},
  volume={37},
  number={4},
  pages={637--654},
  year={2017},
  publisher={Elsevier}
}

@article{laosai2018classification,
  title={Classification of acute leukemia using medical-knowledge-based morphology and CD marker},
  author={Laosai, Jakkrich and Chamnongthai, Kosin},
  journal={Biomedical Signal Processing and Control},
  volume={44},
  pages={127--137},
  year={2018},
  publisher={Elsevier}
}

@article{vogado2018leukemia,
  title={Leukemia diagnosis in blood slides using transfer learning in CNNs and SVM for classification},
  author={Vogado, Luis HS and Veras, Rodrigo MS and Araujo, Flavio HD and Silva, Romuere RV and Aires, Kelson RT},
  journal={Engineering Applications of Artificial Intelligence},
  volume={72},
  pages={415--422},
  year={2018},
  publisher={Elsevier}
}

@article{ahmed2019identification,
  title={Identification of leukemia subtypes from microscopic images using convolutional neural network},
  author={Ahmed, Nizar and Yigit, Altug and Isik, Zerrin and Alpkocak, Adil},
  journal={Diagnostics},
  volume={9},
  number={3},
  pages={104},
  year={2019},
  publisher={MDPI}
}


 @inbook{hamad2019lymphocytosis, 
  address={Treasure Island (FL)}, 
  title={Lymphocytosis}, 
  rights={Copyright Â© 2023, StatPearls Publishing LLC.}, 
  callNumber={NBK549819}, 
  url={http://www.ncbi.nlm.nih.gov/books/NBK549819/}, 
  booktitle={StatPearls}, 
  publisher={StatPearls Publishing}, 
  author={Hamad, Hussein and Mangla, Ankit}, 
  year={2019}, language={eng} }


@misc{apl, title={{Acute Promyelocytic Leukaemia - About the Disease. U.S. Department of Health and Human Services}}, journal={Genetic and Rare Diseases Information Center}, publisher={U.S. Department of Health and Human Services}, year={2023}, month={Feb} , url={https://rarediseases.info.nih.gov/diseases/538/acute-promyelocytic-leukemia}}

 @misc{imagebank, title={ImageBank | Home | Regular bank}, url={https://imagebank.hematology.org/}, journal={ASH Image Bank - American Society of Hematology}, year={2015} }

 @misc{apl_treatment, title={{Acute Promyelocytic Leukaemia Treatment. Leukemia Foundation}}, url={https://www.leukaemia.org.au/blood-cancer/leukaemia/acute-promyelocytic-leukaemia/treatment/}, journal={Leukaemia Foundation}, year={2019}, month={Jun} }

 @article{gupta2019isbi,
  title={Isbi 2019 c-nmc challenge: Classification in cancer cell imaging},
  author={Gupta, Anubha and Gupta, Ritu},
  journal={Select Proceedings},
  year={2019},
  publisher={Springer}
}

@inproceedings{labati2011all,
  title={All-IDB: The acute lymphoblastic leukemia image database for image processing},
  author={Labati, Ruggero Donida and Piuri, Vincenzo and Scotti, Fabio},
  booktitle={2011 18th IEEE international conference on image processing},
  pages={2045--2048},
  year={2011},
  organization={IEEE}
}

@misc{bychkov_schubert_2023, title={{Constant Demand, Patchy Supply}}, url={https://thepathologist.com/outside-the-lab/constant-demand-patchy-supply}, journal={The Pathologist}, author={Bychkov, Andrey and Schubert, Michael}, year={2023}, month={Feb} }

@misc{biopsy, title={{Bone Marrow Biopsy | Johns Hopkins Medicine}}, url={https://www.hopkinsmedicine.org/health/treatment-tests-and-therapies/bone-marrow-biopsy}, year={2021}, month={Aug}} 

@article{statistics,
author = {Siegel, Rebecca L. and Miller, Kimberly D. and Wagle, Nikita Sandeep and Jemal, Ahmedin},
title = {Cancer statistics, 2023},
journal = {CA: A Cancer Journal for Clinicians},
volume = {73},
number = {1},
pages = {17-48},
keywords = {cancer cases, cancer statistics, death rates, incidence, mortality},
doi = {https://doi.org/10.3322/caac.21763},
url = {https://acsjournals.onlinelibrary.wiley.com/doi/abs/10.3322/caac.21763},
year={2023},
}

@article{huang2022disease,
  title={Disease Burden, Risk Factors, and Trends of Leukaemia: A Global Analysis},
  author={Huang, Junjie and Chan, Sze Chai and Ngai, Chun Ho and Lok, Veeleah and Zhang, Lin and Lucero-Prisno III, Don Eliseo and Xu, Wanghong and Zheng, Zhi-Jie and Elcarte, Edmar and Withers, Mellissa and others},
  journal={Frontiers in Oncology},
  volume={12},
  year={2022},
  publisher={Frontiers Media SA}
}

@article{rock2022american,
  author = {Rock, Cheryl L. and Thomson, Cynthia A. and Sullivan, Kristen R. and Howe, Candace L. and Kushi, Lawrence H. and Caan, Bette J. and Neuhouser, Marian L. and Bandera, Elisa V. and Wang, Ying and Robien, Kim and Basen-Engquist, Karen M. and Brown, Justin C. and Courneya, Kerry S. and Crane, Tracy E. and Garcia, David O. and Grant, Barbara L. and Hamilton, Kristin K. and Hartman, Sheri J. and Kenfield, Stacey A. and Martinez, Maria Elena and McCullough, Marjorie L.},
  title = {American Cancer Society Nutrition and Physical Activity Guideline for Cancer Survivors},
  journal = {CA: A Cancer Journal for Clinicians},
  volume = {72},
  number = {3},
  pages = {230--262},
  year = {2022},
  doi = {10.3322/caac.21719},
}

@misc{lee_2013, title={{Diagnosis of Leukemia - Canadian Cancer Society
}}, url={https://cancer.ca/en/cancer-information/cancer-types/leukemia/diagnosis}, journal={Canadian Cancer Society}, author={Lee, Sid}, year={2013} }

@misc{news_2001, title={Misdiagnosed Cancer Not Uncommon}, url={https://abcnews.go.com/WNT/story?id=131047&page=1}, journal={ABC News}, author={News, A. B. C.}, year={2001}, month={May} }

@article{mckinnon2018flow,
  title={Flow cytometry: an overview},
  author={McKinnon, Katherine M},
  journal={Current protocols in immunology},
  volume={120},
  number={1},
  pages={5--1},
  year={2018},
  publisher={Wiley Online Library}
}

@INPROCEEDINGS{9425264,
  author={Aftab, Muhammad Omer and Javed Awan, Mazhar and Khalid, Shahid and Javed, Rabia and Shabir, Hassan},
  booktitle={2021 1st International Conference on Artificial Intelligence and Data Analytics (CAIDA)}, 
  title={Executing Spark BigDL for Leukemia Detection from Microscopic Images using Transfer Learning}, 
  year={2021},
  volume={},
  number={},
  pages={216-220},
  doi={10.1109/CAIDA51941.2021.9425264}}

@misc{wandb,
title = {Experiment Tracking with Weights and Biases},
year = {2020},
note = {Software available from wandb.com},
url={https://www.wandb.com/},
author = {Biewald, Lukas},
}

@inproceedings{he2016deep,
  title={Deep residual learning for image recognition},
  author={He, Kaiming and Zhang, Xiangyu and Ren, Shaoqing and Sun, Jian},
  booktitle={Proceedings of the IEEE conference on computer vision and pattern recognition},
  pages={770--778},
  year={2016}
}

 @misc{medlineplus_2017, title={Blood Smear: MedlinePlus Lab Test Information}, url={https://medlineplus.gov/lab-tests/blood-smear/}, journal={MedlinePlus - Health Information from the National Library of Medicine}, author={MedlinePlus}, year={2017} }

@misc{shenggan_2021, title={BCCD Dataset}, url={https://github.com/Shenggan/BCCD_Dataset}, journal={GitHub}, author={shenggan}, year={2021}, month={Nov} }

@article{wang2022yolov7,
  title={YOLOv7: Trainable bag-of-freebies sets new state-of-the-art for real-time object detectors},
  author={Wang, Chien-Yao and Bochkovskiy, Alexey and Liao, Hong-Yuan Mark},
  journal={arXiv preprint arXiv:2207.02696},
  year={2022}
}

@article{borkowski2019lung,
  title={Lung and colon cancer histopathological image dataset (lc25000)},
  author={Borkowski, Andrew A and Bui, Marilyn M and Thomas, L Brannon and Wilson, Catherine P and DeLand, Lauren A and Mastorides, Stephen M},
  journal={arXiv preprint arXiv:1912.12142},
  year={2019}
}

@article{kather2019histological,
  title={Histological images for MSI vs. MSS classification in gastrointestinal cancer, FFPE samples},
  author={Kather, JN},
  journal={ZENODO},
  year={2019}
}

@inproceedings{lin2017focal,
  title={Focal loss for dense object detection},
  author={Lin, Tsung-Yi and Goyal, Priya and Girshick, Ross and He, Kaiming and Doll{\'a}r, Piotr},
  booktitle={Proceedings of the IEEE international conference on computer vision},
  pages={2980--2988},
  year={2017}
}

@article{loshchilov2017decoupled,
  title={Decoupled weight decay regularization},
  author={Loshchilov, Ilya and Hutter, Frank},
  journal={arXiv preprint arXiv:1711.05101},
  year={2017}
}

@article{ladines2016morphology,
  title={Morphology of leukaemias},
  author={Ladines-Castro, W and Barrag{\'a}n-Iba{\~n}ez, G and Luna-P{\'e}rez, MA and Santoyo-S{\'a}nchez, A and Collazo-Jaloma, J and Mendoza-Garc{\'\i}a, E and Ramos-Pe{\~n}afiel, CO},
  journal={Revista M{\'e}dica del Hospital General de M{\'e}xico},
  volume={79},
  number={2},
  pages={107--113},
  year={2016},
  publisher={Elsevier}
}

@misc{rw2019timm,
  author = {Ross Wightman},
  title = {PyTorch Image Models},
  year = {2019},
  publisher = {GitHub},
  journal = {GitHub repository},
  doi = {10.5281/zenodo.4414861},
  howpublished = {\url{https://github.com/rwightman/pytorch-image-models}}
}

@article{srivastava2014dropout,
  title={Dropout: a simple way to prevent neural networks from overfitting},
  author={Srivastava, Nitish and Hinton, Geoffrey and Krizhevsky, Alex and Sutskever, Ilya and Salakhutdinov, Ruslan},
  journal={The journal of machine learning research},
  volume={15},
  number={1},
  pages={1929--1958},
  year={2014},
  publisher={JMLR. org}
}

@article{hajian2013receiver,
  title={{Receiver operating characteristic (ROC) Curve Analysis for Medical Diagnostic Test Evaluation
  }},
  author={Hajian-Tilaki, Karimollah},
  journal={Caspian journal of internal medicine},
  volume={4},
  number={2},
  pages={627},
  year={2013},
  publisher={Babol University of Medical Sciences}
}


@inproceedings{mohapatra2010image,
  title={{Image analysis of blood microscopic images for acute leukemia detection}},
  author={Mohapatra, Subrajeet and Patra, Dipti and Satpathi, Sanghamitra},
  booktitle={2010 international conference on industrial electronics, control and robotics},
  pages={215--219},
  year={2010},
  organization={IEEE}
}

@article{dhal2020acute,
  title={Acute lymphoblastic leukemia image segmentation driven by stochastic fractal search},
  author={Dhal, Krishna Gopal and G{\'a}lvez, Jorge and Ray, Swarnajit and Das, Arunita and Das, Sanjoy},
  journal={Multimedia Tools and Applications},
  volume={79},
  number={17},
  pages={12227--12255},
  year={2020},
  publisher={Springer}
}

@inproceedings{genovese2021acute,
  title={Acute Lymphoblastic Leukemia detection based on adaptive unsharpening and Deep Learning},
  author={Genovese, Angelo and Hosseini, Mahdi S and Piuri, Vincenzo and Plataniotis, Konstantinos N and Scotti, Fabio},
  booktitle={ICASSP 2021-2021 IEEE International Conference on Acoustics, Speech and Signal Processing (ICASSP)},
  pages={1205--1209},
  year={2021},
  organization={IEEE}
}

@inproceedings{das2021transfer,
  title={Transfer learning-based automatic detection of acute lymphocytic leukemia},
  author={Das, Pradeep Kumar and Meher, Sukadev},
  booktitle={2021 National Conference on Communications (NCC)},
  pages={1--6},
  year={2021},
  organization={IEEE}
}

@article{mohapatra2012lymphocyte,
  title={Lymphocyte image segmentation using functional link neural architecture for acute leukemia detection},
  author={Mohapatra, Subrajeet and Patra, Dipti and Kumar, Sunil and Satpathy, Sanghamitra},
  journal={Biomedical Engineering Letters},
  volume={2},
  number={2},
  pages={100--110},
  year={2012},
  publisher={Springer}
}

@misc{cbc, title={{Complete Blood Count (CBC) - Mayo Clinic}}, url={https://www.mayoclinic.org/tests-procedures/complete-blood-count/about/pac-20384919}, journal={Mayo Clinic}, author={Mayo Clinic Staff}, year={2020}, month={Dec} }

@article{george2022mixed,
  title={Mixed-Phenotype Acute Leukemia: Clinical Diagnosis and Therapeutic Strategies},
  author={George, Binsah S and Yohannan, Binoy and Gonzalez, Anneliese and Rios, Adan},
  journal={Biomedicines},
  volume={10},
  number={8},
  pages={1974},
  year={2022},
  publisher={MDPI}
}

@inproceedings{k_fold,
  title={A study of cross-validation and bootstrap for accuracy estimation and model selection},
  author={Kohavi, Ron},
  booktitle={International Joint Conference on Artificial Intelligence},
  pages={1137--1145},
  year={1995},
  organization={Morgan Kaufmann Publishers Inc.}
}

@inproceedings{liu2022convnet,
  title={A convnet for the 2020s},
  author={Liu, Zhuang and Mao, Hanzi and Wu, Chao-Yuan and Feichtenhofer, Christoph and Darrell, Trevor and Xie, Saining},
  booktitle={Proceedings of the IEEE/CVF Conference on Computer Vision and Pattern Recognition},
  pages={11976--11986},
  year={2022}
}

@article{dosovitskiy2020image,
  title={An image is worth 16x16 words: Transformers for image recognition at scale},
  author={Dosovitskiy, Alexey and Beyer, Lucas and Kolesnikov, Alexander and Weissenborn, Dirk and Zhai, Xiaohua and Unterthiner, Thomas and Dehghani, Mostafa and Minderer, Matthias and Heigold, Georg and Gelly, Sylvain and others},
  journal={arXiv preprint arXiv:2010.11929},
  year={2020}
}

@article{kingma2014adam,
  title={Adam: A method for stochastic optimization},
  author={Kingma, Diederik P and Ba, Jimmy},
  journal={arXiv preprint arXiv:1412.6980},
  year={2014}
}

@misc{gradcam_introduction,
	title = {Introduction: {Advanced} {Explainable} {AI} for computer vision â {Advanced} {AI} explainability with pytorch-gradcam},
	url = {https://jacobgil.github.io/pytorch-gradcam-book/introduction.html},
	urldate = {2023-04-10},
}

@article{lee2021vision,
  title={Vision transformer for small-size datasets},
  author={Lee, Seung Hoon and Lee, Seunghyun and Song, Byung Cheol},
  journal={arXiv preprint arXiv:2112.13492},
  year={2021}
}

@article{Selvaraju_2019,
	doi = {10.1007/s11263-019-01228-7},
	url = {https://doi.org/10.1007%2Fs11263-019-01228-7},
	year = 2019,
	month = {oct},
	publisher = {Springer Science and Business Media {LLC}},
	volume = {128},
  
	number = {2},
  
	pages = {336--359},
	author = {Ramprasaath R. Selvaraju and Michael Cogswell and Abhishek Das and Ramakrishna Vedantam and Devi Parikh and Dhruv Batra},
	title = {Grad-{CAM}: Visual Explanations from Deep Networks via Gradient-Based Localization},
	journal = {International Journal of Computer Vision}
}}


@article{silla2011survey,
  title={A survey of hierarchical classification across different application domains},
  author={Silla, Carlos N and Freitas, Alex A},
  journal={Data Mining and Knowledge Discovery},
  volume={22},
  pages={31--72},
  year={2011},
  publisher={Springer}
}