@misc{merrill2021linguisticcapacityrealtimecounter,
      title={On the Linguistic Capacity of Real-Time Counter Automata}, 
      author={William Merrill},
      year={2021},
      eprint={2004.06866},
      archivePrefix={arXiv},
      primaryClass={cs.CL},
      url={https://arxiv.org/abs/2004.06866}, 
}