@inproceedings{xu2018raim,
  title={Raim: Recurrent attentive and intensive model of multimodal patient monitoring data},
  author={Xu, Yanbo and Biswal, Siddharth and Deshpande, Shriprasad R and Maher, Kevin O and Sun, Jimeng},
  booktitle={Proceedings of the 24th ACM SIGKDD international conference on Knowledge Discovery \& Data Mining},
  pages={2565--2573},
  year={2018}
}
@article{johnson2023mimic,
  title={MIMIC-IV, a freely accessible electronic health record dataset},
  author={Johnson, Alistair EW and Bulgarelli, Lucas and Shen, Lu and Gayles, Alvin and Shammout, Ayad and Horng, Steven and Pollard, Tom J and Hao, Sicheng and Moody, Benjamin and Gow, Brian and others},
  journal={Scientific data},
  volume={10},
  number={1},
  pages={1},
  year={2023},
  publisher={Nature Publishing Group UK London}
}
@inproceedings{loshchilov2018decoupled,
  title={Decoupled Weight Decay Regularization},
  author={Loshchilov, Ilya and Hutter, Frank},
  booktitle={International Conference on Learning Representations},
  year={2018}
}
@inproceedings{ma2017dipole,
  title={Dipole: Diagnosis prediction in healthcare via attention-based bidirectional recurrent neural networks},
  author={Ma, Fenglong and Chitta, Radha and Zhou, Jing and You, Quanzeng and Sun, Tong and Gao, Jing},
  booktitle={Proceedings of the 23rd ACM SIGKDD international conference on knowledge discovery and data mining},
  pages={1903--1911},
  year={2017}
}
@inproceedings{vinutha2018detection,
  title={Detection of outliers using interquartile range technique from intrusion dataset},
  author={Vinutha, HP and Poornima, B and Sagar, BM},
  booktitle={Information and Decision Sciences: Proceedings of the 6th International Conference on FICTA},
  pages={511--518},
  year={2018},
  organization={Springer}
}
@inproceedings{wei2021finetuned,
  title={Finetuned Language Models are Zero-Shot Learners},
  author={Wei, Jason and Bosma, Maarten and Zhao, Vincent and Guu, Kelvin and Yu, Adams Wei and Lester, Brian and Du, Nan and Dai, Andrew M and Le, Quoc V},
  booktitle={International Conference on Learning Representations},
  year={2021}
}
@inproceedings{lester2021power,
  title={The Power of Scale for Parameter-Efficient Prompt Tuning},
  author={Lester, Brian and Al-Rfou, Rami and Constant, Noah},
  booktitle={Proceedings of the 2021 Conference on Empirical Methods in Natural Language Processing},
  pages={3045--3059},
  year={2021}
}

@article{rahman2021exploring,
  title={Exploring the effect of image enhancement techniques on COVID-19 detection using chest X-ray images},
  author={Rahman, Tawsifur and Khandakar, Amith and Qiblawey, Yazan and Tahir, Anas and Kiranyaz, Serkan and Kashem, Saad Bin Abul and Islam, Mohammad Tariqul and Al Maadeed, Somaya and Zughaier, Susu M and Khan, Muhammad Salman and others},
  journal={Computers in biology and medicine},
  volume={132},
  pages={104319},
  year={2021},
  publisher={Elsevier}
}
@article{rodrigues2019combining,
  title={Combining time-series and textual data for taxi demand prediction in event areas: A deep learning approach},
  author={Rodrigues, Filipe and Markou, Ioulia and Pereira, Francisco C},
  journal={Information Fusion},
  volume={49},
  pages={120--129},
  year={2019},
  publisher={Elsevier}
}
@article{lu2019vilbert,
  title={Vilbert: Pretraining task-agnostic visiolinguistic representations for vision-and-language tasks},
  author={Lu, Jiasen and Batra, Dhruv and Parikh, Devi and Lee, Stefan},
  journal={Advances in neural information processing systems},
  volume={32},
  year={2019}
}
@article{kaplan2020scaling,
  title={Scaling laws for neural language models},
  author={Kaplan, Jared and McCandlish, Sam and Henighan, Tom and Brown, Tom B and Chess, Benjamin and Child, Rewon and Gray, Scott and Radford, Alec and Wu, Jeffrey and Amodei, Dario},
  journal={arXiv preprint arXiv:2001.08361},
  year={2020}
}

@article{liu2023visual,
  title={Visual instruction tuning},
  author={Liu, Haotian and Li, Chunyuan and Wu, Qingyang and Lee, Yong Jae},
  journal={Advances in neural information processing systems},
  volume={36},
  year={2024}
}
@inproceedings{rahman2021improved,
  title={An improved attention for visual question answering},
  author={Rahman, Tanzila and Chou, Shih-Han and Sigal, Leonid and Carenini, Giuseppe},
  booktitle={Proceedings of the IEEE/CVF conference on computer vision and pattern recognition},
  pages={1653--1662},
  year={2021}
}
@article{zhu2023minigpt,
  title={Minigpt-4: Enhancing vision-language understanding with advanced large language models},
  author={Zhu, Deyao and Chen, Jun and Shen, Xiaoqian and Li, Xiang and Elhoseiny, Mohamed},
  journal={arXiv preprint arXiv:2304.10592},
  year={2023}
}
@article{alayrac2022flamingo,
  title={Flamingo: a visual language model for few-shot learning},
  author={Alayrac, Jean-Baptiste and Donahue, Jeff and Luc, Pauline and Miech, Antoine and Barr, Iain and Hasson, Yana and Lenc, Karel and Mensch, Arthur and Millican, Katherine and Reynolds, Malcolm and others},
  journal={Advances in Neural Information Processing Systems},
  volume={35},
  pages={23716--23736},
  year={2022}
}
@article{li2020inferring,
  title={Inferring multimodal latent topics from electronic health records},
  author={Li, Yue and Nair, Pratheeksha and Lu, Xing Han and Wen, Zhi and Wang, Yuening and Dehaghi, Amir Ardalan Kalantari and Miao, Yan and Liu, Weiqi and Ordog, Tamas and Biernacka, Joanna M and others},
  journal={Nature communications},
  volume={11},
  number={1},
  pages={2536},
  year={2020},
  publisher={Nature Publishing Group UK London}
}
@article{tsimpoukelli2021multimodal,
  title={Multimodal few-shot learning with frozen language models},
  author={Tsimpoukelli, Maria and Menick, Jacob L and Cabi, Serkan and Eslami, SM and Vinyals, Oriol and Hill, Felix},
  journal={Advances in Neural Information Processing Systems},
  volume={34},
  pages={200--212},
  year={2021}
}
@inproceedings{irvin2019chexpert,
  title={Chexpert: A large chest radiograph dataset with uncertainty labels and expert comparison},
  author={Irvin, Jeremy and Rajpurkar, Pranav and Ko, Michael and Yu, Yifan and Ciurea-Ilcus, Silviana and Chute, Chris and Marklund, Henrik and Haghgoo, Behzad and Ball, Robyn and Shpanskaya, Katie and others},
  booktitle={Proceedings of the AAAI conference on artificial intelligence},
  volume={33},
  number={01},
  pages={590--597},
  year={2019}
}
@article{johnson2019mimic,
  title={MIMIC-CXR, a de-identified publicly available database of chest radiographs with free-text reports},
  author={Johnson, Alistair EW and Pollard, Tom J and Berkowitz, Seth J and Greenbaum, Nathaniel R and Lungren, Matthew P and Deng, Chih-ying and Mark, Roger G and Horng, Steven},
  journal={Scientific data},
  volume={6},
  number={1},
  pages={317},
  year={2019},
  publisher={Nature Publishing Group UK London}
}
@inproceedings{luo2020hitanet,
  title={Hitanet: Hierarchical time-aware attention networks for risk prediction on electronic health records},
  author={Luo, Junyu and Ye, Muchao and Xiao, Cao and Ma, Fenglong},
  booktitle={Proceedings of the 26th ACM SIGKDD International Conference on Knowledge Discovery \& Data Mining},
  pages={647--656},
  year={2020}
}
@inproceedings{zhang2022pm2f2n,
  title={PM2F2N: Patient Multi-view Multi-modal Feature Fusion Networks for Clinical Outcome Prediction},
  author={Zhang, Ying and Zhou, Baohang and Song, Kehui and Sui, Xuhui and Zhao, Guoqing and Jiang, Ning and Yuan, Xiaojie},
  booktitle={Findings of the Association for Computational Linguistics: EMNLP 2022},
  pages={1985--1994},
  year={2022}
}
@inproceedings{khadanga2019using,
  title={Using Clinical Notes with Time Series Data for ICU Management},
  author={Khadanga, Swaraj and Aggarwal, Karan and Joty, Shafiq and Srivastava, Jaideep},
  booktitle={Proceedings of the 2019 Conference on Empirical Methods in Natural Language Processing and the 9th International Joint Conference on Natural Language Processing (EMNLP-IJCNLP)},
  pages={6432--6437},
  year={2019}
}
@inproceedings{deznabi2021predicting,
  title={Predicting in-hospital mortality by combining clinical notes with time-series data},
  author={Deznabi, Iman and Iyyer, Mohit and Fiterau, Madalina},
  booktitle={Findings of the association for computational linguistics: ACL-IJCNLP 2021},
  pages={4026--4031},
  year={2021}
}


@article{qiao2019mnn,
  title={MNN: multimodal attentional neural networks for diagnosis prediction},
  author={Qiao, Zhi and Wu, Xian and Ge, Shen and Fan, Wei},
  journal={Extraction},
  volume={1},
  pages={A1},
  year={2019}
}


@inproceedings{qiao2020mhm,
  title={MHM: Multi-modal Clinical Data based Hierarchical Multi-label Diagnosis Prediction},
  author={Qiao, Zhi and Zhang, Zhen and Wu, Xian and Ge, Shen and Fan, Wei},
  booktitle={Proceedings of the 43rd International ACM SIGIR Conference on Research and Development in Information Retrieval},
  pages={1841--1844},
  year={2020}
}

@inproceedings{shang2019gamenet,
  title={Gamenet: Graph augmented memory networks for recommending medication combination},
  author={Shang, Junyuan and Xiao, Cao and Ma, Tengfei and Li, Hongyan and Sun, Jimeng},
  booktitle={proceedings of the AAAI Conference on Artificial Intelligence},
  volume={33},
  number={01},
  pages={1126--1133},
  year={2019}
}

@article{andreao2006ecg,
  title={ECG signal analysis through hidden Markov models},
  author={Andreao, Rodrigo Varejao and Dorizzi, Bernadette and Boudy, J{\'e}r{\^o}me},
  journal={IEEE Transactions on Biomedical engineering},
  volume={53},
  number={8},
  pages={1541--1549},
  year={2006},
  publisher={IEEE}
}
@inproceedings{wang2022medclip,
  title={MedCLIP: Contrastive Learning from Unpaired Medical Images and Text},
  author={Wang, Zifeng and Wu, Zhenbang and Agarwal, Dinesh and Sun, Jimeng},
  booktitle={Proceedings of the 2022 Conference on Empirical Methods in Natural Language Processing},
  pages={3876--3887},
  year={2022}
}
@article{radford2019language,
  title={Language models are unsupervised multitask learners},
  author={Radford, Alec and Wu, Jeffrey and Child, Rewon and Luan, David and Amodei, Dario and Sutskever, Ilya and others},
  journal={OpenAI blog},
  volume={1},
  number={8},
  pages={9},
  year={2019}
}
@inproceedings{ramesh2021vset,
  title={Vset: A multimodal transformer for visual speech enhancement},
  author={Ramesh, Karthik and Xing, Chao and Wang, Wupeng and Wang, Dong and Chen, Xiao},
  booktitle={ICASSP 2021-2021 IEEE International Conference on Acoustics, Speech and Signal Processing (ICASSP)},
  pages={6658--6662},
  year={2021},
  organization={IEEE}
}
@article{touvron2023llama,
  title={Llama: Open and efficient foundation language models},
  author={Touvron, Hugo and Lavril, Thibaut and Izacard, Gautier and Martinet, Xavier and Lachaux, Marie-Anne and Lacroix, Timoth{\'e}e and Rozi{\`e}re, Baptiste and Goyal, Naman and Hambro, Eric and Azhar, Faisal and others},
  journal={arXiv preprint arXiv:2302.13971},
  year={2023}
}

@article{zhou2022learning,
  title={Learning to prompt for vision-language models},
  author={Zhou, Kaiyang and Yang, Jingkang and Loy, Chen Change and Liu, Ziwei},
  journal={International Journal of Computer Vision},
  volume={130},
  number={9},
  pages={2337--2348},
  year={2022},
  publisher={Springer}
}
@article{raffel2020exploring,
  title={Exploring the limits of transfer learning with a unified text-to-text transformer},
  author={Raffel, Colin and Shazeer, Noam and Roberts, Adam and Lee, Katherine and Narang, Sharan and Matena, Michael and Zhou, Yanqi and Li, Wei and Liu, Peter J},
  journal={The Journal of Machine Learning Research},
  volume={21},
  number={1},
  pages={5485--5551},
  year={2020},
  publisher={JMLRORG}
}
@article{nori2023capabilities,
  title={Capabilities of gpt-4 on medical challenge problems},
  author={Nori, Harsha and King, Nicholas and McKinney, Scott Mayer and Carignan, Dean and Horvitz, Eric},
  journal={arXiv preprint arXiv:2303.13375},
  year={2023}
}

@inproceedings{li2023blip2,
  title={Blip-2: Bootstrapping language-image pre-training with frozen image encoders and large language models},
  author={Li, Junnan and Li, Dongxu and Savarese, Silvio and Hoi, Steven},
  booktitle={International conference on machine learning},
  pages={19730--19742},
  year={2023},
  organization={PMLR}
}
@article{wen2023instructblip,
  title={InstructBLIP: Towards General-purpose Vision-Language Models with Instruction Tuning},
  author={Wenliang Dai, Junnan Li, Dongxu Li, Anthony Meng Huat Tiong, Junqi Zhao, Weisheng Wang, Boyang Li, Pascale Fung, Steven Hoi},
  journal={arXiv preprint arXiv:2308.15930},
  year={2023}
}
@article{shu2023llasm,
  title={Llasm: Large language and speech model},
  author={Shu, Yu and Dong, Siwei and Chen, Guangyao and Huang, Wenhao and Zhang, Ruihua and Shi, Daochen and Xiang, Qiqi and Shi, Yemin},
  journal={arXiv preprint arXiv:2308.15930},
  year={2023}
}
@inproceedings{yoon2018multimodal,
  title={Multimodal speech emotion recognition using audio and text},
  author={Yoon, Seunghyun and Byun, Seokhyun and Jung, Kyomin},
  booktitle={2018 IEEE Spoken Language Technology Workshop (SLT)},
  pages={112--118},
  year={2018},
  organization={IEEE}
}
@article{benoit2000audio,
  title={Audio-visual and multimodal speech systems},
  author={Benoit, Christian and Martin, Jean-Claude and Pelachaud, Catherine and Schomaker, Lambert and Suhm, Bernhard},
  journal={Handbook of Standards and Resources for Spoken Language Systems-Supplement},
  volume={500},
  pages={1--95},
  year={2000},
  publisher={Kluwer Dordrecht, The Netherlands}
}
@inproceedings{sun2020learning,
  title={Learning relationships between text, audio, and video via deep canonical correlation for multimodal language analysis},
  author={Sun, Zhongkai and Sarma, Prathusha and Sethares, William and Liang, Yingyu},
  booktitle={Proceedings of the AAAI Conference on Artificial Intelligence},
  volume={34},
  number={05},
  pages={8992--8999},
  year={2020}
}
@article{kumar2015creation,
  title={Creation of a new longitudinal corpus of clinical narratives},
  author={Kumar, Vishesh and Stubbs, Amber and Shaw, Stanley and Uzuner, {\"O}zlem},
  journal={Journal of biomedical informatics},
  volume={58},
  pages={S6--S10},
  year={2015},
  publisher={Elsevier}
}
@article{mueller2005alzheimer,
  title={The Alzheimer’s disease neuroimaging initiative},
  author={Mueller, Susanne G and Weiner, Michael W and Thal, Leon J and Petersen, Ronald C and Jack, Clifford and Jagust, William and Trojanowski, John Q and Toga, Arthur W and Beckett, Laurel},
  journal={Neuroimaging Clinics of North America},
  volume={15},
  number={4},
  pages={869},
  year={2005},
  publisher={NIH Public Access}
}
@article{sudlow2015uk,
  title={UK biobank: an open access resource for identifying the causes of a wide range of complex diseases of middle and old age},
  author={Sudlow, Cathie and Gallacher, John and Allen, Naomi and Beral, Valerie and Burton, Paul and Danesh, John and Downey, Paul and Elliott, Paul and Green, Jane and Landray, Martin and others},
  journal={PLoS medicine},
  volume={12},
  number={3},
  pages={e1001779},
  year={2015},
  publisher={Public Library of Science San Francisco, CA USA}
}
@article{wei2022chain,
  title={Chain-of-thought prompting elicits reasoning in large language models},
  author={Wei, Jason and Wang, Xuezhi and Schuurmans, Dale and Bosma, Maarten and Xia, Fei and Chi, Ed and Le, Quoc V and Zhou, Denny and others},
  journal={Advances in neural information processing systems},
  volume={35},
  pages={24824--24837},
  year={2022}
}
@inproceedings{li2022blip,
  title={Blip: Bootstrapping language-image pre-training for unified vision-language understanding and generation},
  author={Li, Junnan and Li, Dongxu and Xiong, Caiming and Hoi, Steven},
  booktitle={International Conference on Machine Learning},
  pages={12888--12900},
  year={2022},
  organization={PMLR}
}
@inproceedings{zhou2022conditional,
  title={Conditional prompt learning for vision-language models},
  author={Zhou, Kaiyang and Yang, Jingkang and Loy, Chen Change and Liu, Ziwei},
  booktitle={Proceedings of the IEEE/CVF Conference on Computer Vision and Pattern Recognition},
  pages={16816--16825},
  year={2022}
}
@inproceedings{wang2022promptehr,
   title={PromptEHR: Conditional Electronic Healthcare Records Generation with Prompt Learning},
  author={Wang, Zifeng and Sun, Jimeng},
    booktitle = "Proceedings of the 2021 Conference on Empirical Methods in Natural Language Processing",
    month = dec,
    year = "2022",
    publisher = "Association for Computational Linguistics",
    pages = "2873 - 2885",
}
@article{li2021align,
  title={Align before fuse: Vision and language representation learning with momentum distillation},
  author={Li, Junnan and Selvaraju, Ramprasaath and Gotmare, Akhilesh and Joty, Shafiq and Xiong, Caiming and Hoi, Steven Chu Hong},
  journal={Advances in neural information processing systems},
  volume={34},
  pages={9694--9705},
  year={2021}
}
@article{jin2023time,
  title={Time-llm: Time series forecasting by reprogramming large language models},
  author={Jin, Ming and Wang, Shiyu and Ma, Lintao and Chu, Zhixuan and Zhang, James Y and Shi, Xiaoming and Chen, Pin-Yu and Liang, Yuxuan and Li, Yuan-Fang and Pan, Shirui and others},
  journal={arXiv preprint arXiv:2310.01728},
  year={2023}
}
@inproceedings{xu2023transehr,
  title={TransEHR: Self-Supervised Transformer for Clinical Time Series Data},
  author={Xu, Yanbo and Xu, Shangqing and Ramprassad, Manav and Tumanov, Alexey and Zhang, Chao},
  booktitle={Machine Learning for Health (ML4H)},
  pages={623--635},
  year={2023},
  organization={PMLR}
}
@article{tipirneni2022self,
  title={Self-supervised transformer for sparse and irregularly sampled multivariate clinical time-series},
  author={Tipirneni, Sindhu and Reddy, Chandan K},
  journal={ACM Transactions on Knowledge Discovery from Data (TKDD)},
  volume={16},
  number={6},
  pages={1--17},
  year={2022},
  publisher={ACM New York, NY}
}
@inproceedings{aguiar2022learning,
  title={Learning of cluster-based feature importance for electronic health record time-series},
  author={Aguiar, Henrique and Santos, Mauro and Watkinson, Peter and Zhu, Tingting},
  booktitle={International Conference on Machine Learning},
  pages={161--179},
  year={2022},
  organization={PMLR}
}
@inproceedings{luo2023pt3,
  title={PT3: A Transformer-based Model for Sepsis Death Risk Prediction via Vital Signs Time Series},
  author={Luo, Ruihong and Gong, Minghui and Li, Chunping},
  booktitle={2023 International Joint Conference on Neural Networks (IJCNN)},
  pages={1--9},
  year={2023},
  organization={IEEE}
}
@inproceedings{ronneberger2015u,
  title={U-net: Convolutional networks for biomedical image segmentation},
  author={Ronneberger, Olaf and Fischer, Philipp and Brox, Thomas},
  booktitle={Medical Image Computing and Computer-Assisted Intervention--MICCAI 2015: 18th International Conference, Munich, Germany, October 5-9, 2015, Proceedings, Part III 18},
  pages={234--241},
  year={2015},
  organization={Springer}
}
@inproceedings{liu2017tx,
  title={TX-CNN: Detecting tuberculosis in chest X-ray images using convolutional neural network},
  author={Liu, Chang and Cao, Yu and Alcantara, Marlon and Liu, Benyuan and Brunette, Maria and Peinado, Jesus and Curioso, Walter},
  booktitle={2017 IEEE international conference on image processing (ICIP)},
  pages={2314--2318},
  year={2017},
  organization={IEEE}
}
@article{chen2021transunet,
  title={Transunet: Transformers make strong encoders for medical image segmentation},
  author={Chen, Jieneng and Lu, Yongyi and Yu, Qihang and Luo, Xiangde and Adeli, Ehsan and Wang, Yan and Lu, Le and Yuille, Alan L and Zhou, Yuyin},
  journal={arXiv preprint arXiv:2102.04306},
  year={2021}
}
@inproceedings{ni-etal-2020-learning,
    title = "Learning Visual-Semantic Embeddings for Reporting Abnormal Findings on Chest {X}-rays",
    author = "Ni, Jianmo  and
      Hsu, Chun-Nan  and
      Gentili, Amilcare  and
      McAuley, Julian",
    editor = "Cohn, Trevor  and
      He, Yulan  and
      Liu, Yang",
    booktitle = "Findings of the Association for Computational Linguistics: EMNLP 2020",
    month = nov,
    year = "2020",
    address = "Online",
    publisher = "Association for Computational Linguistics",
    pages = "1954--1960",
}
@inproceedings{monajatipoor2022berthop,
  title={Berthop: An effective vision-and-language model for chest x-ray disease diagnosis},
  author={Monajatipoor, Masoud and Rouhsedaghat, Mozhdeh and Li, Liunian Harold and Jay Kuo, C-C and Chien, Aichi and Chang, Kai-Wei},
  booktitle={International Conference on Medical Image Computing and Computer-Assisted Intervention},
  pages={725--734},
  year={2022},
  organization={Springer}
}
@inproceedings{chen2022multi,
  title={Multi-modal masked autoencoders for medical vision-and-language pre-training},
  author={Chen, Zhihong and Du, Yuhao and Hu, Jinpeng and Liu, Yang and Li, Guanbin and Wan, Xiang and Chang, Tsung-Hui},
  booktitle={International Conference on Medical Image Computing and Computer-Assisted Intervention},
  pages={679--689},
  year={2022},
  organization={Springer}
}
@article{islam2023hardc,
  title={HARDC: A novel ECG-based heartbeat classification method to detect arrhythmia using hierarchical attention based dual structured RNN with dilated CNN},
  author={Islam, Md Shofiqul and Hasan, Khondokar Fida and Sultana, Sunjida and Uddin, Shahadat and Quinn, Julian MW and Moni, Mohammad Ali and others},
  journal={Neural Networks},
  volume={162},
  pages={271--287},
  year={2023},
  publisher={Elsevier}
}
@inproceedings{banerjee2020hybrid,
  title={A hybrid CNN-LSTM architecture for detection of coronary artery disease from ECG},
  author={Banerjee, Rohan and Ghose, Avik and Mandana, Kayapanda Muthana},
  booktitle={2020 International Joint Conference on Neural Networks (IJCNN)},
  pages={1--8},
  year={2020},
  organization={IEEE}
}
@article{singhal2023large,
  title={Large language models encode clinical knowledge},
  author={Singhal, Karan and Azizi, Shekoofeh and Tu, Tao and Mahdavi, S Sara and Wei, Jason and Chung, Hyung Won and Scales, Nathan and Tanwani, Ajay and Cole-Lewis, Heather and Pfohl, Stephen and others},
  journal={Nature},
  volume={620},
  number={7972},
  pages={172--180},
  year={2023},
  publisher={Nature Publishing Group UK London}
}
@article{yang2022large,
  title={A large language model for electronic health records},
  author={Yang, Xi and Chen, Aokun and PourNejatian, Nima and Shin, Hoo Chang and Smith, Kaleb E and Parisien, Christopher and Compas, Colin and Martin, Cheryl and Costa, Anthony B and Flores, Mona G and others},
  journal={NPJ Digital Medicine},
  volume={5},
  number={1},
  pages={194},
  year={2022},
  publisher={Nature Publishing Group UK London}
}

@article{ouyang2022training,
  title={Training language models to follow instructions with human feedback},
  author={Ouyang, Long and Wu, Jeffrey and Jiang, Xu and Almeida, Diogo and Wainwright, Carroll and Mishkin, Pamela and Zhang, Chong and Agarwal, Sandhini and Slama, Katarina and Ray, Alex and others},
  journal={Advances in Neural Information Processing Systems},
  volume={35},
  pages={27730--27744},
  year={2022}
}
@article{niu2024ehr,
  title={EHR-KnowGen: Knowledge-enhanced multimodal learning for disease diagnosis generation},
  author={Niu, Shuai and Ma, Jing and Bai, Liang and Wang, Zhihua and Guo, Li and Yang, Xian},
  journal={Information Fusion},
  volume={102},
  pages={102069},
  year={2024},
  publisher={Elsevier}
}
@inproceedings{huang2021gloria,
  title={Gloria: A multimodal global-local representation learning framework for label-efficient medical image recognition},
  author={Huang, Shih-Cheng and Shen, Liyue and Lungren, Matthew P and Yeung, Serena},
  booktitle={Proceedings of the IEEE/CVF International Conference on Computer Vision},
  pages={3942--3951},
  year={2021}
}
@misc{slee1978international,
  title={The international classification of diseases: ninth revision (ICD-9)},
  author={Slee, Vergil N},
  journal={Annals of internal medicine},
  volume={88},
  number={3},
  pages={424--426},
  year={1978},
  publisher={American College of Physicians}
}
@article{jiang2023mistral,
  title={Mistral 7B},
  author={Jiang, Albert Q and Sablayrolles, Alexandre and Mensch, Arthur and Bamford, Chris and Chaplot, Devendra Singh and Casas, Diego de las and Bressand, Florian and Lengyel, Gianna and Lample, Guillaume and Saulnier, Lucile and others},
  journal={arXiv preprint arXiv:2310.06825},
  year={2023}
}
@inproceedings{radford2021learning,
  title={Learning transferable visual models from natural language supervision},
  author={Radford, Alec and Kim, Jong Wook and Hallacy, Chris and Ramesh, Aditya and Goh, Gabriel and Agarwal, Sandhini and Sastry, Girish and Askell, Amanda and Mishkin, Pamela and Clark, Jack and others},
  booktitle={International conference on machine learning},
  pages={8748--8763},
  year={2021},
  organization={PMLR}
}
@inproceedings{muhammad2018speech,
  title={Speech recognition for English to Indonesian translator using hidden Markov model},
  author={Muhammad, Hariz Zakka and Nasrun, Muhammad and Setianingsih, Casi and Murti, Muhammad Ary},
  booktitle={2018 International Conference on Signals and Systems (ICSigSys)},
  pages={255--260},
  year={2018},
  organization={IEEE}
}

@article{rangapuram2018deep,
  title={Deep state space models for time series forecasting},
  author={Rangapuram, Syama Sundar and Seeger, Matthias W and Gasthaus, Jan and Stella, Lorenzo and Wang, Yuyang and Januschowski, Tim},
  journal={Advances in neural information processing systems},
  volume={31},
  pages={7785--7794},
  year={2018}
}

@inproceedings{li2021causal,
  title={Causal Hidden Markov Model for Time Series Disease Forecasting},
  author={Li, Jing and Wu, Botong and Sun, Xinwei and Wang, Yizhou},
  booktitle={Proceedings of the IEEE/CVF Conference on Computer Vision and Pattern Recognition},
  pages={12105--12114},
  year={2021}
}

@article{oezyurt2021attdmm,
  title={AttDMM: An Attentive Deep Markov Model for Risk Scoring in Intensive Care Units},
  author={Oezyurt, Yilmazcan and Kraus, Mathias and Hatt, Tobias and Feuerriegel, Stefan},
  journal={arXiv preprint arXiv:2102.04702},
  year={2021}
}

@article{kingma2013auto,
  title={Auto-encoding variational bayes},
  author={Kingma, Diederik P and Welling, Max},
  journal={arXiv preprint arXiv:1312.6114},
  year={2013}
}

@article{johnson2016mimic,
  title={MIMIC-III, a freely accessible critical care database},
  author={Johnson, Alistair EW and Pollard, Tom J and Shen, Lu and Li-Wei, H Lehman and Feng, Mengling and Ghassemi, Mohammad and Moody, Benjamin and Szolovits, Peter and Celi, Leo Anthony and Mark, Roger G},
  journal={Scientific data},
  volume={3},
  number={1},
  pages={1--9},
  year={2016},
  publisher={Nature Publishing Group}
}

@article{Harutyunyan2019,
  author={Harutyunyan, Hrayr and Khachatrian, Hrant and Kale, David C. and Ver Steeg, Greg and Galstyan, Aram},
  title={Multitask learning and benchmarking with clinical time series data},
  journal={Scientific Data},
  year={2019},
  volume={6},
  number={1},
  pages={96},
  issn={2052-4463},
}

@inproceedings{wang_id_2018_ACL,
  title={Joint Embedding of Words and Labels for Text Classification},
  author={Guoyin Wang, Chunyuan Li, Wenlin Wang, Yizhe Zhang, Dinghan Shen, Xinyuan Zhang, Ricardo Henao, Lawrence Carin},
  booktitle={ACL},
  year={2018}
}

@inproceedings{wang2014unsupervised,
  title={Unsupervised learning of disease progression models},
  author={Wang, Xiang and Sontag, David and Wang, Fei},
  booktitle={Proceedings of the 20th ACM SIGKDD international conference on Knowledge discovery and data mining},
  pages={85--94},
  year={2014}
}

@article{liu2015efficient,
  title={Efficient learning of continuous-time hidden markov models for disease progression},
  author={Liu, Yu-Ying and Li, Shuang and Li, Fuxin and Song, Le and Rehg, James M},
  journal={Advances in neural information processing systems},
  volume={28},
  pages={3599},
  year={2015},
  publisher={NIH Public Access}
}
@inproceedings{alaa2017learning,
  title={Learning from clinical judgments: Semi-markov-modulated marked hawkes processes for risk prognosis},
  author={Alaa, Ahmed M and Hu, Scott and Schaar, Mihaela},
  booktitle={International Conference on Machine Learning},
  pages={60--69},
  year={2017},
  organization={PMLR}
}
@article{alaa2019attentive,
  title={Attentive state-space modeling of disease progression},
  author={Alaa, Ahmed and van der Schaar, Mihaela},
  year={2019}
}
@inproceedings{nie2022time,
  title={A Time Series is Worth 64 Words: Long-term Forecasting with Transformers},
  author={Nie, Yuqi and Nguyen, Nam H and Sinthong, Phanwadee and Kalagnanam, Jayant},
  booktitle={The Eleventh International Conference on Learning Representations},
  year={2022}
}
@inproceedings{vaswani2017attention,
  title={Attention is all you need},
  author={Vaswani, Ashish and Shazeer, Noam and Parmar, Niki and Uszkoreit, Jakob and Jones, Llion and Gomez, Aidan N and Kaiser, {\L}ukasz and Polosukhin, Illia},
  booktitle={Advances in neural information processing systems},
  pages={5998--6008},
  year={2017}
}

@inproceedings{wang2017residual,
  title={Residual attention network for image classification},
  author={Wang, Fei and Jiang, Mengqing and Qian, Chen and Yang, Shuo and Li, Cheng and Zhang, Honggang and Wang, Xiaogang and Tang, Xiaoou},
  booktitle={Proceedings of the IEEE conference on computer vision and pattern recognition},
  pages={3156--3164},
  year={2017}
}
@inproceedings{xiao2015application,
  title={The application of two-level attention models in deep convolutional neural network for fine-grained image classification},
  author={Xiao, Tianjun and Xu, Yichong and Yang, Kuiyuan and Zhang, Jiaxing and Peng, Yuxin and Zhang, Zheng},
  booktitle={Proceedings of the IEEE conference on computer vision and pattern recognition},
  pages={842--850},
  year={2015}
}
@inproceedings{chen2018reverse,
  title={Reverse attention for salient object detection},
  author={Chen, Shuhan and Tan, Xiuli and Wang, Ben and Hu, Xuelong},
  booktitle={Proceedings of the European Conference on Computer Vision (ECCV)},
  pages={234--250},
  year={2018}
}

@inproceedings{lee2018stacked,
  title={Stacked cross attention for image-text matching},
  author={Lee, Kuang-Huei and Chen, Xi and Hua, Gang and Hu, Houdong and He, Xiaodong},
  booktitle={Proceedings of the European Conference on Computer Vision (ECCV)},
  pages={201--216},
  year={2018}
}

@article{liu2019bidirectional,
  title={Bidirectional LSTM with attention mechanism and convolutional layer for text classification},
  author={Liu, Gang and Guo, Jiabao},
  journal={Neurocomputing},
  volume={337},
  pages={325--338},
  year={2019},
  publisher={Elsevier}
}

@article{devlin2018bert,
  title={Bert: Pre-training of deep bidirectional transformers for language understanding},
  author={Devlin, Jacob and Chang, Ming-Wei and Lee, Kenton and Toutanova, Kristina},
  journal={arXiv preprint arXiv:1810.04805},
  year={2018}
}

@inproceedings{niu2021label,
  title={Label Dependent Attention Model for Disease Risk Prediction Using Multimodal Electronic Health Records},
  author={Niu, Shuai and Qin, Yin and Song, Yunya and Guo, Yike and Yang, Xian},
  booktitle={Proceedings of the IEEE conference on data mining},
  pages={455--464},
  year={2021}
}

@inproceedings{niu2021lerp,
  title={Label-dependent and event-guided interpretable disease risk prediction using EHRs},
  author={Niu, Shuai and Song, Yunya and Qin, Yin and Guo, Yike and Yang, Xian},
  booktitle={Proceedings of the IEEE International Conference on Bioinformatics and Biomedicine (BIBM)
},
  year={2021}
}


@article{lewis2019bart,
  title={Bart: Denoising sequence-to-sequence pre-training for natural language generation, translation, and comprehension},
  author={Lewis, Mike and Liu, Yinhan and Goyal, Naman and Ghazvininejad, Marjan and Mohamed, Abdelrahman and Levy, Omer and Stoyanov, Ves and Zettlemoyer, Luke},
  journal={arXiv preprint arXiv:1910.13461},
  year={2019}
}
@inproceedings{lee2020temporal,
  title={Temporal phenotyping using deep predictive clustering of disease progression},
  author={Lee, Changhee and Van Der Schaar, Mihaela},
  booktitle={International Conference on Machine Learning},
  pages={5767--5777},
  year={2020},
  organization={PMLR}
}

@article{akata2015label,
  title={Label-embedding for image classification},
  author={Akata, Zeynep and Perronnin, Florent and Harchaoui, Zaid and Schmid, Cordelia},
  journal={IEEE transactions on pattern analysis and machine intelligence},
  volume={38},
  number={7},
  pages={1425--1438},
  year={2015},
  publisher={IEEE}
}

@inproceedings{mullenbach2018explainable,
  title={Explainable Prediction of Medical Codes from Clinical Text},
  author={Mullenbach, James and Wiegreffe, Sarah and Duke, Jon and Sun, Jimeng and Eisenstein, Jacob},
  booktitle={Proceedings of the 2018 Conference of the North American Chapter of the Association for Computational Linguistics: Human Language Technologies, Volume 1 (Long Papers)},
  pages={1101--1111},
  year={2018}
}
@inproceedings{li-etal-2020-enhancing,
    title = "Enhancing Pre-trained {C}hinese Character Representation with Word-aligned Attention",
    author = "Li, Yanzeng  and
      Yu, Bowen  and
      Mengge, Xue  and
      Liu, Tingwen",
    month = jul,
    year = "2020",
    address = "Online",
    publisher = "Association for Computational Linguistics",
    pages = "3442--3448",
}
@inproceedings{NIPS2013_7cce53cf,
 author = {Frome, Andrea and Corrado, Greg S and Shlens, Jon and Bengio, Samy and Dean, Jeff and Ranzato, Marc\textquotesingle Aurelio and Mikolov, Tomas},
 booktitle = {Advances in Neural Information Processing Systems},
 editor = {C.J. Burges and L. Bottou and M. Welling and Z. Ghahramani and K.Q. Weinberger},
 pages = {},
 publisher = {Curran Associates, Inc.},
 title = {DeViSE: A Deep Visual-Semantic Embedding Model},
 volume = {26},
 year = {2013}
}
@article{kiros2014unifying,
  title={Unifying visual-semantic embeddings with multimodal neural language models},
  author={Kiros, Ryan and Salakhutdinov, Ruslan and Zemel, Richard S},
  journal={arXiv preprint arXiv:1411.2539},
  year={2014}
}

@article{nagrani2021attention,
  title={Attention bottlenecks for multimodal fusion},
  author={Nagrani, Arsha and Yang, Shan and Arnab, Anurag and Jansen, Aren and Schmid, Cordelia and Sun, Chen},
  journal={Advances in Neural Information Processing Systems},
  volume={34},
  pages={14200--14213},
  year={2021}
}
@article{ji2020sman,
  title={SMAN: Stacked multimodal attention network for cross-modal image--text retrieval},
  author={Ji, Zhong and Wang, Haoran and Han, Jungong and Pang, Yanwei},
  journal={IEEE transactions on cybernetics},
  volume={52},
  number={2},
  pages={1086--1097},
  year={2020},
  publisher={IEEE}
}
@inproceedings{yang2021mtag,
  title={MTAG: Modal-Temporal Attention Graph for Unaligned Human Multimodal Language Sequences},
  author={Yang, Jianing and Wang, Yongxin and Yi, Ruitao and Zhu, Yuying and Rehman, Azaan and Zadeh, Amir and Poria, Soujanya and Morency, Louis-Philippe},
  booktitle={Proceedings of the 2021 Conference of the North American Chapter of the Association for Computational Linguistics: Human Language Technologies},
  pages={1009--1021},
  year={2021}
}
@article{xu2020cross,
  title={Cross-modal attention with semantic consistence for image--text matching},
  author={Xu, Xing and Wang, Tan and Yang, Yang and Zuo, Lin and Shen, Fumin and Shen, Heng Tao},
  journal={IEEE transactions on neural networks and learning systems},
  volume={31},
  number={12},
  pages={5412--5425},
  year={2020},
  publisher={IEEE}
}
@inproceedings{baumel2018multi,
  title={Multi-label classification of patient notes: case study on ICD code assignment},
  author={Baumel, Tal and Nassour-Kassis, Jumana and Cohen, Raphael and Elhadad, Michael and Elhadad, No{\'e}mie},
  booktitle={Workshops at the thirty-second AAAI conference on artificial intelligence},
  year={2018}
}
@article{hochreiter1997long,
  title={Long short-term memory},
  author={Hochreiter, Sepp and Schmidhuber, J{\"u}rgen},
  journal={Neural computation},
  volume={9},
  number={8},
  pages={1735--1780},
  year={1997},
  publisher={MIT Press}
}
@inproceedings{chen2016xgboost,
  title={Xgboost: A scalable tree boosting system},
  author={Chen, Tianqi and Guestrin, Carlos},
  booktitle={Proceedings of the 22nd acm sigkdd international conference on knowledge discovery and data mining},
  pages={785--794},
  year={2016}
}

@article{cortes1995support,
  title={Support-vector networks},
  author={Cortes, Corinna and Vapnik, Vladimir},
  journal={Machine learning},
  volume={20},
  number={3},
  pages={273--297},
  year={1995},
  publisher={Springer}
}
@inproceedings{mikolov2013distributed,
  title={Distributed representations of words and phrases and their compositionality},
  author={Mikolov, Tomas and Sutskever, Ilya and Chen, Kai and Corrado, Greg S and Dean, Jeff},
  booktitle={Advances in neural information processing systems},
  pages={3111--3119},
  year={2013}
}

@article{farzan1990cough,
  title={Cough and sputum production},
  author={Farzan, Sattar},
  journal={Clinical Methods: The History, Physical, and Laboratory Examinations. 3rd edition},
  year={1990},
  publisher={Butterworths}
}

@article{wilcox2005insulin,
  title={Insulin and insulin resistance},
  author={Wilcox, Gisela},
  journal={Clinical biochemist reviews},
  volume={26},
  number={2},
  pages={19},
  year={2005},
  publisher={The Australian Association of Clinical Biochemists}
}
@article{joseph2019evolution,
  title={The evolution of $\beta$-blockers in coronary artery disease and heart failure (Part 1/5)},
  author={Joseph, Philip and Swedberg, Karl and Leong, Darryl P and Yusuf, Salim},
  journal={Journal of the American College of Cardiology},
  volume={74},
  number={5},
  pages={672--682},
  year={2019},
  publisher={American College of Cardiology Foundation Washington, DC}
}
@article{niazi2020review,
  title={A review of the role of statins in heart failure treatment},
  author={Niazi, Massumeh and Galehdar, Nasrin and Jamshidi, Mohammad and Mohammadi, Rasool and Moayyedkazemi, Alireza},
  journal={Current clinical pharmacology},
  volume={15},
  number={1},
  pages={30--37},
  year={2020},
  publisher={Bentham Science Publishers}
}
@inproceedings{krishnan2017structured,
  title={Structured inference networks for nonlinear state space models},
  author={Krishnan, Rahul and Shalit, Uri and Sontag, David},
  booktitle={Proceedings of the AAAI Conference on Artificial Intelligence},
  volume={31},
  number={1},
  year={2017}
}

@inproceedings{cho2014learning,
  title={Learning Phrase Representations using RNN Encoder--Decoder for Statistical Machine Translation},
  author={Cho, Kyunghyun and van Merri{\"e}nboer, Bart and Gu̇l{\c{c}}ehre, {\c{C}}a{\u{g}}lar and Bahdanau, Dzmitry and Bougares, Fethi and Schwenk, Holger and Bengio, Yoshua},
  booktitle={Proceedings of the 2014 Conference on Empirical Methods in Natural Language Processing (EMNLP)},
  pages={1724--1734},
  year={2014}
}
@article{bishop2006pattern,
  title={Pattern recognition},
  author={Bishop, Christopher M},
  journal={Machine learning},
  volume={128},
  number={9},
  year={2006}
}
@article{chung2014empirical,
  title={Empirical evaluation of gated recurrent neural networks on sequence modeling},
  author={Chung, Junyoung and Gulcehre, Caglar and Cho, KyungHyun and Bengio, Yoshua},
  journal={arXiv preprint arXiv:1412.3555},
  year={2014}
}

@inproceedings{alsentzer2019publicly,
  title={Publicly Available Clinical BERT Embeddings},
  author={Alsentzer, Emily and Murphy, John and Boag, William and Weng, Wei-Hung and Jindi, Di and Naumann, Tristan and McDermott, Matthew},
  booktitle={Proceedings of the 2nd Clinical Natural Language Processing Workshop},
  pages={72--78},
  year={2019}
} 
@article{van2008visualizing,
  title={Visualizing data using t-SNE.},
  author={Van der Maaten, Laurens and Hinton, Geoffrey},
  journal={Journal of machine learning research},
  volume={9},
  number={11},
  year={2008}
}

@article{zhang2021supporting,
  title={Supporting Clustering with Contrastive Learning},
  author={Zhang, Dejiao and Nan, Feng and Wei, Xiaokai and Li, Shangwen and Zhu, Henghui and McKeown, Kathleen and Nallapati, Ramesh and Arnold, Andrew and Xiang, Bing},
  journal={arXiv preprint arXiv:2103.12953},
  year={2021}
}

@inproceedings{xie2016unsupervised,
  title={Unsupervised deep embedding for clustering analysis},
  author={Xie, Junyuan and Girshick, Ross and Farhadi, Ali},
  booktitle={International conference on machine learning},
  pages={478--487},
  year={2016},
  organization={PMLR}
}

@inproceedings{krishnan2017structured,
  title={Structured inference networks for nonlinear state space models},
  author={Krishnan, Rahul and Shalit, Uri and Sontag, David},
  booktitle={Proceedings of the AAAI Conference on Artificial Intelligence},
  volume={31},
  number={1},
  year={2017}
}

@article{joulin2016bag,
  title={Bag of tricks for efficient text classification},
  author={Joulin, Armand and Grave, Edouard and Bojanowski, Piotr and Mikolov, Tomas},
  journal={arXiv preprint arXiv:1607.01759},
  year={2016}
}

@inproceedings{cheng2016risk,
  title={Risk prediction with electronic health records: A deep learning approach},
  author={Cheng, Yu and Wang, Fei and Zhang, Ping and Hu, Jianying},
  booktitle={Proceedings of the 2016 SIAM international conference on data mining},
  pages={432--440},
  year={2016},
  organization={SIAM}
}

@article{ho2014limestone,
  title={Limestone: High-throughput candidate phenotype generation via tensor factorization},
  author={Ho, Joyce C and Ghosh, Joydeep and Steinhubl, Steve R and Stewart, Walter F and Denny, Joshua C and Malin, Bradley A and Sun, Jimeng},
  journal={Journal of biomedical informatics},
  volume={52},
  pages={199--211},
  year={2014},
  publisher={Elsevier}
}

@inproceedings{ho2014marble,
  title={Marble: high-throughput phenotyping from electronic health records via sparse nonnegative tensor factorization},
  author={Ho, Joyce C and Ghosh, Joydeep and Sun, Jimeng},
  booktitle={Proceedings of the 20th ACM SIGKDD international conference on Knowledge discovery and data mining},
  pages={115--124},
  year={2014}
}

@inproceedings{wang2012towards,
  title={Towards heterogeneous temporal clinical event pattern discovery: a convolutional approach},
  author={Wang, Fei and Lee, Noah and Hu, Jianying and Sun, Jimeng and Ebadollahi, Shahram},
  booktitle={Proceedings of the 18th ACM SIGKDD international conference on Knowledge discovery and data mining},
  pages={453--461},
  year={2012}
}

@inproceedings{wang2014exploring,
  title={Exploring joint disease risk prediction},
  author={Wang, Xiang and Wang, Fei and Hu, Jianying and Sorrentino, Robert},
  booktitle={AMIA annual symposium proceedings},
  volume={2014},
  pages={1180},
  year={2014},
  organization={American Medical Informatics Association}
}

@inproceedings{zhou2014micro,
  title={From micro to macro: data driven phenotyping by densification of longitudinal electronic medical records},
  author={Zhou, Jiayu and Wang, Fei and Hu, Jianying and Ye, Jieping},
  booktitle={Proceedings of the 20th ACM SIGKDD international conference on Knowledge discovery and data mining},
  pages={135--144},
  year={2014}
}

@article{choi2016retain,
  title={Retain: An interpretable predictive model for healthcare using reverse time attention mechanism},
  author={Choi, Edward and Bahadori, Mohammad Taha and Sun, Jimeng and Kulas, Joshua and Schuetz, Andy and Stewart, Walter},
  journal={Advances in neural information processing systems},
  volume={29},
  year={2016}
}

@article{lipton2015learning,
  title={Learning to diagnose with LSTM recurrent neural networks},
  author={Lipton, Zachary C and Kale, David C and Elkan, Charles and Wetzel, Randall},
  journal={arXiv preprint arXiv:1511.03677},
  year={2015}
}

@article{razavian2015temporal,
  title={Temporal convolutional neural networks for diagnosis from lab tests},
  author={Razavian, Narges and Sontag, David},
  journal={arXiv preprint arXiv:1511.07938},
  year={2015}
}

@article{che2017exploiting,
  title={Exploiting convolutional neural network for risk prediction with medical feature embedding},
  author={Che, Zhengping and Cheng, Yu and Sun, Zhaonan and Liu, Yan},
  journal={arXiv preprint arXiv:1701.07474},
  year={2017}
}

@inproceedings{ma2018risk,
  title={Risk prediction on electronic health records with prior medical knowledge},
  author={Ma, Fenglong and Gao, Jing and Suo, Qiuling and You, Quanzeng and Zhou, Jing and Zhang, Aidong},
  booktitle={Proceedings of the 24th ACM SIGKDD International Conference on Knowledge Discovery \& Data Mining},
  pages={1910--1919},
  year={2018}
}

@article{jin2018predicting,
  title={Predicting the risk of heart failure with EHR sequential data modeling},
  author={Jin, Bo and Che, Chao and Liu, Zhen and Zhang, Shulong and Yin, Xiaomeng and Wei, Xiaopeng},
  journal={Ieee Access},
  volume={6},
  pages={9256--9261},
  year={2018},
  publisher={IEEE}
}

@article{van2017neural,
  title={Neural discrete representation learning},
  author={Van Den Oord, Aaron and Vinyals, Oriol and others},
  journal={Advances in neural information processing systems},
  volume={30},
  year={2017}
}

@misc{blockeel2019predictive,
  title={Predictive Clustering},
  author={Blockeel, Hendrik and Dzeroski, S and Struyf, Jan and Zenko, Bernard},
  year={2019},
  publisher={Springer}
}

@article{harutyunyan2019multitask,
  title={Multitask learning and benchmarking with clinical time series data},
  author={Harutyunyan, Hrayr and Khachatrian, Hrant and Kale, David C and Ver Steeg, Greg and Galstyan, Aram},
  journal={Scientific data},
  volume={6},
  number={1},
  pages={1--18},
  year={2019},
  publisher={Nature Publishing Group}
}

@inproceedings{baytas2017patient,
  title={Patient subtyping via time-aware lstm networks},
  author={Baytas, Inci M and Xiao, Cao and Zhang, Xi and Wang, Fei and Jain, Anil K and Zhou, Jiayu},
  booktitle={Proceedings of the 23rd ACM SIGKDD international conference on knowledge discovery and data mining},
  pages={65--74},
  year={2017}
}

@inproceedings{xu2018raim,
  title={Raim: Recurrent attentive and intensive model of multimodal patient monitoring data},
  author={Xu, Yanbo and Biswal, Siddharth and Deshpande, Shriprasad R and Maher, Kevin O and Sun, Jimeng},
  booktitle={Proceedings of the 24th ACM SIGKDD international conference on Knowledge Discovery \& Data Mining},
  pages={2565--2573},
  year={2018}
}
@article{sundrani2023predicting,
  title={Predicting patient decompensation from continuous physiologic monitoring in the emergency department},
  author={Sundrani, Sameer and Chen, Julie and Jin, Boyang Tom and Abad, Zahra Shakeri Hossein and Rajpurkar, Pranav and Kim, David},
  journal={NPJ Digital Medicine},
  volume={6},
  number={1},
  pages={60},
  year={2023},
  publisher={Nature Publishing Group UK London}
}
@article{silva2022modelling,
  title={Modelling patient trajectories using multimodal information},
  author={Silva, Jo{\~a}o Figueira and Matos, S{\'e}rgio},
  journal={Journal of Biomedical Informatics},
  volume={134},
  pages={104195},
  year={2022},
  publisher={Elsevier}
}

@inproceedings{choi2016doctor,
  title={Doctor ai: Predicting clinical events via recurrent neural networks},
  author={Choi, Edward and Bahadori, Mohammad Taha and Schuetz, Andy and Stewart, Walter F and Sun, Jimeng},
  booktitle={Machine learning for healthcare conference},
  pages={301--318},
  year={2016},
  organization={PMLR}
}

@inproceedings{xu2018raim,
  title={Raim: Recurrent attentive and intensive model of multimodal patient monitoring data},
  author={Xu, Yanbo and Biswal, Siddharth and Deshpande, Shriprasad R and Maher, Kevin O and Sun, Jimeng},
  booktitle={Proceedings of the 24th ACM SIGKDD international conference on Knowledge Discovery \& Data Mining},
  pages={2565--2573},
  year={2018}
}

@article{lee2020biobert,
  title={BioBERT: a pre-trained biomedical language representation model for biomedical text mining},
  author={Lee, Jinhyuk and Yoon, Wonjin and Kim, Sungdong and Kim, Donghyeon and Kim, Sunkyu and So, Chan Ho and Kang, Jaewoo},
  journal={Bioinformatics},
  volume={36},
  number={4},
  pages={1234--1240},
  year={2020},
  publisher={Oxford University Press}
}
@article{tsimploulis2017systolic,
  title={Systolic--diastolic hypertension versus isolated systolic hypertension and incident heart failure in older adults: Insights from the Cardiovascular Health Study},
  author={Tsimploulis, Apostolos and Sheriff, Helen M and Lam, Phillip H and Dooley, Daniel J and Anker, Markus S and Papademetriou, Vasilios and Fletcher, Ross D and Faselis, Charles and Fonarow, Gregg C and Deedwania, Prakash and others},
  journal={International journal of cardiology},
  volume={235},
  pages={11--16},
  year={2017},
  publisher={Elsevier}
}
@book{glanze1990mosby,
  title={Mosby's medical, nursing, and allied health dictionary},
  author={Glanze, Walter D and Anderson, Kenneth and Anderson, Lois E and others},
  year={1990},
  publisher={Mosby}
}

@inproceedings{choi2017gram,
  title={GRAM: graph-based attention model for healthcare representation learning},
  author={Choi, Edward and Bahadori, Mohammad Taha and Song, Le and Stewart, Walter F and Sun, Jimeng},
  booktitle={Proceedings of the 23rd ACM SIGKDD international conference on knowledge discovery and data mining},
  pages={787--795},
  year={2017}
}

@article{choi2018mime,
  title={Mime: Multilevel medical embedding of electronic health records for predictive healthcare},
  author={Choi, Edward and Xiao, Cao and Stewart, Walter and Sun, Jimeng},
  journal={Advances in neural information processing systems},
  volume={31},
  year={2018}
}

@inproceedings{yin2019domain,
  title={Domain knowledge guided deep learning with electronic health records},
  author={Yin, Changchang and Zhao, Rongjian and Qian, Buyue and Lv, Xin and Zhang, Ping},
  booktitle={2019 IEEE International Conference on Data Mining (ICDM)},
  pages={738--747},
  year={2019},
  organization={IEEE}
}

@inproceedings{ma2018risk,
  title={Risk prediction on electronic health records with prior medical knowledge},
  author={Ma, Fenglong and Gao, Jing and Suo, Qiuling and You, Quanzeng and Zhou, Jing and Zhang, Aidong},
  booktitle={Proceedings of the 24th ACM SIGKDD International Conference on Knowledge Discovery \& Data Mining},
  pages={1910--1919},
  year={2018}
}

@inproceedings{zhang2019metapred,
  title={Metapred: Meta-learning for clinical risk prediction with limited patient electronic health records},
  author={Zhang, Xi Sheryl and Tang, Fengyi and Dodge, Hiroko H and Zhou, Jiayu and Wang, Fei},
  booktitle={Proceedings of the 25th ACM SIGKDD International Conference on Knowledge Discovery \& Data Mining},
  pages={2487--2495},
  year={2019}
}

@inproceedings{chakraborty2019robust,
  title={A robust framework for accelerated outcome-driven risk factor identification from EHR},
  author={Chakraborty, Prithwish and Farooq, Faisal},
  booktitle={Proceedings of the 25th ACM SIGKDD International Conference on Knowledge Discovery \& Data Mining},
  pages={1800--1808},
  year={2019}
}

@inproceedings{zhang2019knowrisk,
  title={KnowRisk: an interpretable knowledge-guided model for disease risk prediction},
  author={Zhang, Xianli and Qian, Buyue and Li, Yang and Yin, Changchang and Wang, Xudong and Zheng, Qinghua},
  booktitle={2019 IEEE International Conference on Data Mining (ICDM)},
  pages={1492--1497},
  year={2019},
  organization={IEEE}
}

@inproceedings{baytas2017patient,
  title={Patient subtyping via time-aware LSTM networks},
  author={Baytas, Inci M and Xiao, Cao and Zhang, Xi and Wang, Fei and Jain, Anil K and Zhou, Jiayu},
  booktitle={Proceedings of the 23rd ACM SIGKDD international conference on knowledge discovery and data mining},
  pages={65--74},
  year={2017}
}

@article{kwon2018retainvis,
  title={Retainvis: Visual analytics with interpretable and interactive recurrent neural networks on electronic medical records},
  author={Kwon, Bum Chul and Choi, Min-Je and Kim, Joanne Taery and Choi, Edward and Kim, Young Bin and Kwon, Soonwook and Sun, Jimeng and Choo, Jaegul},
  journal={IEEE transactions on visualization and computer graphics},
  volume={25},
  number={1},
  pages={299--309},
  year={2018},
  publisher={IEEE}
}

@inproceedings{ma2020concare,
  title={Concare: Personalized clinical feature embedding via capturing the healthcare context},
  author={Ma, Liantao and Zhang, Chaohe and Wang, Yasha and Ruan, Wenjie and Wang, Jiangtao and Tang, Wen and Ma, Xinyu and Gao, Xin and Gao, Junyi},
  booktitle={Proceedings of the AAAI Conference on Artificial Intelligence},
  volume={34},
  number={01},
  pages={833--840},
  year={2020}
}

@inproceedings{tzirakis2019time,
  title={Time-series clustering with jointly learning deep representations, clusters and temporal boundaries},
  author={Tzirakis, Panagiotis and Nicolaou, Mihalis A and Schuller, Bj{\"o}rn and Zafeiriou, Stefanos},
  booktitle={2019 14th IEEE International Conference on Automatic Face \& Gesture Recognition (FG 2019)},
  pages={1--5},
  year={2019},
  organization={IEEE}
}

@inproceedings{ghosh2016deep,
  title={Deep state space models for computational phenotyping},
  author={Ghosh, Soumya and Cheng, Yu and Sun, Zhaonan},
  booktitle={2016 IEEE International Conference on Healthcare Informatics (ICHI)},
  pages={399--402},
  year={2016},
  organization={IEEE}
}
@book{world1978international,
  title={International classification of diseases:[9th] ninth revision, basic tabulation list with alphabetic index},
  author={World Health Organization and others},
  year={1978},
  publisher={World Health Organization}
}
@inproceedings{kwon2024large,
  title={Large Language Models Are Clinical Reasoners: Reasoning-Aware Diagnosis Framework with Prompt-Generated Rationales},
  author={Kwon, Taeyoon and Ong, Kai Tzu-iunn and Kang, Dongjin and Moon, Seungjun and Lee, Jeong Ryong and Hwang, Dosik and Sohn, Beomseok and Sim, Yongsik and Lee, Dongha and Yeo, Jinyoung},
  booktitle={Proceedings of the AAAI Conference on Artificial Intelligence},
  volume={38},
  number={16},
  pages={18417--18425},
  year={2024}
}
@article{zhang2024benchmarking,
  title={Benchmarking large language models for news summarization},
  author={Zhang, Tianyi and Ladhak, Faisal and Durmus, Esin and Liang, Percy and McKeown, Kathleen and Hashimoto, Tatsunori B},
  journal={Transactions of the Association for Computational Linguistics},
  volume={12},
  pages={39--57},
  year={2024},
  publisher={MIT Press One Broadway, 12th Floor, Cambridge, Massachusetts 02142, USA~…}
}
@article{zeng2024justilm,
  title={JustiLM: Few-shot Justification Generation for Explainable Fact-Checking of Real-world Claims},
  author={Zeng, Fengzhu and Gao, Wei},
  journal={Transactions of the Association for Computational Linguistics},
  volume={12},
  pages={334--354},
  year={2024},
  publisher={MIT Press One Broadway, 12th Floor, Cambridge, Massachusetts 02142, USA~…}
}
@article{viswanathan2024large,
  title={Large language models enable few-shot clustering},
  author={Viswanathan, Vijay and Gashteovski, Kiril and Gashteovski, Kiril and Lawrence, Carolin and Wu, Tongshuang and Neubig, Graham},
  journal={Transactions of the Association for Computational Linguistics},
  volume={12},
  pages={321--333},
  year={2024},
  publisher={MIT Press One Broadway, 12th Floor, Cambridge, Massachusetts 02142, USA~…}
}
@article{chung2024scaling,
  title={Scaling instruction-finetuned language models},
  author={Chung, Hyung Won and Hou, Le and Longpre, Shayne and Zoph, Barret and Tay, Yi and Fedus, William and Li, Yunxuan and Wang, Xuezhi and Dehghani, Mostafa and Brahma, Siddhartha and others},
  journal={Journal of Machine Learning Research},
  volume={25},
  number={70},
  pages={1--53},
  year={2024}
}
@inproceedings{jintime,
  title={Time-LLM: Time Series Forecasting by Reprogramming Large Language Models},
  author={Jin, Ming and Wang, Shiyu and Ma, Lintao and Chu, Zhixuan and Zhang, James Y and Shi, Xiaoming and Chen, Pin-Yu and Liang, Yuxuan and Li, Yuan-Fang and Pan, Shirui and others},
  booktitle={The Twelfth International Conference on Learning Representations},
  year={2023}

}
@article{zhang2021supporting,
  title={Supporting clustering with contrastive learning},
  author={Zhang, Dejiao and Nan, Feng and Wei, Xiaokai and Li, Shangwen and Zhu, Henghui and McKeown, Kathleen and Nallapati, Ramesh and Arnold, Andrew and Xiang, Bing},
  journal={arXiv preprint arXiv:2103.12953},
  year={2021}
}
@article{rumelhart1986sequential,
  title={Sequential thought processes in PDP models},
  author={Rumelhart, David E and Smolensky, Paul and McClelland, James L and Hinton, G},
  journal={Parallel distributed processing: explorations in the microstructures of cognition},
  volume={2},
  pages={3--57},
  year={1986}
}