@article{choi2016retain,
  title={Retain: An interpretable predictive model for healthcare using reverse time attention mechanism},
  author={Choi, Edward and Bahadori, Mohammad Taha and Sun, Jimeng and Kulas, Joshua and Schuetz, Andy and Stewart, Walter},
  journal={Advances in neural information processing systems},
  volume={29},
  year={2016}
}

@inproceedings{huang2021gloria,
  title={Gloria: A multimodal global-local representation learning framework for label-efficient medical image recognition},
  author={Huang, Shih-Cheng and Shen, Liyue and Lungren, Matthew P and Yeung, Serena},
  booktitle={Proceedings of the IEEE/CVF International Conference on Computer Vision},
  pages={3942--3951},
  year={2021}
}

@inproceedings{kwon2024large,
  title={Large Language Models Are Clinical Reasoners: Reasoning-Aware Diagnosis Framework with Prompt-Generated Rationales},
  author={Kwon, Taeyoon and Ong, Kai Tzu-iunn and Kang, Dongjin and Moon, Seungjun and Lee, Jeong Ryong and Hwang, Dosik and Sohn, Beomseok and Sim, Yongsik and Lee, Dongha and Yeo, Jinyoung},
  booktitle={Proceedings of the AAAI Conference on Artificial Intelligence},
  volume={38},
  number={16},
  pages={18417--18425},
  year={2024}
}

@inproceedings{niu2021label,
  title={Label Dependent Attention Model for Disease Risk Prediction Using Multimodal Electronic Health Records},
  author={Niu, Shuai and Qin, Yin and Song, Yunya and Guo, Yike and Yang, Xian},
  booktitle={Proceedings of the IEEE conference on data mining},
  pages={455--464},
  year={2021}
}

@inproceedings{niu2021lerp,
  title={Label-dependent and event-guided interpretable disease risk prediction using EHRs},
  author={Niu, Shuai and Song, Yunya and Qin, Yin and Guo, Yike and Yang, Xian},
  booktitle={Proceedings of the IEEE International Conference on Bioinformatics and Biomedicine (BIBM)
},
  year={2021}
}

@article{niu2024ehr,
  title={EHR-KnowGen: Knowledge-enhanced multimodal learning for disease diagnosis generation},
  author={Niu, Shuai and Ma, Jing and Bai, Liang and Wang, Zhihua and Guo, Li and Yang, Xian},
  journal={Information Fusion},
  volume={102},
  pages={102069},
  year={2024},
  publisher={Elsevier}
}

@article{nori2023capabilities,
  title={Capabilities of gpt-4 on medical challenge problems},
  author={Nori, Harsha and King, Nicholas and McKinney, Scott Mayer and Carignan, Dean and Horvitz, Eric},
  journal={arXiv preprint arXiv:2303.13375},
  year={2023}
}

@article{ouyang2022training,
  title={Training language models to follow instructions with human feedback},
  author={Ouyang, Long and Wu, Jeffrey and Jiang, Xu and Almeida, Diogo and Wainwright, Carroll and Mishkin, Pamela and Zhang, Chong and Agarwal, Sandhini and Slama, Katarina and Ray, Alex and others},
  journal={Advances in Neural Information Processing Systems},
  volume={35},
  pages={27730--27744},
  year={2022}
}

@article{qiao2019mnn,
  title={MNN: multimodal attentional neural networks for diagnosis prediction},
  author={Qiao, Zhi and Wu, Xian and Ge, Shen and Fan, Wei},
  journal={Extraction},
  volume={1},
  pages={A1},
  year={2019}
}

@article{singhal2023large,
  title={Large language models encode clinical knowledge},
  author={Singhal, Karan and Azizi, Shekoofeh and Tu, Tao and Mahdavi, S Sara and Wei, Jason and Chung, Hyung Won and Scales, Nathan and Tanwani, Ajay and Cole-Lewis, Heather and Pfohl, Stephen and others},
  journal={Nature},
  volume={620},
  number={7972},
  pages={172--180},
  year={2023},
  publisher={Nature Publishing Group UK London}
}

@inproceedings{wang2022medclip,
  title={MedCLIP: Contrastive Learning from Unpaired Medical Images and Text},
  author={Wang, Zifeng and Wu, Zhenbang and Agarwal, Dinesh and Sun, Jimeng},
  booktitle={Proceedings of the 2022 Conference on Empirical Methods in Natural Language Processing},
  pages={3876--3887},
  year={2022}
}

@article{wei2022chain,
  title={Chain-of-thought prompting elicits reasoning in large language models},
  author={Wei, Jason and Wang, Xuezhi and Schuurmans, Dale and Bosma, Maarten and Xia, Fei and Chi, Ed and Le, Quoc V and Zhou, Denny and others},
  journal={Advances in neural information processing systems},
  volume={35},
  pages={24824--24837},
  year={2022}
}

@article{yang2022large,
  title={A large language model for electronic health records},
  author={Yang, Xi and Chen, Aokun and PourNejatian, Nima and Shin, Hoo Chang and Smith, Kaleb E and Parisien, Christopher and Compas, Colin and Martin, Cheryl and Costa, Anthony B and Flores, Mona G and others},
  journal={NPJ Digital Medicine},
  volume={5},
  number={1},
  pages={194},
  year={2022},
  publisher={Nature Publishing Group UK London}
}

