@inproceedings{bal2024spikingbert,
  title={Spikingbert: Distilling bert to train spiking language models using implicit differentiation},
  author={Bal, Malyaban and Sengupta, Abhronil},
  booktitle={Proceedings of the AAAI conference on artificial intelligence},
  volume={38},
  pages={10998--11006},
  year={2024}
}
@article{brown2020language,
  title={Language models are few-shot learners},
  author={Brown, Tom and Mann, Benjamin and Ryder, Nick and Subbiah, Melanie and Kaplan, Jared D and Dhariwal, Prafulla and Neelakantan, Arvind and Shyam, Pranav and Sastry, Girish and Askell, Amanda and others},
  journal={Advances in neural information processing systems},
  volume={33},
  pages={1877--1901},
  year={2020}
}
@article{wei2022emergent,
  title={Emergent abilities of large language models},
  author={Wei, Jason and Tay, Yi and Bommasani, Rishi and Raffel, Colin and Zoph, Barret and Borgeaud, Sebastian and Yogatama, Dani and Bosma, Maarten and Zhou, Denny and Metzler, Donald and others},
  journal={arXiv preprint arXiv:2206.07682},
  year={2022}
}
@article{maass1997networks,
  title={Networks of spiking neurons: the third generation of neural network models},
  author={Maass, Wolfgang},
  journal={Neural networks},
  volume={10},
  number={9},
  pages={1659--1671},
  year={1997},
  publisher={Elsevier}
}
@article{roy2019towards,
  title={Towards spike-based machine intelligence with neuromorphic computing},
  author={Roy, Kaushik and Jaiswal, Akhilesh and Panda, Priyadarshini},
  journal={Nature},
  volume={575},
  number={7784},
  pages={607--617},
  year={2019},
  publisher={Nature Publishing Group UK London}
}
@inproceedings{schemmel2010wafer,
  title={A wafer-scale neuromorphic hardware system for large-scale neural modeling},
  author={Schemmel, Johannes and Br{\"u}derle, Daniel and Gr{\"u}bl, Andreas and Hock, Matthias and Meier, Karlheinz and Millner, Sebastian},
  booktitle={2010 ieee international symposium on circuits and systems (iscas)},
  pages={1947--1950},
  year={2010},
  organization={IEEE}
}
@article{furber2012overview,
  title={Overview of the SpiNNaker system architecture},
  author={Furber, Steve B and Lester, David R and Plana, Luis A and Garside, Jim D and Painkras, Eustace and Temple, Steve and Brown, Andrew D},
  journal={IEEE transactions on computers},
  volume={62},
  number={12},
  pages={2454--2467},
  year={2012},
  publisher={IEEE}
}
@article{merolla2014million,
  title={A million spiking-neuron integrated circuit with a scalable communication network and interface},
  author={Merolla, Paul A and Arthur, John V and Alvarez-Icaza, Rodrigo and Cassidy, Andrew S and Sawada, Jun and Akopyan, Filipp and Jackson, Bryan L and Imam, Nabil and Guo, Chen and Nakamura, Yutaka and others},
  journal={Science},
  volume={345},
  number={6197},
  pages={668--673},
  year={2014},
  publisher={American Association for the Advancement of Science}
}
@article{davies2018loihi,
  title={Loihi: A neuromorphic manycore processor with on-chip learning},
  author={Davies, Mike and Srinivasa, Narayan and Lin, Tsung-Han and Chinya, Gautham and Cao, Yongqiang and Choday, Sri Harsha and Dimou, Georgios and Joshi, Prasad and Imam, Nabil and Jain, Shweta and others},
  journal={Ieee Micro},
  volume={38},
  number={1},
  pages={82--99},
  year={2018},
  publisher={IEEE}
}
@article{duan2024memristor,
  title={Memristor-Based Neuromorphic Chips},
  author={Duan, Xuegang and Cao, Zelin and Gao, Kaikai and Yan, Wentao and Sun, Siyu and Zhou, Guangdong and Wu, Zhenhua and Ren, Fenggang and Sun, Bai},
  journal={Advanced Materials},
  volume={36},
  number={14},
  pages={2310704},
  year={2024},
  publisher={Wiley Online Library}
}
@article{pei2019towards,
  title={Towards artificial general intelligence with hybrid Tianjic chip architecture},
  author={Pei, Jing and Deng, Lei and Song, Sen and Zhao, Mingguo and Zhang, Youhui and Wu, Shuang and Wang, Guanrui and Zou, Zhe and Wu, Zhenzhi and He, Wei and others},
  journal={Nature},
  volume={572},
  number={7767},
  pages={106--111},
  year={2019},
  publisher={Nature Publishing Group UK London}
}
@article{debole2019truenorth,
  title={TrueNorth: Accelerating from zero to 64 million neurons in 10 years},
  author={DeBole, Michael V and Taba, Brian and Amir, Arnon and Akopyan, Filipp and Andreopoulos, Alexander and Risk, William P and Kusnitz, Jeff and Otero, Carlos Ortega and Nayak, Tapan K and Appuswamy, Rathinakumar and others},
  journal={Computer},
  volume={52},
  number={5},
  pages={20--29},
  year={2019},
  publisher={IEEE}
}
@article{davies2021advancing,
  title={Advancing neuromorphic computing with loihi: A survey of results and outlook},
  author={Davies, Mike and Wild, Andreas and Orchard, Garrick and Sandamirskaya, Yulia and Guerra, Gabriel A Fonseca and Joshi, Prasad and Plank, Philipp and Risbud, Sumedh R},
  journal={Proceedings of the IEEE},
  volume={109},
  number={5},
  pages={911--934},
  year={2021},
  publisher={IEEE}
}
@ARTICLE{8891809,
  author={Neftci, Emre O. and Mostafa, Hesham and Zenke, Friedemann},
  journal={IEEE Signal Processing Magazine}, 
  title={Surrogate Gradient Learning in Spiking Neural Networks: Bringing the Power of Gradient-Based Optimization to Spiking Neural Networks}, 
  year={2019},
  volume={36},
  number={6},
  pages={51-63},
  keywords={Neural networks;Fault tolerance;Energy efficiency;Biological system modeling},
  doi={10.1109/MSP.2019.2931595}}
@article{kim2020unifying,
  title={Unifying activation-and timing-based learning rules for spiking neural networks},
  author={Kim, Jinseok and Kim, Kyungsu and Kim, Jae-Joon},
  journal={Advances in neural information processing systems},
  volume={33},
  pages={19534--19544},
  year={2020}
}
@article{cao2015spiking,
  title={Spiking deep convolutional neural networks for energy-efficient object recognition},
  author={Cao, Yongqiang and Chen, Yang and Khosla, Deepak},
  journal={International Journal of Computer Vision},
  volume={113},
  pages={54--66},
  year={2015},
  publisher={Springer}
}
@article{rueckauer2016theory,
  title={Theory and tools for the conversion of analog to spiking convolutional neural networks},
  author={Rueckauer, Bodo and Lungu, Iulia-Alexandra and Hu, Yuhuang and Pfeiffer, Michael},
  journal={arXiv preprint arXiv:1612.04052},
  year={2016}
}
@article{rueckauer2017conversion,
  title={Conversion of continuous-valued deep networks to efficient event-driven networks for image classification},
  author={Rueckauer, Bodo and Lungu, Iulia-Alexandra and Hu, Yuhuang and Pfeiffer, Michael and Liu, Shih-Chii},
  journal={Frontiers in neuroscience},
  volume={11},
  pages={294078},
  year={2017},
  publisher={Frontiers}
}
@inproceedings{hao2023reducing,
  title={Reducing ann-snn conversion error through residual membrane potential},
  author={Hao, Zecheng and Bu, Tong and Ding, Jianhao and Huang, Tiejun and Yu, Zhaofei},
  booktitle={Proceedings of the AAAI Conference on Artificial Intelligence},
  volume={37},
  pages={11--21},
  year={2023}
}
@article{sengupta2019going,
  title={Going deeper in spiking neural networks: VGG and residual architectures},
  author={Sengupta, Abhronil and Ye, Yuting and Wang, Robert and Liu, Chiao and Roy, Kaushik},
  journal={Frontiers in neuroscience},
  volume={13},
  pages={95},
  year={2019},
  publisher={Frontiers Media SA}
}
@article{zhu2023spikegpt,
  title={Spikegpt: Generative pre-trained language model with spiking neural networks},
  author={Zhu, Rui-Jie and Zhao, Qihang and Li, Guoqi and Eshraghian, Jason K},
  journal={arXiv preprint arXiv:2302.13939},
  year={2023}
}
@article{xiao2022towards,
  title={Towards energy-preserving natural language understanding with spiking neural networks},
  author={Xiao, Rong and Wan, Yu and Yang, Baosong and Zhang, Haibo and Tang, Huajin and Wong, Derek F and Chen, Boxing},
  journal={IEEE/ACM Transactions on Audio, Speech, and Language Processing},
  volume={31},
  pages={439--447},
  year={2022},
  publisher={IEEE}
}
@inproceedings{diehl2016conversion,
  title={Conversion of artificial recurrent neural networks to spiking neural networks for low-power neuromorphic hardware},
  author={Diehl, Peter U and Zarrella, Guido and Cassidy, Andrew and Pedroni, Bruno U and Neftci, Emre},
  booktitle={2016 IEEE International Conference on Rebooting Computing (ICRC)},
  pages={1--8},
  year={2016},
  organization={IEEE}
}
@misc{
anonymous2024spikebert,
title={Spike{BERT}: A Language Spikformer Learned from {BERT} with Knowledge Distillation},
author={Anonymous},
year={2024},
url={https://openreview.net/forum?id=6c4gv0E9sF}
}
@inproceedings{Lv2023SpikingCN,
  title={Spiking Convolutional Neural Networks for Text Classification},
  author={Changze Lv and Jianhan Xu and Xiaoqing Zheng},
  booktitle={International Conference on Learning Representations},
  year={2023},
  url={https://api.semanticscholar.org/CorpusID:259298612}
}
@article{Lv2024SpikingCN,
  title={Spiking Convolutional Neural Networks for Text Classification},
  author={Changze Lv and Jianhan Xu and Xiaoqing Zheng},
  journal={ArXiv},
  year={2024},
  volume={abs/2406.19230},
  url={https://api.semanticscholar.org/CorpusID:259298612}
}
@article{Han2020RMPSNNRM,
  title={RMP-SNN: Residual Membrane Potential Neuron for Enabling Deeper High-Accuracy and Low-Latency Spiking Neural Network},
  author={{Han} and others},
  journal={2020 IEEE/CVF Conference on Computer Vision and Pattern Recognition (CVPR)},
  year={2020},
  pages={13555-13564},
  url={https://api.semanticscholar.org/CorpusID:219963592}
}

@article{Sengupta2018GoingDI,
  title={Going Deeper in Spiking Neural Networks: VGG and Residual Architectures},
  author={Abhronil Sengupta and Yuting Ye and Robert Y. Wang and Chiao Liu and Kaushik Roy},
  journal={Frontiers in Neuroscience},
  year={2018},
  volume={13},
  url={https://api.semanticscholar.org/CorpusID:3643293}
}
@article{Ding2021OptimalAC,
  title={Optimal ANN-SNN Conversion for Fast and Accurate Inference in Deep Spiking Neural Networks},
  author={Jianhao Ding and Zhaofei Yu and Yonghong Tian and Tiejun Huang},
  journal={ArXiv},
  year={2021},
  volume={abs/2105.11654},
  url={https://api.semanticscholar.org/CorpusID:235186845}
}
@article{Ho2020TCLAA,
  title={TCL: an ANN-to-SNN Conversion with Trainable Clipping Layers},
  author={Nguyen-Dong Ho and Ik Joon Chang},
  journal={2021 58th ACM/IEEE Design Automation Conference (DAC)},
  year={2020},
  pages={793-798},
  url={https://api.semanticscholar.org/CorpusID:221095672}
}
@article{Bu2022OptimizedPI,
  title={Optimized Potential Initialization for Low-latency Spiking Neural Networks},
  author={Tong Bu and Jianhao Ding and Zhaofei Yu and Tiejun Huang},
  journal={ArXiv},
  year={2022},
  volume={abs/2202.01440},
  url={https://api.semanticscholar.org/CorpusID:246485745}
}
@article{bu2023optimal,
  title={Optimal ANN-SNN conversion for high-accuracy and ultra-low-latency spiking neural networks},
  author={Bu, Tong and Fang, Wei and Ding, Jianhao and Dai, PengLin and Yu, Zhaofei and Huang, Tiejun},
  journal={arXiv preprint arXiv:2303.04347},
  year={2023}
}
@article{Hao2023BridgingTG,
  title={Bridging the Gap between ANNs and SNNs by Calibrating Offset Spikes},
  author={Zecheng Hao and Jianhao Ding and Tong Bu and Tiejun Huang and Zhaofei Yu},
  journal={ArXiv},
  year={2023},
  volume={abs/2302.10685},
  url={https://api.semanticscholar.org/CorpusID:257050386}
}
@article{Diehl2015FastclassifyingHS,
  title={Fast-classifying, high-accuracy spiking deep networks through weight and threshold balancing},
  author={Peter Udo Diehl and Daniel Neil and Jonathan Binas and Matthew Cook and Shih-Chii Liu and Michael Pfeiffer},
  journal={2015 International Joint Conference on Neural Networks (IJCNN)},
  year={2015},
  pages={1-8},
  url={https://api.semanticscholar.org/CorpusID:2676182}
}
@article{Bengio2013EstimatingOP,
  title={Estimating or Propagating Gradients Through Stochastic Neurons for Conditional Computation},
  author={Yoshua Bengio and Nicholas L{\'e}onard and Aaron C. Courville},
  journal={ArXiv},
  year={2013},
  volume={abs/1308.3432},
  url={https://api.semanticscholar.org/CorpusID:18406556}
}
@article{Hinton2015DistillingTK,
  title={Distilling the Knowledge in a Neural Network},
  author={Geoffrey E. Hinton and Oriol Vinyals and Jeffrey Dean},
  journal={ArXiv},
  year={2015},
  volume={abs/1503.02531},
  url={https://api.semanticscholar.org/CorpusID:7200347}
}
@article{Hochreiter1997LongSM,
  title={Long Short-Term Memory},
  author={Sepp Hochreiter and J{\"u}rgen Schmidhuber},
  journal={Neural Computation},
  year={1997},
  volume={9},
  pages={1735-1780},
  url={https://api.semanticscholar.org/CorpusID:1915014}
}
@inproceedings{Kim2014ConvolutionalNN,
  title={Convolutional Neural Networks for Sentence Classification},
  author={Yoon Kim},
  booktitle={Conference on Empirical Methods in Natural Language Processing},
  year={2014},
  url={https://api.semanticscholar.org/CorpusID:9672033}
}

@inproceedings{Devlin2019BERTPO,
  title={BERT: Pre-training of Deep Bidirectional Transformers for Language Understanding},
  author={Jacob Devlin and Ming-Wei Chang and Kenton Lee and Kristina Toutanova},
  booktitle={North American Chapter of the Association for Computational Linguistics},
  year={2019},
  url={https://api.semanticscholar.org/CorpusID:52967399}
}

@inproceedings{Bal2023SpikingBERTDB,
  title={SpikingBERT: Distilling BERT to Train Spiking Language Models Using Implicit Differentiation},
  author={Malyaban Bal and Abhronil Sengupta},
  booktitle={AAAI Conference on Artificial Intelligence},
  year={2023},
  url={https://api.semanticscholar.org/CorpusID:261049141}
}
@inproceedings{Wang2018GLUEAM,
  title={GLUE: A Multi-Task Benchmark and Analysis Platform for Natural Language Understanding},
  author={Alex Wang and Amanpreet Singh and Julian Michael and Felix Hill and Omer Levy and Samuel R. Bowman},
  booktitle={BlackboxNLP@EMNLP},
  year={2018},
  url={https://api.semanticscholar.org/CorpusID:5034059}
}
@article{Shen2023AstrocyteEnabledAI,
  title={Astrocyte-Enabled Advancements in Spiking Neural Networks for Large Language Modeling},
  author={Guobin Shen and Dongcheng Zhao and Yiting Dong and Yang Li and Jindong Li and Kang Sun and Yi Zeng},
  journal={ArXiv},
  year={2023},
  volume={abs/2312.07625},
  url={https://api.semanticscholar.org/CorpusID:266191693}
}
@inproceedings{Radford2019LanguageMA,
  title={Language Models are Unsupervised Multitask Learners},
  author={Alec Radford and Jeff Wu and Rewon Child and David Luan and Dario Amodei and Ilya Sutskever},
  year={2019},
  url={https://api.semanticscholar.org/CorpusID:160025533}
}
@article{Krause2019DynamicEO,
  title={Dynamic Evaluation of Transformer Language Models},
  author={Ben Krause and Emmanuel Kahembwe and Iain Murray and Steve Renals},
  journal={ArXiv},
  year={2019},
  volume={abs/1904.08378},
  url={https://api.semanticscholar.org/CorpusID:119296728}
}
@article{radford2019language,
  title={Language models are unsupervised multitask learners},
  author={Radford, Alec and Wu, Jeffrey and Child, Rewon and Luan, David and Amodei, Dario and Sutskever, Ilya and others},
  journal={OpenAI blog},
  volume={1},
  number={8},
  pages={9},
  year={2019}
}
@article{deVries2023TheGE,
  title={The growing energy footprint of artificial intelligence},
  author={Alex de Vries},
  journal={Joule},
  year={2023},
  url={https://api.semanticscholar.org/CorpusID:264050478}
}
@article{Li2021AFL,
  title={A Free Lunch From ANN: Towards Efficient, Accurate Spiking Neural Networks Calibration},
  author={Yuhang Li and Shi-Wee Deng and Xin Dong and Ruihao Gong and Shi Gu},
  journal={ArXiv},
  year={2021},
  volume={abs/2106.06984},
  url={https://api.semanticscholar.org/CorpusID:235421730}
}
@article{Deng2021OptimalCO,
  title={Optimal Conversion of Conventional Artificial Neural Networks to Spiking Neural Networks},
  author={Shi-Wee Deng and Shi Gu},
  journal={ArXiv},
  year={2021},
  volume={abs/2103.00476},
  url={https://api.semanticscholar.org/CorpusID:232075977}
}
@article{wang2023toward,
  title={Toward high-accuracy and low-latency spiking neural networks with two-stage optimization},
  author={Wang, Ziming and Zhang, Yuhao and Lian, Shuang and Cui, Xiaoxin and Yan, Rui and Tang, Huajin},
  journal={IEEE Transactions on Neural Networks and Learning Systems},
  year={2023},
  publisher={IEEE}
}
@InProceedings{Wang_2023_ICCV,
    author    = {Wang, Ziqing and Fang, Yuetong and Cao, Jiahang and Zhang, Qiang and Wang, Zhongrui and Xu, Renjing},
    title     = {Masked Spiking Transformer},
    booktitle = {Proceedings of the IEEE/CVF International Conference on Computer Vision (ICCV)},
    month     = {October},
    year      = {2023},
    pages     = {1761-1771}
}
@InProceedings{Shi_2024_CVPR,
    author    = {Shi, Xinyu and Hao, Zecheng and Yu, Zhaofei},
    title     = {SpikingResformer: Bridging ResNet and Vision Transformer in Spiking Neural Networks},
    booktitle = {Proceedings of the IEEE/CVF Conference on Computer Vision and Pattern Recognition (CVPR)},
    month     = {June},
    year      = {2024},
    pages     = {5610-5619}
}
@article{Wang_Zhang_Han_Wang_Zhang_Xu_2023, title={Complex Dynamic Neurons Improved Spiking Transformer Network for Efficient Automatic Speech Recognition}, volume={37}, url={https://ojs.aaai.org/index.php/AAAI/article/view/25081}, DOI={10.1609/aaai.v37i1.25081}, abstractNote={The spiking neural network (SNN) using leaky-integrated-and-fire (LIF) neurons has been commonly used in automatic speech recognition (ASR) tasks. However, the LIF neuron is still relatively simple compared to that in the biological brain. Further research on more types of neurons with different scales of neuronal dynamics is necessary. Here we introduce four types of neuronal dynamics to post-process the sequential patterns generated from the spiking transformer to get the complex dynamic neuron improved spiking transformer neural network (DyTr-SNN). We found that the DyTr-SNN could handle the non-toy automatic speech recognition task well, representing a lower phoneme error rate, lower computational cost, and higher robustness. These results indicate that the further cooperation of SNNs and neural dynamics at the neuron and network scales might have much in store for the future, especially on the ASR tasks.}, number={1}, journal={Proceedings of the AAAI Conference on Artificial Intelligence}, author={Wang, Qingyu and Zhang, Tielin and Han, Minglun and Wang, Yi and Zhang, Duzhen and Xu, Bo}, year={2023}, month={Jun.}, pages={102-109} }
@ARTICLE{10586833,
  author={Yu, Lixing and Chen, Hanqi and Wang, Ziming and Zhan, Shaojie and Shao, Jiankun and Liu, Qingjie and Xu, Shu},
  journal={IEEE Transactions on Cognitive and Developmental Systems}, 
  title={SpikingViT: a Multi-scale Spiking Vision Transformer Model for Event-based Object Detection}, 
  year={2024},
  volume={},
  number={},
  pages={1-17},
  keywords={Object detection;Transformers;Cameras;Feature extraction;Data mining;Voltage control;Task analysis;Object Detection;DVS Data Converting;Spiking Transformer;Residual Voltage Memory},
  doi={10.1109/TCDS.2024.3422873}}
@article{qiao2015reconfigurable,
  title={A reconfigurable on-line learning spiking neuromorphic processor comprising 256 neurons and 128K synapses},
  author={Qiao, Ning and Mostafa, Hesham and Corradi, Federico and Osswald, Marc and Stefanini, Fabio and Sumislawska, Dora and Indiveri, Giacomo},
  journal={Frontiers in neuroscience},
  volume={9},
  pages={141},
  year={2015},
  publisher={Frontiers Media SA}
}
@article{Zhou2022SpikformerWS,
  title={Spikformer: When Spiking Neural Network Meets Transformer},
  author={Zhaokun Zhou and Yuesheng Zhu and Chao He and Yaowei Wang and Shuicheng Yan and Yonghong Tian and Liuliang Yuan},
  journal={ArXiv},
  year={2022},
  volume={abs/2209.15425},
  url={https://api.semanticscholar.org/CorpusID:252668422}
}
@article{yao2024spike,
  title={Spike-driven transformer},
  author={Yao, Man and Hu, Jiakui and Zhou, Zhaokun and Yuan, Li and Tian, Yonghong and Xu, Bo and Li, Guoqi},
  journal={Advances in neural information processing systems},
  volume={36},
  year={2024}
}
@article{yao2024spikev2,
  title={Spike-driven transformer v2: Meta spiking neural network architecture inspiring the design of next-generation neuromorphic chips},
  author={Yao, Man and Hu, Jiakui and Hu, Tianxiang and Xu, Yifan and Zhou, Zhaokun and Tian, Yonghong and Xu, Bo and Li, Guoqi},
  journal={arXiv preprint arXiv:2404.03663},
  year={2024}
}
@inproceedings{
yao2024spikedriven,
title={Spike-driven Transformer V2: Meta Spiking Neural Network Architecture Inspiring the Design of Next-generation Neuromorphic Chips},
author={Man Yao and JiaKui Hu and Tianxiang Hu and Yifan Xu and Zhaokun Zhou and Yonghong Tian and Bo XU and Guoqi Li},
booktitle={The Twelfth International Conference on Learning Representations},
year={2024},
url={https://openreview.net/forum?id=1SIBN5Xyw7}
}
@article{merity2016pointer,
  title={Pointer sentinel mixture models},
  author={Merity, Stephen and Xiong, Caiming and Bradbury, James and Socher, Richard},
  journal={arXiv preprint arXiv:1609.07843},
  year={2016}
}
@article{wang2018glue,
  title={GLUE: A multi-task benchmark and analysis platform for natural language understanding},
  author={Wang, Alex and Singh, Amanpreet and Michael, Julian and Hill, Felix and Levy, Omer and Bowman, Samuel R},
  journal={arXiv preprint arXiv:1804.07461},
  year={2018}
}
@inproceedings{hussain2023information,
  title={The information pathways hypothesis: Transformers are dynamic self-ensembles},
  author={Hussain,Md Shamim },
  booktitle={Proceedings of the 29th ACM SIGKDD Conference on Knowledge Discovery and Data Mining},
  pages={810--821},
  year={2023}
}
@misc{mahoney2011large,
  title={Large text compression benchmark},
  author={Mahoney, Matt},
  year={2011}
}
@misc{lozhkov2024fineweb-edu,
  author = {Lozhkov, Anton and Ben Allal, Loubna and von Werra, Leandro and Wolf, Thomas},
  title = {FineWeb-Edu},
  month = May,
  year = 2024,
  doi = { 10.57967/hf/2497 },
  url = {https://huggingface.co/datasets/HuggingFaceFW/fineweb-edu}
}
@misc{lv2024spikebertlanguagespikformerlearned,
      title={SpikeBERT: A Language Spikformer Learned from BERT with Knowledge Distillation}, 
      author={Changze Lv and Tianlong Li and Jianhan Xu and Chenxi Gu and Zixuan Ling and Cenyuan Zhang and Xiaoqing Zheng and Xuanjing Huang},
      year={2024},
      eprint={2308.15122},
      archivePrefix={arXiv},
      primaryClass={cs.CL},
      url={https://arxiv.org/abs/2308.15122}, 
}
@inproceedings{shi2024spikingresformer,
  title={SpikingResformer: Bridging ResNet and Vision Transformer in Spiking Neural Networks},
  author={Shi, Xinyu and Hao, Zecheng and Yu, Zhaofei},
  booktitle={Proceedings of the IEEE/CVF Conference on Computer Vision and Pattern Recognition},
  pages={5610--5619},
  year={2024}
}
@article{zenke2021remarkable,
  title={The remarkable robustness of surrogate gradient learning for instilling complex function in spiking neural networks},
  author={Zenke, Friedemann and Vogels, Tim P},
  journal={Neural computation},
  volume={33},
  number={4},
  pages={899--925},
  year={2021},
  publisher={MIT Press One Rogers Street, Cambridge, MA 02142-1209, USA journals-info~…}
}
@inproceedings{Li2022EfficientAA,
  title={Efficient and Accurate Conversion of Spiking Neural Network with Burst Spikes},
  author={Yang Li and Yi Zeng},
  booktitle={International Joint Conference on Artificial Intelligence},
  year={2022},
  url={https://api.semanticscholar.org/CorpusID:248426984}
}
@article{Wolf2019HuggingFacesTS,
  title={HuggingFace's Transformers: State-of-the-art Natural Language Processing},
  author={Thomas Wolf and Lysandre Debut and Victor Sanh and Julien Chaumond and Clement Delangue and Anthony Moi and Pierric Cistac and Tim Rault and R{\'e}mi Louf and Morgan Funtowicz and Joe Davison and Sam Shleifer and Patrick von Platen and Clara Ma and Yacine Jernite and Julien Plu and Canwen Xu and Teven Le Scao and Sylvain Gugger and Mariama Drame and Quentin Lhoest and Alexander M. Rush},
  journal={ArXiv},
  year={2019},
  volume={abs/1910.03771},
  url={https://api.semanticscholar.org/CorpusID:268093756}
}
@article{Wu2017SpatioTemporalBF,
  title={Spatio-Temporal Backpropagation for Training High-Performance Spiking Neural Networks},
  author={Yujie Wu and Lei Deng and Guoqi Li and Jun Zhu and Luping Shi},
  journal={Frontiers in Neuroscience},
  year={2017},
  volume={12},
  url={https://api.semanticscholar.org/CorpusID:6446489}
}
@article{Lee2016TrainingDS,
  title={Training Deep Spiking Neural Networks Using Backpropagation},
  author={Junhaeng Lee and Tobi Delbr{\"u}ck and Michael Pfeiffer},
  journal={Frontiers in Neuroscience},
  year={2016},
  volume={10},
  url={https://api.semanticscholar.org/CorpusID:2882718}
}
@inproceedings{lian2023learnable,
  title={Learnable Surrogate Gradient for Direct Training Spiking Neural Networks.},
  author={Lian, Shuang and Shen, Jiangrong and Liu, Qianhui and Wang, Ziming and Yan, Rui and Tang, Huajin},
  booktitle={IJCAI},
  pages={3002--3010},
  year={2023}
}
@article{yao2024spikeChip,
  title={Spike-based dynamic computing with asynchronous sensing-computing neuromorphic chip},
  author={Yao, Man and Richter, Ole and Zhao, Guangshe and Qiao, Ning and Xing, Yannan and Wang, Dingheng and Hu, Tianxiang and Fang, Wei and Demirci, Tugba and De Marchi, Michele and others},
  journal={Nature Communications},
  volume={15},
  number={1},
  pages={4464},
  year={2024},
  publisher={Nature Publishing Group UK London}
}
@inproceedings{shi2024spikingresformer,
  title={SpikingResformer: Bridging ResNet and Vision Transformer in Spiking Neural Networks},
  author={Shi, Xinyu and Hao, Zecheng and Yu, Zhaofei},
  booktitle={Proceedings of the IEEE/CVF Conference on Computer Vision and Pattern Recognition},
  pages={5610--5619},
  year={2024}
}
@inproceedings{li2023motion,
  title={Motion-decoupled spiking transformer for audio-visual zero-shot learning},
  author={Li, Wenrui and Zhao, Xi-Le and Ma, Zhengyu and Wang, Xingtao and Fan, Xiaopeng and Tian, Yonghong},
  booktitle={Proceedings of the 31st ACM International Conference on Multimedia},
  pages={3994--4002},
  year={2023}
}
@article{xing2024spikelm,
  title={SpikeLM: Towards General Spike-Driven Language Modeling via Elastic Bi-Spiking Mechanisms},
  author={Xing, Xingrun and Zhang, Zheng and Ni, Ziyi and Xiao, Shitao and Ju, Yiming and Fan, Siqi and Wang, Yequan and Zhang, Jiajun and Li, Guoqi},
  journal={arXiv preprint arXiv:2406.03287},
  year={2024}
}
@inproceedings{subramanian2018learning,
  title={Learning General Purpose Distributed Sentence Representations via Large Scale Multi-task Learning},
  author={Subramanian, Sandeep and Trischler, Adam and Bengio, Yoshua and Pal, Christopher J},
  booktitle={International Conference on Learning Representations},
  year={2018}
}
@article{zhang2022opt,
  title={Opt: Open pre-trained transformer language models},
  author={Zhang, Susan and Roller, Stephen and Goyal, Naman and Artetxe, Mikel and Chen, Moya and Chen, Shuohui and Dewan, Christopher and Diab, Mona and Li, Xian and Lin, Xi Victoria and others},
  journal={arXiv preprint arXiv:2205.01068},
  year={2022}
}
@article{zhu2023minigpt,
  title={Minigpt-4: Enhancing vision-language understanding with advanced large language models},
  author={Zhu, Deyao and Chen, Jun and Shen, Xiaoqian and Li, Xiang and Elhoseiny, Mohamed},
  journal={arXiv preprint arXiv:2304.10592},
  year={2023}
}
@article{bai2023qwen,
  title={Qwen-vl: A versatile vision-language model for understanding, localization, text reading, and beyond},
  author={Bai, Jinze and Bai, Shuai and Yang, Shusheng and Wang, Shijie and Tan, Sinan and Wang, Peng and Lin, Junyang and Zhou, Chang and Zhou, Jingren},
  journal={arXiv preprint arXiv:2308.12966},
  volume={1},
  number={2},
  pages={3},
  year={2023}
}
@article{liu2024visual,
  title={Visual instruction tuning},
  author={Liu, Haotian and Li, Chunyuan and Wu, Qingyang and Lee, Yong Jae},
  journal={Advances in neural information processing systems},
  volume={36},
  year={2024}
}
@article{beyer2024paligemma,
  title={Paligemma: A versatile 3b vlm for transfer},
  author={Beyer, Lucas and Steiner, Andreas and Pinto, Andr{\'e} Susano and Kolesnikov, Alexander and Wang, Xiao and Salz, Daniel and Neumann, Maxim and Alabdulmohsin, Ibrahim and Tschannen, Michael and Bugliarello, Emanuele and others},
  journal={arXiv preprint arXiv:2407.07726},
  year={2024}
}
@article{sonoda2024diagnostic,
  title={Diagnostic performances of GPT-4o, Claude 3 Opus, and Gemini 1.5 pro in “diagnosis please” cases},
  author={Sonoda, Yuki and Kurokawa, Ryo and Nakamura, Yuta and Kanzawa, Jun and Kurokawa, Mariko and Ohizumi, Yuji and Gonoi, Wataru and Abe, Osamu},
  journal={Japanese journal of radiology},
  pages={1--5},
  year={2024},
  publisher={Springer}
}

@inproceedings{song2024one,
  title={One-step spiking transformer with a linear complexity},
  author={Song, Xiaotian and Song, Andy and Xiao, Rong and Sun, Yanan},
  booktitle={Proceedings of the Thirty-Third International Joint Conference on Artificial Intelligence},
  pages={3142--3150},
  year={2024}
}
@article{li2024error,
  title={Error-Aware Conversion from ANN to SNN via Post-training Parameter Calibration},
  author={Li, Yuhang and Deng, Shikuang and Dong, Xin and Gu, Shi},
  journal={International Journal of Computer Vision},
  pages={1--24},
  year={2024},
  publisher={Springer}
}
@article{yang2022training,
  title={Training spiking neural networks with local tandem learning},
  author={Yang, Qu and Wu, Jibin and Zhang, Malu and Chua, Yansong and Wang, Xinchao and Li, Haizhou},
  journal={Advances in Neural Information Processing Systems},
  volume={35},
  pages={12662--12676},
  year={2022}
}
@inproceedings{han2020deep,
  title={Deep spiking neural network: Energy efficiency through time based coding},
  author={Han, Bing and Roy, Kaushik},
  booktitle={European conference on computer vision},
  pages={388--404},
  year={2020},
  organization={Springer}
}
@article{dubey2024llama,
  title={The llama 3 herd of models},
  author={Dubey, Abhimanyu and Jauhri, Abhinav and Pandey, Abhinav and Kadian, Abhishek and Al-Dahle, Ahmad and Letman, Aiesha and Mathur, Akhil and Schelten, Alan and Yang, Amy and Fan, Angela and others},
  journal={arXiv preprint arXiv:2407.21783},
  year={2024}
}
@article{liu2024deepseek,
  title={Deepseek-v3 technical report},
  author={Liu, Aixin and Feng, Bei and Xue, Bing and Wang, Bingxuan and Wu, Bochao and Lu, Chengda and Zhao, Chenggang and Deng, Chengqi and Zhang, Chenyu and Ruan, Chong and others},
  journal={arXiv preprint arXiv:2412.19437},
  year={2024}
}