@inproceedings{belkhale2022balancing,
  title={Balancing efficiency and comfort in robot-assisted bite transfer},
  author={Belkhale, Suneel and Gordon, Ethan K and Chen, Yuxiao and Srinivasa, Siddhartha and Bhattacharjee, Tapomayukh and Sadigh, Dorsa},
  booktitle={2022 International Conference on Robotics and Automation (ICRA)},
  pages={4757--4763},
  year={2022},
  organization={IEEE}
}

@inproceedings{gordon2024adaptable,
  title={An adaptable, safe, and portable robot-assisted feeding system},
  author={Gordon, Ethan K and Jenamani, Rajat Kumar and Nanavati, Amal and Liu, Ziang and Stabile, Daniel and Dai, Xilai and Bhattacharjee, Tapomayukh and Schrenk, Tyler and Ko, Jonathan and Bolotski, Haya and others},
  booktitle={Companion of the 2024 ACM/IEEE International Conference on Human-Robot Interaction},
  pages={74--76},
  year={2024}
}

@inproceedings{hamad2023concise,
  title={A Concise Overview of Safety Aspects in Human-Robot Interaction},
  author={Hamad, Mazin and Nertinger, Simone and Kirschner, Robin J and Figueredo, Luis and Naceri, Abdeldjallil and Haddadin, Sami},
  booktitle={International Workshop on Human-Friendly Robotics},
  pages={1--18},
  year={2023},
  organization={Springer}
}

@inproceedings{jenamani2024feel,
  title={Feel the Bite: Robot-Assisted Inside-Mouth Bite Transfer using Robust Mouth Perception and Physical Interaction-Aware Control},
  author={Jenamani, Rajat Kumar and Stabile, Daniel and Liu, Ziang and Anwar, Abrar and Dimitropoulou, Katherine and Bhattacharjee, Tapomayukh},
  booktitle={Proceedings of the 2024 ACM/IEEE International Conference on Human-Robot Interaction},
  pages={313--322},
  year={2024}
}

@article{keely2024kiri,
  title={Kiri-Spoon: A soft shape-changing utensil for robot-assisted feeding},
  author={Keely, Maya N and Nemlekar, Heramb and Losey, Dylan P},
  journal={arXiv preprint arXiv:2403.05784},
  year={2024}
}

@inproceedings{lasota2014toward,
  title={Toward safe close-proximity human-robot interaction with standard industrial robots},
  author={Lasota, Przemyslaw A and Rossano, Gregory F and Shah, Julie A},
  booktitle={2014 IEEE international conference on Automation science and engineering (CASE)},
  pages={339--344},
  year={2014},
  organization={IEEE}
}

@article{lasota2015analyzing,
  title={Analyzing the effects of human-aware motion planning on close-proximity human--robot collaboration},
  author={Lasota, Przemyslaw A and Shah, Julie A},
  journal={Human factors},
  volume={57},
  number={1},
  pages={21--33},
  year={2015},
  publisher={Sage Publications Sage CA: Los Angeles, CA}
}

@inproceedings{madan2022sparcs,
  title={Sparcs: Structuring physically assistive robotics for caregiving with stakeholders-in-the-loop},
  author={Madan, Rishabh and Jenamani, Rajat Kumar and Nguyen, Vy Thuy and Moustafa, Ahmed and Hu, Xuefeng and Dimitropoulou, Katherine and Bhattacharjee, Tapomayukh},
  booktitle={2022 IEEE/RSJ International Conference on Intelligent Robots and Systems (IROS)},
  pages={641--648},
  year={2022},
  organization={IEEE}
}

@article{park2020active,
  title={Active robot-assisted feeding with a general-purpose mobile manipulator: Design, evaluation, and lessons learned},
  author={Park, Daehyung and Hoshi, Yuuna and Mahajan, Harshal P and Kim, Ho Keun and Erickson, Zackory and Rogers, Wendy A and Kemp, Charles C},
  journal={Robotics and Autonomous Systems},
  volume={124},
  pages={103344},
  year={2020},
  publisher={Elsevier}
}

@inproceedings{shaikewitz2023mouth,
  title={In-mouth robotic bite transfer with visual and haptic sensing},
  author={Shaikewitz, Lorenzo and Wu, Yilin and Belkhale, Suneel and Grannen, Jennifer and Sundaresan, Priya and Sadigh, Dorsa},
  booktitle={2023 IEEE International Conference on Robotics and Automation (ICRA)},
  pages={9885--9895},
  year={2023},
  organization={IEEE}
}

@article{zhao2019walking,
  title={Walking assist robot: A novel non-contact abnormal gait recognition approach based on extended set membership filter},
  author={Zhao, Donghui and Yang, Junyou and Okoye, Martin Onyeka and Wang, Shuoyu},
  journal={IEEE Access},
  volume={7},
  pages={76741--76753},
  year={2019},
  publisher={IEEE}
}

