# HOW TO ADD REFERENCES:
# Find the paper on google scholar -> Cite -> Bibtex
# Copy and paste it in here

# Feeding systems
####################################

@inproceedings{gordon2024adaptable,
  title={An adaptable, safe, and portable robot-assisted feeding system},
  author={Gordon, Ethan K and Jenamani, Rajat Kumar and Nanavati, Amal and Liu, Ziang and Stabile, Daniel and Dai, Xilai and Bhattacharjee, Tapomayukh and Schrenk, Tyler and Ko, Jonathan and Bolotski, Haya and others},
  booktitle={Companion of the 2024 ACM/IEEE International Conference on Human-Robot Interaction},
  pages={74--76},
  year={2024}
}
@article{park2020active,
  title={Active robot-assisted feeding with a general-purpose mobile manipulator: Design, evaluation, and lessons learned},
  author={Park, Daehyung and Hoshi, Yuuna and Mahajan, Harshal P and Kim, Ho Keun and Erickson, Zackory and Rogers, Wendy A and Kemp, Charles C},
  journal={Robotics and Autonomous Systems},
  volume={124},
  pages={103344},
  year={2020},
  publisher={Elsevier}
}
# Bite transfer
###############
@inproceedings{gallenberger2019transfer,
  title={Transfer depends on acquisition: Analyzing manipulation strategies for robotic feeding},
  author={Gallenberger, Daniel and Bhattacharjee, Tapomayukh and Kim, Youngsun and Srinivasa, Siddhartha S},
  booktitle={2019 14th ACM/IEEE International Conference on Human-Robot Interaction (HRI)},
  pages={267--276},
  year={2019},
  organization={IEEE}
}

@inproceedings{belkhale2022balancing,
  title={Balancing efficiency and comfort in robot-assisted bite transfer},
  author={Belkhale, Suneel and Gordon, Ethan K and Chen, Yuxiao and Srinivasa, Siddhartha and Bhattacharjee, Tapomayukh and Sadigh, Dorsa},
  booktitle={2022 International Conference on Robotics and Automation (ICRA)},
  pages={4757--4763},
  year={2022},
  organization={IEEE}
}

@inproceedings{shaikewitz2023mouth,
  title={In-mouth robotic bite transfer with visual and haptic sensing},
  author={Shaikewitz, Lorenzo and Wu, Yilin and Belkhale, Suneel and Grannen, Jennifer and Sundaresan, Priya and Sadigh, Dorsa},
  booktitle={2023 IEEE International Conference on Robotics and Automation (ICRA)},
  pages={9885--9895},
  year={2023},
  organization={IEEE}
}

@inproceedings{jenamani2024feel,
  title={Feel the Bite: Robot-Assisted Inside-Mouth Bite Transfer using Robust Mouth Perception and Physical Interaction-Aware Control},
  author={Jenamani, Rajat Kumar and Stabile, Daniel and Liu, Ziang and Anwar, Abrar and Dimitropoulou, Katherine and Bhattacharjee, Tapomayukh},
  booktitle={Proceedings of the 2024 ACM/IEEE International Conference on Human-Robot Interaction},
  pages={313--322},
  year={2024}
}

@inproceedings{madan2022sparcs,
  title={Sparcs: Structuring physically assistive robotics for caregiving with stakeholders-in-the-loop},
  author={Madan, Rishabh and Jenamani, Rajat Kumar and Nguyen, Vy Thuy and Moustafa, Ahmed and Hu, Xuefeng and Dimitropoulou, Katherine and Bhattacharjee, Tapomayukh},
  booktitle={2022 IEEE/RSJ International Conference on Intelligent Robots and Systems (IROS)},
  pages={641--648},
  year={2022},
  organization={IEEE}
}

@article{keely2024kiri,
  title={Kiri-Spoon: A soft shape-changing utensil for robot-assisted feeding},
  author={Keely, Maya N and Nemlekar, Heramb and Losey, Dylan P},
  journal={arXiv preprint arXiv:2403.05784},
  year={2024}
}

# Safety
#########
@inproceedings{hamad2023concise,
  title={A Concise Overview of Safety Aspects in Human-Robot Interaction},
  author={Hamad, Mazin and Nertinger, Simone and Kirschner, Robin J and Figueredo, Luis and Naceri, Abdeldjallil and Haddadin, Sami},
  booktitle={International Workshop on Human-Friendly Robotics},
  pages={1--18},
  year={2023},
  organization={Springer}
}

@article{zhao2023research,
  title={Research status of elderly-care robots and safe human-robot interaction methods},
  author={Zhao, Donghui and Sun, Xingwang and Shan, Bo and Yang, Zihao and Yang, Junyou and Liu, Houde and Jiang, Yinlai and Hiroshi, Yokoi},
  journal={Frontiers in Neuroscience},
  volume={17},
  pages={1291682},
  year={2023},
  publisher={Frontiers Media SA}
}

@inproceedings{lasota2014toward,
  title={Toward safe close-proximity human-robot interaction with standard industrial robots},
  author={Lasota, Przemyslaw A and Rossano, Gregory F and Shah, Julie A},
  booktitle={2014 IEEE international conference on Automation science and engineering (CASE)},
  pages={339--344},
  year={2014},
  organization={IEEE}
}

@article{lasota2015analyzing,
  title={Analyzing the effects of human-aware motion planning on close-proximity human--robot collaboration},
  author={Lasota, Przemyslaw A and Shah, Julie A},
  journal={Human factors},
  volume={57},
  number={1},
  pages={21--33},
  year={2015},
  publisher={Sage Publications Sage CA: Los Angeles, CA}
}

@article{zhao2019walking,
  title={Walking assist robot: A novel non-contact abnormal gait recognition approach based on extended set membership filter},
  author={Zhao, Donghui and Yang, Junyou and Okoye, Martin Onyeka and Wang, Shuoyu},
  journal={IEEE Access},
  volume={7},
  pages={76741--76753},
  year={2019},
  publisher={IEEE}
}

# Methodology
##############
@manual{ISO15066,
  title        = {ISO 15066 Robots and robotic devices—Collaborative robots},
  year         = {2016},
  organization = {International Organization for Standardization},
}


@article{han2022assessment,
  title={Assessment of pain onset and maximum bearable pain thresholds in physical contact situations},
  author={Han, Doyeon and Park, Moonyoung and Choi, Junsuk and Shin, Heonseop and Kim, Donghwan and Rhim, Sungsoo},
  journal={Sensors},
  volume={22},
  number={8},
  pages={2996},
  year={2022},
  publisher={MDPI}
}

@book{gibson2021additive,
  title={Additive manufacturing technologies},
  author={Gibson, Ian and Rosen, David W and Stucker, Brent and Khorasani, Mahyar and Rosen, David and Stucker, Brent and Khorasani, Mahyar},
  volume={17},
  year={2021},
  publisher={Springer}
}

@article{forster2015materials,
  title={Materials testing standards for additive manufacturing of polymer materials: state of the art and standards applicability},
  author={Forster, Aaron M and Forster, Aaron M},
  year={2015},
  publisher={US Department of Commerce, National Institute of Standards and Technology~…}
}

@article{kelecs2017effect,
  title={Effect of build orientation on the mechanical reliability of 3D printed ABS},
  author={Kele{\c{s}}, {\"O}zg{\"u}r and Blevins, Caleb Wayne and Bowman, Keith J},
  journal={Rapid Prototyping Journal},
  volume={23},
  number={2},
  pages={320--328},
  year={2017},
  publisher={Emerald Publishing Limited}
}

@article{kovan2017effect,
  title={Effect of layer thickness and print orientation on strength of 3D printed and adhesively bonded single lap joints},
  author={Kovan, Volkan and Altan, Gurkan and Topal, Eyup Sabri},
  journal={Journal of Mechanical Science and Technology},
  volume={31},
  pages={2197--2201},
  year={2017},
  publisher={Springer}
}

@article{abbot2019finite,
  title={Finite element analysis of 3D printed model via compression tests},
  author={Abbot, DW and Kallon, DVV and Anghel, C and Dube, P},
  journal={Procedia Manufacturing},
  volume={35},
  pages={164--173},
  year={2019},
  publisher={Elsevier}
}