
% Journals

% First the Full Name is given, then the abbreviation used in the AMS Math
% Reviews, with an indication if it could not be found there.
% Note the 2nd overwrites the 1st, so swap them if you want the full name.

 %{AMS}
 @String{AMSTrans = "American Mathematical Society Translations" }
 @String{AMSTrans = "Amer. Math. Soc. Transl." }
 @String{BullAMS = "Bulletin of the American Mathematical Society" }
 @String{BullAMS = "Bull. Amer. Math. Soc." }
 @String{ProcAMS = "Proceedings of the American Mathematical Society" }
 @String{ProcAMS = "Proc. Amer. Math. Soc." }
 @String{TransAMS = "Transactions of the American Mathematical Society" }
 @String{TransAMS = "Trans. Amer. Math. Soc." }

 %ACM
 @String{CACM = "Communications of the {ACM}" }
 @String{CACM = "Commun. {ACM}" }
 @String{CompServ = "Comput. Surveys" }
 @String{JACM = "J. ACM" }
 @String{ACMMathSoft = "{ACM} Transactions on Mathematical Software" }
 @String{ACMMathSoft = "{ACM} Trans. Math. Software" }
 @String{SIGNUM = "{ACM} {SIGNUM} Newsletter" }
 @String{SIGNUM = "{ACM} {SIGNUM} Newslett." }

 @String{AmerSocio = "American Journal of Sociology" }
 @String{AmerStatAssoc = "Journal of the American Statistical Association" }
 @String{AmerStatAssoc = "J. Amer. Statist. Assoc." }
 @String{ApplMathComp = "Applied Mathematics and Computation" }
 @String{ApplMathComp = "Appl. Math. Comput." }
 @String{AmerMathMonthly = "American Mathematical Monthly" }
 @String{AmerMathMonthly = "Amer. Math. Monthly" }
 @String{BIT = "{BIT}" }
 @String{BritStatPsych = "British Journal of Mathematical and Statistical
          Psychology" }
 @String{BritStatPsych = "Brit. J. Math. Statist. Psych." }
 @String{CanMathBull = "Canadian Mathematical Bulletin" }
 @String{CanMathBull = "Canad. Math. Bull." }
 @String{CompApplMath = "Journal of Computational and Applied Mathematics" }
 @String{CompApplMath = "J. Comput. Appl. Math." }
 @String{CompPhys = "Journal of Computational Physics" }
 @String{CompPhys = "J. Comput. Phys." }
 @String{CompStruct = "Computers and Structures" }
 @String{CompStruct = "Comput. \& Structures" }
 @String{CompJour = "The Computer Journal" }
 @String{CompJour = "Comput. J." }
 @String{CompSysSci = "Journal of Computer and System Sciences" }
 @String{CompSysSci = "J. Comput. System Sci." }
 @String{Computing = "Computing" }
 @String{ContempMath = "Contemporary Mathematics" }
 @String{ContempMath = "Contemp. Math." }
 @String{Crelle = "Crelle's Journal" }
 @String{GiornaleMath = "Giornale di Mathematiche" }
 @String{GiornaleMath = "Giorn. Mat." } % didn't find in AMS MR., ibid.

 %IEEE
 @String{Computer = "{IEEE} Computer" }
 @String{IEEETransComp = "{IEEE} Transactions on Computers" }
 @String{IEEETransComp = "{IEEE} Trans. Comput." }
 @String{IEEETransAC = "{IEEE} Transactions on Automatic Control" }
 @String{IEEETransAC = "{IEEE} Trans. Automat. Control" }
 @String{IEEESpec = "{IEEE} Spectrum" } % didn't find in AMS MR
 @String{ProcIEEE = "Proceedings of the {IEEE}" }
 @String{ProcIEEE = "Proc. {IEEE}" } % didn't find in AMS MR
 @String{IEEETransAeroElec = "{IEEE} Transactions on Aerospace and Electronic
     Systems" }
 @String{IEEETransAeroElec = "{IEEE} Trans. Aerospace Electron. Systems" }

 @String{IMANumerAna = "{IMA} Journal of Numerical Analysis" }
 @String{IMANumerAna = "{IMA} J. Numer. Anal." }
 @String{InfProcLet = "Information Processing Letters" }
 @String{InfProcLet = "Inform. Process. Lett." }
 @String{InstMathApp = "Journal of the Institute of Mathematics and
     its Applications" }
 @String{InstMathApp = "J. Inst. Math. Appl." }
 @String{IntControl = "International Journal of Control" }
 @String{IntControl = "Internat. J. Control" }
 @String{IntNumerEng = "International Journal for Numerical Methods in
     Engineering" }
 @String{IntNumerEng = "Internat. J. Numer. Methods Engrg." }
 @String{IntSuper = "International Journal of Supercomputing Applications" }
 @String{IntSuper = "Internat. J. Supercomputing Applic." } % didn't find
%% in AMS MR
 @String{Kibernetika = "Kibernetika" }
 @String{JResNatBurStand = "Journal of Research of the National Bureau
     of Standards" }
 @String{JResNatBurStand = "J. Res. Nat. Bur. Standards" }
 @String{LinAlgApp = "Linear Algebra and its Applications" }
 @String{LinAlgApp = "Linear Algebra Appl." }
 @String{MathAnaAppl = "Journal of Mathematical Analysis and Applications" }
 @String{MathAnaAppl = "J. Math. Anal. Appl." }
 @String{MathAnnalen = "Mathematische Annalen" }
 @String{MathAnnalen = "Math. Ann." }
 @String{MathPhys = "Journal of Mathematical Physics" }
 @String{MathPhys = "J. Math. Phys." }
 @String{MathComp = "Mathematics of Computation" }
 @String{MathComp = "Math. Comp." }
 @String{MathScand = "Mathematica Scandinavica" }
 @String{MathScand = "Math. Scand." }
 @String{TablesAidsComp = "Mathematical Tables and Other Aids to Computation" }
 @String{TablesAidsComp = "Math. Tables Aids Comput." }
 @String{NumerMath = "Numerische Mathematik" }
 @String{NumerMath = "Numer. Math." }
 @String{PacificMath = "Pacific Journal of Mathematics" }
 @String{PacificMath = "Pacific J. Math." }
 @String{ParDistComp = "Journal of Parallel and Distributed Computing" }
 @String{ParDistComp = "J. Parallel and Distrib. Comput." } % didn't find
%% in AMS MR
 @String{ParComputing = "Parallel Computing" }
 @String{ParComputing = "Parallel Comput." }
 @String{PhilMag = "Philosophical Magazine" }
 @String{PhilMag = "Philos. Mag." }
 @String{ProcNAS = "Proceedings of the National Academy of Sciences
                    of the USA" }
 @String{ProcNAS = "Proc. Nat. Acad. Sci. U. S. A." }
 @String{Psychometrika = "Psychometrika" }
 @String{QuartMath = "Quarterly Journal of Mathematics, Oxford, Series (2)" }
 @String{QuartMath = "Quart. J. Math. Oxford Ser. (2)" }
 @String{QuartApplMath = "Quarterly of Applied Mathematics" }
 @String{QuartApplMath = "Quart. Appl. Math." }
 @String{RevueInstStat = "Review of the International Statisical Institute" }
 @String{RevueInstStat = "Rev. Inst. Internat. Statist." }

 %SIAM
 @String{JSIAM = "Journal of the Society for Industrial and Applied
     Mathematics" }
 @String{JSIAM = "J. Soc. Indust. Appl. Math." }
 @String{JSIAMB = "Journal of the Society for Industrial and Applied
     Mathematics, Series B, Numerical Analysis" }
 @String{JSIAMB = "J. Soc. Indust. Appl. Math. Ser. B Numer. Anal." }
 @String{SIAMAlgMeth = "{SIAM} Journal on Algebraic and Discrete Methods" }
 @String{SIAMAlgMeth = "{SIAM} J. Algebraic Discrete Methods" }
 @String{SIAMAppMath = "{SIAM} Journal on Applied Mathematics" }
 @String{SIAMAppMath = "{SIAM} J. Appl. Math." }
 @String{SIAMComp = "{SIAM} Journal on Computing" }
 @String{SIAMComp = "{SIAM} J. Comput." }
 @String{SIAMMatrix = "{SIAM} Journal on Matrix Analysis and Applications" }
 @String{SIAMMatrix = "{SIAM} J. Matrix Anal. Appl." }
 @String{SIAMNumAnal = "{SIAM} Journal on Numerical Analysis" }
 @String{SIAMNumAnal = "{SIAM} J. Numer. Anal." }
 @String{SIAMReview = "{SIAM} Review" }
 @String{SIAMReview = "{SIAM} Rev." }
 @String{SIAMSciStat = "{SIAM} Journal on Scientific and Statistical
     Computing" }
 @String{SIAMSciStat = "{SIAM} J. Sci. Statist. Comput." }

 @String{SoftPracExp = "Software Practice and Experience" }
 @String{SoftPracExp = "Software Prac. Experience" } % didn't find in AMS MR
 @String{StatScience = "Statistical Science" }
 @String{StatScience = "Statist. Sci." }
 @String{Techno = "Technometrics" }
 @String{USSRCompMathPhys = "{USSR} Computational Mathematics and Mathematical
     Physics" }
 @String{USSRCompMathPhys = "{U. S. S. R.} Comput. Math. and Math. Phys." }
 @String{VLSICompSys = "Journal of {VLSI} and Computer Systems" }
 @String{VLSICompSys = "J. {VLSI} Comput. Syst." }
 @String{ZAngewMathMech = "Zeitschrift fur Angewandte Mathematik und
     Mechanik" }
 @String{ZAngewMathMech = "Z. Angew. Math. Mech." }
 @String{ZAngewMathPhys = "Zeitschrift fur Angewandte Mathematik und Physik" }
 @String{ZAngewMathPhys = "Z. Angew. Math. Phys." }

% Publishers % ================================================= |

 @String{Academic = "Academic Press" }
 @String{ACMPress = "{ACM} Press" }
 @String{AdamHilger = "Adam Hilger" }
 @String{AddisonWesley = "Addison-Wesley" }
 @String{AllynBacon = "Allyn and Bacon" }
 @String{AMS = "American Mathematical Society" }
 @String{Birkhauser = "Birkha{\"u}ser" }
 @String{CambridgePress = "Cambridge University Press" }
 @String{Chelsea = "Chelsea" }
 @String{ClaredonPress = "Claredon Press" }
 @String{DoverPub = "Dover Publications" }
 @String{Eyolles = "Eyolles" }
 @String{HoltRinehartWinston = "Holt, Rinehart and Winston" }
 @String{Interscience = "Interscience" }
 @String{JohnsHopkinsPress = "The Johns Hopkins University Press" }
 @String{JohnWileySons = "John Wiley and Sons" }
 @String{Macmillan = "Macmillan" }
 @String{MathWorks = "The Math Works Inc." }
 @String{McGrawHill = "McGraw-Hill" }
 @String{NatBurStd = "National Bureau of Standards" }
 @String{NorthHolland = "North-Holland" }
 @String{OxfordPress = "Oxford University Press" }  %address Oxford or London?
 @String{PergamonPress = "Pergamon Press" }
 @String{PlenumPress = "Plenum Press" }
 @String{PrenticeHall = "Prentice-Hall" }
 @String{SIAMPub = "{SIAM} Publications" }
 @String{Springer = "Springer-Verlag" }
 @String{TexasPress = "University of Texas Press" }
 @String{VanNostrand = "Van Nostrand" }
 @String{WHFreeman = "W. H. Freeman and Co." }

%Entries
@article{brown2020language,
  title={Language models are few-shot learners},
  author={Brown, Tom and Mann, Benjamin and Ryder, Nick and Subbiah, Melanie and Kaplan, Jared D and Dhariwal, Prafulla and Neelakantan, Arvind and Shyam, Pranav and Sastry, Girish and Askell, Amanda and others},
  journal={Advances in neural information processing systems},
  volume={33},
  pages={1877--1901},
  year={2020}
}

@article{zhang2022opt,
  title={Opt: Open pre-trained transformer language models},
  author={Zhang, Susan and Roller, Stephen and Goyal, Naman and Artetxe, Mikel and Chen, Moya and Chen, Shuohui and Dewan, Christopher and Diab, Mona and Li, Xian and Lin, Xi Victoria and others},
  journal={arXiv preprint arXiv:2205.01068},
  year={2022}
}

@article{devlin2018bert,
  title={Bert: Pre-training of deep bidirectional transformers for language understanding},
  author={Devlin, Jacob and Chang, Ming-Wei and Lee, Kenton and Toutanova, Kristina},
  journal={arXiv preprint arXiv:1810.04805},
  year={2018}
}

@article{smith2022using,
  title={Using deepspeed and megatron to train megatron-turing nlg 530b, a large-scale generative language model},
  author={Smith, Shaden and Patwary, Mostofa and Norick, Brandon and LeGresley, Patrick and Rajbhandari, Samyam and Casper, Jared and Liu, Zhun and Prabhumoye, Shrimai and Zerveas, George and Korthikanti, Vijay and others},
  journal={arXiv preprint arXiv:2201.11990},
  year={2022}
}

@article{sharir2020cost,
  title={The cost of training nlp models: A concise overview},
  author={Sharir, Or and Peleg, Barak and Shoham, Yoav},
  journal={arXiv preprint arXiv:2004.08900},
  year={2020}
}

@article{shazeer2017outrageously,
  title={Outrageously large neural networks: The sparsely-gated mixture-of-experts layer},
  author={Shazeer, Noam and Mirhoseini, Azalia and Maziarz, Krzysztof and Davis, Andy and Le, Quoc and Hinton, Geoffrey and Dean, Jeff},
  journal={arXiv preprint arXiv:1701.06538},
  year={2017}
}

@article{fedus2022switch,
  title={Switch transformers: Scaling to trillion parameter models with simple and efficient sparsity},
  author={Fedus, William and Zoph, Barret and Shazeer, Noam},
  journal={Journal of Machine Learning Research},
  volume={23},
  number={120},
  pages={1--39},
  year={2022}
}

@article{jiang2024mixtral,
  title={Mixtral of experts},
  author={Jiang, Albert Q and Sablayrolles, Alexandre and Roux, Antoine and Mensch, Arthur and Savary, Blanche and Bamford, Chris and Chaplot, Devendra Singh and Casas, Diego de las and Hanna, Emma Bou and Bressand, Florian and others},
  journal={arXiv preprint arXiv:2401.04088},
  year={2024}
}

@inproceedings{rajbhandari2022deepspeed,
  title={Deepspeed-moe: Advancing mixture-of-experts inference and training to power next-generation ai scale},
  author={Rajbhandari, Samyam and Li, Conglong and Yao, Zhewei and Zhang, Minjia and Aminabadi, Reza Yazdani and Awan, Ammar Ahmad and Rasley, Jeff and He, Yuxiong},
  booktitle={International conference on machine learning},
  pages={18332--18346},
  year={2022},
  organization={PMLR}
}

@article{holmes2024deepspeed,
  title={DeepSpeed-FastGen: High-throughput Text Generation for LLMs via MII and DeepSpeed-Inference},
  author={Holmes, Connor and Tanaka, Masahiro and Wyatt, Michael and Awan, Ammar Ahmad and Rasley, Jeff and Rajbhandari, Samyam and Aminabadi, Reza Yazdani and Qin, Heyang and Bakhtiari, Arash and Kurilenko, Lev and others},
  journal={arXiv preprint arXiv:2401.08671},
  year={2024}
}

@inproceedings{li2023accelerating,
  title={Accelerating distributed MoE training and inference with lina},
  author={Li, Jiamin and Jiang, Yimin and Zhu, Yibo and Wang, Cong and Xu, Hong},
  booktitle={2023 USENIX Annual Technical Conference (USENIX ATC 23)},
  pages={945--959},
  year={2023}
}

@inproceedings{zhai2023smartmoe,
  title={SmartMoE: Efficiently Training $\{$Sparsely-Activated$\}$ Models through Combining Offline and Online Parallelization},
  author={Zhai, Mingshu and He, Jiaao and Ma, Zixuan and Zong, Zan and Zhang, Runqing and Zhai, Jidong},
  booktitle={2023 USENIX Annual Technical Conference (USENIX ATC 23)},
  pages={961--975},
  year={2023}
}

@inproceedings{he2022fastermoe,
  title={Fastermoe: modeling and optimizing training of large-scale dynamic pre-trained models},
  author={He, Jiaao and Zhai, Jidong and Antunes, Tiago and Wang, Haojie and Luo, Fuwen and Shi, Shangfeng and Li, Qin},
  booktitle={Proceedings of the 27th ACM SIGPLAN Symposium on Principles and Practice of Parallel Programming},
  pages={120--134},
  year={2022}
}

@inproceedings{sheng2023flexgen,
  title={Flexgen: High-throughput generative inference of large language models with a single gpu},
  author={Sheng, Ying and Zheng, Lianmin and Yuan, Binhang and Li, Zhuohan and Ryabinin, Max and Chen, Beidi and Liang, Percy and R{\'e}, Christopher and Stoica, Ion and Zhang, Ce},
  booktitle={International Conference on Machine Learning},
  pages={31094--31116},
  year={2023},
  organization={PMLR}
}

@misc{merity2016pointer,
      title={Pointer Sentinel Mixture Models},
      author={Stephen Merity and Caiming Xiong and James Bradbury and Richard Socher},
      year={2016},
      eprint={1609.07843},
      archivePrefix={arXiv},
      primaryClass={cs.CL}
}

@article{xue2024openmoe,
  title={Openmoe: An early effort on open mixture-of-experts language models},
  author={Xue, Fuzhao and Zheng, Zian and Fu, Yao and Ni, Jinjie and Zheng, Zangwei and Zhou, Wangchunshu and You, Yang},
  journal={arXiv preprint arXiv:2402.01739},
  year={2024}
}

@inproceedings{aminabadi2022deepspeed,
  title={Deepspeed-inference: enabling efficient inference of transformer models at unprecedented scale},
  author={Aminabadi, Reza Yazdani and Rajbhandari, Samyam and Awan, Ammar Ahmad and Li, Cheng and Li, Du and Zheng, Elton and Ruwase, Olatunji and Smith, Shaden and Zhang, Minjia and Rasley, Jeff and others},
  booktitle={SC22: International Conference for High Performance Computing, Networking, Storage and Analysis},
  pages={1--15},
  year={2022},
  organization={IEEE}
}

@Misc{accelerate,
  title =        {Accelerate: Training and inference at scale made simple, efficient and adaptable.},
  author =       {Sylvain Gugger and Lysandre Debut and Thomas Wolf and Philipp Schmid and Zachary Mueller and Sourab Mangrulkar and Marc Sun and Benjamin Bossan},
  howpublished = {\url{https://github.com/huggingface/accelerate}},
  year =         {2022}
}

@misc{ChatGPT,
    title = {ChatGPT},
    url = {https://chat.openai.com},
    author = {OpenAI},
    year = {2023}
}

@article{eliseev2023fast,
  title={Fast inference of mixture-of-experts language models with offloading},
  author={Eliseev, Artyom and Mazur, Denis},
  journal={arXiv preprint arXiv:2312.17238},
  year={2023}
}

@article{xue2024moe,
  title={MoE-Infinity: Activation-Aware Expert Offloading for Efficient MoE Serving},
  author={Xue, Leyang and Fu, Yao and Lu, Zhan and Mai, Luo and Marina, Mahesh},
  journal={arXiv preprint arXiv:2401.14361},
  year={2024}
}

@misc{badri2023hqq,
title  = {Half-Quadratic Quantization of Large Machine Learning Models},
url    = {https://mobiusml.github.io/hqq_blog/},
author = {Hicham Badri and Appu Shaji},
month  = {November},
year   = {2023}
}

@article{xiao2023efficient,
  title={Efficient streaming language models with attention sinks},
  author={Xiao, Guangxuan and Tian, Yuandong and Chen, Beidi and Han, Song and Lewis, Mike},
  journal={arXiv preprint arXiv:2309.17453},
  year={2023}
}

@article{kim2023mixture,
  title={Mixture of Quantized Experts (MoQE): Complementary Effect of Low-bit Quantization and Robustness},
  author={Kim, Young Jin and Fahim, Raffy and Awadalla, Hany Hassan},
  journal={arXiv preprint arXiv:2310.02410},
  year={2023}
}

@article{lepikhin2020gshard,
  title={Gshard: Scaling giant models with conditional computation and automatic sharding},
  author={Lepikhin, Dmitry and Lee, HyoukJoong and Xu, Yuanzhong and Chen, Dehao and Firat, Orhan and Huang, Yanping and Krikun, Maxim and Shazeer, Noam and Chen, Zhifeng},
  journal={arXiv preprint arXiv:2006.16668},
  year={2020}
}

@article{achiam2023gpt,
  title={Gpt-4 technical report},
  author={Achiam, Josh and Adler, Steven and Agarwal, Sandhini and Ahmad, Lama and Akkaya, Ilge and Aleman, Florencia Leoni and Almeida, Diogo and Altenschmidt, Janko and Altman, Sam and Anadkat, Shyamal and others},
  journal={arXiv preprint arXiv:2303.08774},
  year={2023}
}

@article{team2023gemini,
  title={Gemini: a family of highly capable multimodal models},
  author={Team, Gemini and Anil, Rohan and Borgeaud, Sebastian and Wu, Yonghui and Alayrac, Jean-Baptiste and Yu, Jiahui and Soricut, Radu and Schalkwyk, Johan and Dai, Andrew M and Hauth, Anja and others},
  journal={arXiv preprint arXiv:2312.11805},
  year={2023}
}

@article{wolf2019huggingface,
  title={Huggingface's transformers: State-of-the-art natural language processing},
  author={Wolf, Thomas and Debut, Lysandre and Sanh, Victor and Chaumond, Julien and Delangue, Clement and Moi, Anthony and Cistac, Pierric and Rault, Tim and Louf, R{\'e}mi and Funtowicz, Morgan and others},
  journal={arXiv preprint arXiv:1910.03771},
  year={2019}
}

@article{paszke2019pytorch,
  title={Pytorch: An imperative style, high-performance deep learning library},
  author={Paszke, Adam and Gross, Sam and Massa, Francisco and Lerer, Adam and Bradbury, James and Chanan, Gregory and Killeen, Trevor and Lin, Zeming and Gimelshein, Natalia and Antiga, Luca and others},
  journal={Advances in neural information processing systems},
  volume={32},
  year={2019}
}

@inproceedings{huang2020swapadvisor,
  title={Swapadvisor: Pushing deep learning beyond the gpu memory limit via smart swapping},
  author={Huang, Chien-Chin and Jin, Gu and Li, Jinyang},
  booktitle={Proceedings of the Twenty-Fifth International Conference on Architectural Support for Programming Languages and Operating Systems},
  pages={1341--1355},
  year={2020}
}

@inproceedings{peng2020capuchin,
  title={Capuchin: Tensor-based gpu memory management for deep learning},
  author={Peng, Xuan and Shi, Xuanhua and Dai, Hulin and Jin, Hai and Ma, Weiliang and Xiong, Qian and Yang, Fan and Qian, Xuehai},
  booktitle={Proceedings of the Twenty-Fifth International Conference on Architectural Support for Programming Languages and Operating Systems},
  pages={891--905},
  year={2020}
}

@inproceedings{jung2023deepum,
  title={Deepum: Tensor migration and prefetching in unified memory},
  author={Jung, Jaehoon and Kim, Jinpyo and Lee, Jaejin},
  booktitle={Proceedings of the 28th ACM International Conference on Architectural Support for Programming Languages and Operating Systems, Volume 2},
  pages={207--221},
  year={2023}
}

@inproceedings{zhang2023g10,
  title={G10: Enabling An Efficient Unified GPU Memory and Storage Architecture with Smart Tensor Migrations},
  author={Zhang, Haoyang and Zhou, Yirui and Xue, Yuqi and Liu, Yiqi and Huang, Jian},
  booktitle={Proceedings of the 56th Annual IEEE/ACM International Symposium on Microarchitecture},
  pages={395--410},
  year={2023}
}

@inproceedings{ren2021zero,
  title={Zero-offload: Democratizing $\{$billion-scale$\}$ model training},
  author={Ren, Jie and Rajbhandari, Samyam and Aminabadi, Reza Yazdani and Ruwase, Olatunji and Yang, Shuangyan and Zhang, Minjia and Li, Dong and He, Yuxiong},
  booktitle={2021 USENIX Annual Technical Conference (USENIX ATC 21)},
  pages={551--564},
  year={2021}
}

@inproceedings{rajbhandari2021zero,
  title={Zero-infinity: Breaking the gpu memory wall for extreme scale deep learning},
  author={Rajbhandari, Samyam and Ruwase, Olatunji and Rasley, Jeff and Smith, Shaden and He, Yuxiong},
  booktitle={Proceedings of the international conference for high performance computing, networking, storage and analysis},
  pages={1--14},
  year={2021}
}

@article{kamahori2024fiddler,
  title={Fiddler: CPU-GPU Orchestration for Fast Inference of Mixture-of-Experts Models},
  author={Kamahori, Keisuke and Gu, Yile and Zhu, Kan and Kasikci, Baris},
  journal={arXiv preprint arXiv:2402.07033},
  year={2024}
}

@inproceedings{chen2021spreadsheetcoder,
  title={Spreadsheetcoder: Formula prediction from semi-structured context},
  author={Chen, Xinyun and Maniatis, Petros and Singh, Rishabh and Sutton, Charles and Dai, Hanjun and Lin, Max and Zhou, Denny},
  booktitle={International Conference on Machine Learning},
  pages={1661--1672},
  year={2021},
  organization={PMLR}
}

@article{narayan1808don,
  title={Don't Give Me the Details, Just the Summary},
  author={Narayan, Shashi and Cohen, Shay B and Lapata, Mirella},
  journal={Topic-Aware Convolutional Neural Networks for Extreme Summarization. ArXiv, abs},
  volume={24},
  year={1808}
}

@article{du2023sida,
  title={SiDA: Sparsity-Inspired Data-Aware Serving for Efficient and Scalable Large Mixture-of-Experts Models},
  author={Du, Zhixu and Li, Shiyu and Wu, Yuhao and Jiang, Xiangyu and Sun, Jingwei and Zheng, Qilin and Wu, Yongkai and Li, Ang and Li, Hai and Chen, Yiran and others},
  journal={arXiv preprint arXiv:2310.18859},
  year={2023}
}

@article{hwang2023tutel,
  title={Tutel: Adaptive mixture-of-experts at scale},
  author={Hwang, Changho and Cui, Wei and Xiong, Yifan and Yang, Ziyue and Liu, Ze and Hu, Han and Wang, Zilong and Salas, Rafael and Jose, Jithin and Ram, Prabhat and others},
  journal={Proceedings of Machine Learning and Systems},
  volume={5},
  year={2023}
}

@article{dai2024deepseekmoe,
  title={Deepseekmoe: Towards ultimate expert specialization in mixture-of-experts language models},
  author={Dai, Damai and Deng, Chengqi and Zhao, Chenggang and Xu, RX and Gao, Huazuo and Chen, Deli and Li, Jiashi and Zeng, Wangding and Yu, Xingkai and Wu, Y and others},
  journal={arXiv preprint arXiv:2401.06066},
  year={2024}
}

@article{xuanlei2024hetegen,
  title={HeteGen: Efficient Heterogeneous Parallel Inference for Large Language Models on Resource-Constrained Devices},
  author={XUANLEI, ZHAO and Jia, Bin and Zhou, Haotian and Liu, Ziming and Cheng, Shenggan and You, Yang},
  journal={Proceedings of Machine Learning and Systems},
  volume={6},
  pages={162--172},
  year={2024}
}

@inproceedings{guo2023sti,
  title={Sti: Turbocharge nlp inference at the edge via elastic pipelining},
  author={Guo, Liwei and Choe, Wonkyo and Lin, Felix Xiaozhu},
  booktitle={Proceedings of the 28th ACM International Conference on Architectural Support for Programming Languages and Operating Systems, Volume 2},
  pages={791--803},
  year={2023}
}

@misc{deepseekai2024deepseekv2,
      title={DeepSeek-V2: A Strong, Economical, and Efficient Mixture-of-Experts Language Model}, 
      author={DeepSeek-AI},
      year={2024},
      eprint={2405.04434},
      archivePrefix={arXiv},
      primaryClass={cs.CL}
}

@article{xue2024raphael,
  title={Raphael: Text-to-image generation via large mixture of diffusion paths},
  author={Xue, Zeyue and Song, Guanglu and Guo, Qiushan and Liu, Boxiao and Zong, Zhuofan and Liu, Yu and Luo, Ping},
  journal={Advances in Neural Information Processing Systems},
  volume={36},
  year={2024}
}

@article{lin2024moe,
  title={Moe-llava: Mixture of experts for large vision-language models},
  author={Lin, Bin and Tang, Zhenyu and Ye, Yang and Cui, Jiaxi and Zhu, Bin and Jin, Peng and Zhang, Junwu and Ning, Munan and Yuan, Li},
  journal={arXiv preprint arXiv:2401.15947},
  year={2024}
}

@article{xu2024survey,
  title={A survey of resource-efficient llm and multimodal foundation models},
  author={Xu, Mengwei and Yin, Wangsong and Cai, Dongqi and Yi, Rongjie and Xu, Daliang and Wang, Qipeng and Wu, Bingyang and Zhao, Yihao and Yang, Chen and Wang, Shihe and others},
  journal={arXiv preprint arXiv:2401.08092},
  year={2024}
}

@article{liu2024lightweight,
  title={Lightweight Deep Learning for Resource-Constrained Environments: A Survey},
  author={Liu, Hou-I and Galindo, Marco and Xie, Hongxia and Wong, Lai-Kuan and Shuai, Hong-Han and Li, Yung-Hui and Cheng, Wen-Huang},
  journal={ACM Computing Surveys},
  year={2024},
  publisher={ACM New York, NY}
}

@inproceedings{hwang2024pre,
  title={Pre-gated moe: An algorithm-system co-design for fast and scalable mixture-of-expert inference},
  author={Hwang, Ranggi and Wei, Jianyu and Cao, Shijie and Hwang, Changho and Tang, Xiaohu and Cao, Ting and Yang, Mao},
  booktitle={2024 ACM/IEEE 51st Annual International Symposium on Computer Architecture (ISCA)},
  pages={1018--1031},
  year={2024},
  organization={IEEE}
}

@article{frantar2022gptq,
  title={Gptq: Accurate post-training quantization for generative pre-trained transformers},
  author={Frantar, Elias and Ashkboos, Saleh and Hoefler, Torsten and Alistarh, Dan},
  journal={arXiv preprint arXiv:2210.17323},
  year={2022}
}

@inproceedings{xiao2023smoothquant,
  title={Smoothquant: Accurate and efficient post-training quantization for large language models},
  author={Xiao, Guangxuan and Lin, Ji and Seznec, Mickael and Wu, Hao and Demouth, Julien and Han, Song},
  booktitle={International Conference on Machine Learning},
  pages={38087--38099},
  year={2023},
  organization={PMLR}
}

@inproceedings{frantar2023sparsegpt,
  title={Sparsegpt: Massive language models can be accurately pruned in one-shot},
  author={Frantar, Elias and Alistarh, Dan},
  booktitle={International Conference on Machine Learning},
  pages={10323--10337},
  year={2023},
  organization={PMLR}
}

@article{ma2023llm,
  title={Llm-pruner: On the structural pruning of large language models},
  author={Ma, Xinyin and Fang, Gongfan and Wang, Xinchao},
  journal={Advances in neural information processing systems},
  volume={36},
  pages={21702--21720},
  year={2023}
}

@article{zhang2023h2o,
  title={H2o: Heavy-hitter oracle for efficient generative inference of large language models},
  author={Zhang, Zhenyu and Sheng, Ying and Zhou, Tianyi and Chen, Tianlong and Zheng, Lianmin and Cai, Ruisi and Song, Zhao and Tian, Yuandong and R{\'e}, Christopher and Barrett, Clark and others},
  journal={Advances in Neural Information Processing Systems},
  volume={36},
  pages={34661--34710},
  year={2023}
}

@article{vaswani2017attention,
  title={Attention is all you need},
  author={Vaswani, A},
  journal={Advances in Neural Information Processing Systems},
  year={2017}
}