@inproceedings{BLEU,
  title={Bleu: a method for automatic evaluation of machine translation},
  author={Papineni, Kishore and Roukos, Salim and Ward, Todd and Zhu, Wei-Jing},
  booktitle={Proceedings of the 40th annual meeting of the Association for Computational Linguistics},
  pages={311--318},
  year={2002}
}

@article{BN-WVAD,
  title={Batchnorm-based weakly supervised video anomaly detection},
  author={Zhou, Yixuan and Qu, Yi and Xu, Xing and Shen, Fumin and Song, Jingkuan and Shen, Heng Tao},
  journal={IEEE Transactions on Circuits and Systems for Video Technology},
  year={2024},
  publisher={IEEE}
}

@inproceedings{C3D,
  title={Learning spatiotemporal features with 3d convolutional networks},
  author={Tran, Du and Bourdev, Lubomir and Fergus, Rob and Torresani, Lorenzo and Paluri, Manohar},
  booktitle={Proceedings of the IEEE international conference on computer vision},
  pages={4489--4497},
  year={2015}
}

@article{DistilBERT,
  title={DistilBERT, a distilled version of BERT: smaller, faster, cheaper and lighter},
  author={Sanh, V},
  journal={arXiv preprint arXiv:1910.01108},
  year={2019}
}

@inproceedings{I3D,
  title={Quo vadis, action recognition? a new model and the kinetics dataset},
  author={Carreira, Joao and Zisserman, Andrew},
  booktitle={proceedings of the IEEE Conference on Computer Vision and Pattern Recognition},
  pages={6299--6308},
  year={2017}
}

@inproceedings{MMN,
  title={Negative sample matters: A renaissance of metric learning for temporal grounding},
  author={Wang, Zhenzhi and Wang, Limin and Wu, Tao and Li, Tianhao and Wu, Gangshan},
  booktitle={Proceedings of the AAAI Conference on Artificial Intelligence},
  volume={36},
  number={3},
  pages={2613--2623},
  year={2022}
}

@inproceedings{PDVC,
  title={End-to-end dense video captioning with parallel decoding},
  author={Wang, Teng and Zhang, Ruimao and Lu, Zhichao and Zheng, Feng and Cheng, Ran and Luo, Ping},
  booktitle={Proceedings of the IEEE/CVF international conference on computer vision},
  pages={6847--6857},
  year={2021}
}

@inproceedings{UCA,
  title={Towards Surveillance Video-and-Language Understanding: New Dataset Baselines and Challenges},
  author={Yuan, Tongtong and Zhang, Xuange and Liu, Kun and Liu, Bo and Chen, Chen and Jin, Jian and Jiao, Zhenzhen},
  booktitle={Proceedings of the IEEE/CVF Conference on Computer Vision and Pattern Recognition},
  pages={22052--22061},
  year={2024}
}

@inproceedings{UCFCrime,
  title={Real-World Anomaly Detection in Surveillance Videos},
  author={ Sultani, Waqas  and  Chen, Chen  and  Shah, Mubarak },
  booktitle={2018 IEEE/CVF Conference on Computer Vision and Pattern Recognition (CVPR)},
  year={2018},
}

@inproceedings{VQAv2,
  title={Making the v in vqa matter: Elevating the role of image understanding in visual question answering},
  author={Goyal, Yash and Khot, Tejas and Summers-Stay, Douglas and Batra, Dhruv and Parikh, Devi},
  booktitle={Proceedings of the IEEE conference on computer vision and pattern recognition},
  pages={6904--6913},
  year={2017}
}

@inproceedings{internvl,
  title={Internvl: Scaling up vision foundation models and aligning for generic visual-linguistic tasks},
  author={Chen, Zhe and Wu, Jiannan and Wang, Wenhai and Su, Weijie and Chen, Guo and Xing, Sen and Zhong, Muyan and Zhang, Qinglong and Zhu, Xizhou and Lu, Lewei and others},
  booktitle={Proceedings of the IEEE/CVF Conference on Computer Vision and Pattern Recognition},
  pages={24185--24198},
  year={2024}
}

@article{llava-onevision,
  title={Llava-onevision: Easy visual task transfer},
  author={Li, Bo and Zhang, Yuanhan and Guo, Dong and Zhang, Renrui and Li, Feng and Zhang, Hao and Zhang, Kaichen and Zhang, Peiyuan and Li, Yanwei and Liu, Ziwei and others},
  journal={arXiv preprint arXiv:2408.03326},
  year={2024}
}

@article{mm-vet,
  title={Mm-vet: Evaluating large multimodal models for integrated capabilities},
  author={Yu, Weihao and Yang, Zhengyuan and Li, Linjie and Wang, Jianfeng and Lin, Kevin and Liu, Zicheng and Wang, Xinchao and Wang, Lijuan},
  journal={arXiv preprint arXiv:2308.02490},
  year={2023}
}

@article{mmbench-video,
  title={MMBench-Video: A Long-Form Multi-Shot Benchmark for Holistic Video Understanding},
  author={Fang, Xinyu and Mao, Kangrui and Duan, Haodong and Zhao, Xiangyu and Li, Yining and Lin, Dahua and Chen, Kai},
  journal={arXiv preprint arXiv:2406.14515},
  year={2024}
}

@article{qwen2VL,
  title={Qwen2-vl: Enhancing vision-language model's perception of the world at any resolution},
  author={Wang, Peng and Bai, Shuai and Tan, Sinan and Wang, Shijie and Fan, Zhihao and Bai, Jinze and Chen, Keqin and Liu, Xuejing and Wang, Jialin and Ge, Wenbin and others},
  journal={arXiv preprint arXiv:2409.12191},
  year={2024}
}

@article{video-mme,
  title={Video-mme: The first-ever comprehensive evaluation benchmark of multi-modal llms in video analysis},
  author={Fu, Chaoyou and Dai, Yuhan and Luo, Yongdong and Li, Lei and Ren, Shuhuai and Zhang, Renrui and Wang, Zihan and Zhou, Chenyu and Shen, Yunhang and Zhang, Mengdan and others},
  journal={arXiv preprint arXiv:2405.21075},
  year={2024}
}

