@article{CLIPSAM,
  title={ClipSAM: CLIP and SAM Collaboration for Zero-Shot Anomaly Segmentation},
  author={Li, Shengze and Cao, Jianjian and Ye, Peng and Ding, Yuhan and Tu, Chongjun and Chen, Tao},
  journal={arXiv preprint arXiv:2401.12665},
  year={2024}
}

@inproceedings{CorrMLP,
  title={Correlation-aware Coarse-to-fine MLPs for Deformable Medical Image Registration},
  author={Meng, Mingyuan and Feng, Dagan and Bi, Lei and Kim, Jinman},
  booktitle={Proceedings of the IEEE/CVF Conference on Computer Vision and Pattern Recognition},
  pages={9645--9654},
  year={2024}
}

@article{Llama,
  title={Llava-med: Training a large language-and-vision assistant for biomedicine in one day},
  author={Li, Chunyuan and Wong, Cliff and Zhang, Sheng and Usuyama, Naoto and Liu, Haotian and Yang, Jianwei and Naumann, Tristan and Poon, Hoifung and Gao, Jianfeng},
  journal={Advances in Neural Information Processing Systems},
  volume={36},
  year={2024}
}

@article{MIA-SAM,
  title={Segment anything model for medical images?},
  author={Huang, Yuhao and Yang, Xin and Liu, Lian and Zhou, Han and Chang, Ao and Zhou, Xinrui and Chen, Rusi and Yu, Junxuan and Chen, Jiongquan and Chen, Chaoyu and others},
  journal={Medical Image Analysis},
  volume={92},
  pages={103061},
  year={2024},
  publisher={Elsevier}
}

@article{MedSAM,
  title={Segment anything in medical images},
  author={Ma, Jun and He, Yuting and Li, Feifei and Han, Lin and You, Chenyu and Wang, Bo},
  journal={Nature Communications},
  volume={15},
  number={1},
  pages={654},
  year={2024},
  publisher={Nature Publishing Group UK London}
}

@article{Prototype-tuning,
  title={Tuning Vision-Language Models with Multiple Prototypes Clustering},
  author={Guo, Meng-Hao and Zhang, Yi and Mu, Tai-Jiang and Huang, Sharon X and Hu, Shi-Min},
  journal={IEEE Transactions on Pattern Analysis and Machine Intelligence},
  year={2024},
  publisher={IEEE}
}

@article{SAM,
  title={Segment anything},
  author={Kirillov, Alexander and Mintun, Eric and Ravi, Nikhila and Mao, Hanzi and Rolland, Chloe and Gustafson, Laura and Xiao, Tete and Whitehead, Spencer and Berg, Alexander C and Lo, Wan-Yen and others},
  journal={arXiv preprint arXiv:2304.02643},
  year={2023}
}

@article{SAM-review,
  title={Segment anything model for medical image analysis: an experimental study},
  author={Mazurowski, Maciej A and Dong, Haoyu and Gu, Hanxue and Yang, Jichen and Konz, Nicholas and Zhang, Yixin},
  journal={Medical Image Analysis},
  volume={89},
  pages={102918},
  year={2023},
  publisher={Elsevier}
}

@article{SAM2D,
  title={Sam-med2d},
  author={Cheng, Junlong and Ye, Jin and Deng, Zhongying and Chen, Jianpin and Li, Tianbin and Wang, Haoyu and Su, Yanzhou and Huang, Ziyan and Chen, Jilong and Jiang, Lei and others},
  journal={arXiv preprint arXiv:2308.16184},
  year={2023}
}

@article{SAM3D,
  title={Sam-med3d},
  author={Wang, Haoyu and Guo, Sizheng and Ye, Jin and Deng, Zhongying and Cheng, Junlong and Li, Tianbin and Chen, Jianpin and Su, Yanzhou and Huang, Ziyan and Shen, Yiqing and others},
  journal={arXiv preprint arXiv:2310.15161},
  year={2023}
}

@article{SAT,
  title={One model to rule them all: Towards universal segmentation for medical images with text prompts},
  author={Zhao, Ziheng and Zhang, Yao and Wu, Chaoyi and Zhang, Xiaoman and Zhang, Ya and Wang, Yanfeng and Xie, Weidi},
  journal={arXiv preprint arXiv:2312.17183},
  year={2023}
}

@article{TransMatch,
  author={Chen, Zeyuan and Zheng, Yuanjie and Gee, James C.},
  journal={IEEE Transactions on Medical Imaging}, 
  title={TransMatch: A Transformer-Based Multilevel Dual-Stream Feature Matching Network for Unsupervised Deformable Image Registration}, 
  year={2024},
  volume={43},
  number={1},
  pages={15-27},
  keywords={Transformers;Feature extraction;Image registration;Task analysis;Computational modeling;Deformable models;Deformation;Deformable image registration;feature matching;transformer;dual-stream;multilevel;unsupervised deep learning;brain MRI},
  }

@article{TransMorph,
  title={Transmorph: Transformer for unsupervised medical image registration},
  author={Chen, Junyu and Frey, Eric C and He, Yufan and Segars, William P and Li, Ye and Du, Yong},
  journal={Medical Image Analysis},
  volume={82},
  pages={102615},
  year={2022},
  publisher={Elsevier}
}

@article{VoxelMorph,
  author={Balakrishnan, Guha and Zhao, Amy and Sabuncu, Mert R. and Guttag, John and Dalca, Adrian V.},
  journal={IEEE Transactions on Medical Imaging}, 
  title={VoxelMorph: A Learning Framework for Deformable Medical Image Registration}, 
  year={2019},
  volume={38},
  number={8},
  pages={1788-1800},
  }

@article{medlsam,
  title={MedLSAM: Localize and segment anything model for 3D CT images},
  author={Lei, Wenhui and Xu, Wei and Li, Kang and Zhang, Xiaofan and Zhang, Shaoting},
  journal={Medical Image Analysis},
  volume={99},
  pages={103370},
  year={2025},
  publisher={Elsevier}
}

@inproceedings{protoSeg,
  title={Rethinking semantic segmentation: A prototype view},
  author={Zhou, Tianfei and Wang, Wenguan and Konukoglu, Ender and Van Gool, Luc},
  booktitle={Proceedings of the IEEE/CVF Conference on Computer Vision and Pattern Recognition},
  pages={2582--2593},
  year={2022}
}

@article{zhang2024challenges,
  title={On the challenges and perspectives of foundation models for medical image analysis},
  author={Zhang, Shaoting and Metaxas, Dimitris},
  journal={Medical Image Analysis},
  volume={91},
  pages={102996},
  year={2024},
  publisher={Elsevier}
}

