@article{VoxelMorph,
  author={Balakrishnan, Guha and Zhao, Amy and Sabuncu, Mert R. and Guttag, John and Dalca, Adrian V.},
  journal={IEEE Transactions on Medical Imaging}, 
  title={VoxelMorph: A Learning Framework for Deformable Medical Image Registration}, 
  year={2019},
  volume={38},
  number={8},
  pages={1788-1800},
  }
@article{TransMorph,
  title={Transmorph: Transformer for unsupervised medical image registration},
  author={Chen, Junyu and Frey, Eric C and He, Yufan and Segars, William P and Li, Ye and Du, Yong},
  journal={Medical Image Analysis},
  volume={82},
  pages={102615},
  year={2022},
  publisher={Elsevier}
}
@article{TransMatch,
  author={Chen, Zeyuan and Zheng, Yuanjie and Gee, James C.},
  journal={IEEE Transactions on Medical Imaging}, 
  title={TransMatch: A Transformer-Based Multilevel Dual-Stream Feature Matching Network for Unsupervised Deformable Image Registration}, 
  year={2024},
  volume={43},
  number={1},
  pages={15-27},
  keywords={Transformers;Feature extraction;Image registration;Task analysis;Computational modeling;Deformable models;Deformation;Deformable image registration;feature matching;transformer;dual-stream;multilevel;unsupervised deep learning;brain MRI},
  }
@inproceedings{CorrMLP,
  title={Correlation-aware Coarse-to-fine MLPs for Deformable Medical Image Registration},
  author={Meng, Mingyuan and Feng, Dagan and Bi, Lei and Kim, Jinman},
  booktitle={Proceedings of the IEEE/CVF Conference on Computer Vision and Pattern Recognition},
  pages={9645--9654},
  year={2024}
}
@article{AbdomenCT,
  title={Evaluation of six registration methods for the human abdomen on clinically acquired CT},
  author={Xu, Zhoubing and Lee, Christopher P and Heinrich, Mattias P and Modat, Marc and Rueckert, Daniel and Ourselin, Sebastien and Abramson, Richard G and Landman, Bennett A},
  journal={IEEE Transactions on Biomedical Engineering},
  volume={63},
  number={8},
  pages={1563--1572},
  year={2016},
  publisher={IEEE}
}
@article{ACDC,
  title={Deep learning techniques for automatic MRI cardiac multi-structures segmentation and diagnosis: is the problem solved?},
  author={Bernard, Olivier and Lalande, Alain and Zotti, Clement and Cervenansky, Frederick and Yang, Xin and Heng, Pheng-Ann and Cetin, Irem and Lekadir, Karim and Camara, Oscar and Ballester, Miguel Angel Gonzalez and others},
  journal={IEEE Transactions on Medical Imaging},
  volume={37},
  number={11},
  pages={2514--2525},
  year={2018},
  publisher={ieee} 
}
@inproceedings{moco,
  title={Momentum contrast for unsupervised visual representation learning},
  author={He, Kaiming and Fan, Haoqi and Wu, Yuxin and Xie, Saining and Girshick, Ross},
  booktitle={Proceedings of the IEEE/CVF conference on computer vision and pattern recognition},
  pages={9729--9738},
  year={2020}
}
@inproceedings{simrl,
  title={Exploring simple siamese representation learning},
  author={Chen, Xinlei and He, Kaiming},
  booktitle={Proceedings of the IEEE/CVF conference on computer vision and pattern recognition},
  pages={15750--15758},
  year={2021}
}
@article{Moco2,
  title={Improved baselines with momentum contrastive learning},
  author={Chen, Xinlei and Fan, Haoqi and Girshick, Ross and He, Kaiming},
  journal={arXiv preprint arXiv:2003.04297},
  year={2020}
}
@inproceedings{Conseg,
  title={Exploring cross-image pixel contrast for semantic segmentation},
  author={Wang, Wenguan and Zhou, Tianfei and Yu, Fisher and Dai, Jifeng and Konukoglu, Ender and Van Gool, Luc},
  booktitle={Proceedings of the IEEE/CVF international conference on computer vision},
  pages={7303--7313},
  year={2021}
}
@inproceedings{protoSeg,
  title={Rethinking semantic segmentation: A prototype view},
  author={Zhou, Tianfei and Wang, Wenguan and Konukoglu, Ender and Van Gool, Luc},
  booktitle={Proceedings of the IEEE/CVF Conference on Computer Vision and Pattern Recognition},
  pages={2582--2593},
  year={2022}
}
@article{zhang2021deep,
  title={Deep diffusion MRI registration (DDMReg): a deep learning method for diffusion MRI registration},
  author={Zhang, Fan and Wells, William M and O’Donnell, Lauren J},
  journal={IEEE Transactions on Medical Imaging},
  volume={41},
  number={6},
  pages={1454--1467},
  year={2021},
  publisher={IEEE}
}
@inproceedings{FSDiffReg,
  title={FSDiffReg: Feature-Wise and Score-Wise Diffusion-Guided Unsupervised Deformable Image Registration for Cardiac Images},
  author={Qin, Yi and Li, Xiaomeng},
  booktitle={International Conference on Medical Image Computing and Computer-Assisted Intervention},
  pages={655--665},
  year={2023},
  organization={Springer}
}
@article{SAT,
  title={One model to rule them all: Towards universal segmentation for medical images with text prompts},
  author={Zhao, Ziheng and Zhang, Yao and Wu, Chaoyi and Zhang, Xiaoman and Zhang, Ya and Wang, Yanfeng and Xie, Weidi},
  journal={arXiv preprint arXiv:2312.17183},
  year={2023}
}

@article{SAM,
  title={Segment anything},
  author={Kirillov, Alexander and Mintun, Eric and Ravi, Nikhila and Mao, Hanzi and Rolland, Chloe and Gustafson, Laura and Xiao, Tete and Whitehead, Spencer and Berg, Alexander C and Lo, Wan-Yen and others},
  journal={arXiv preprint arXiv:2304.02643},
  year={2023}
}
@article{MedSAM,
  title={Segment anything in medical images},
  author={Ma, Jun and He, Yuting and Li, Feifei and Han, Lin and You, Chenyu and Wang, Bo},
  journal={Nature Communications},
  volume={15},
  number={1},
  pages={654},
  year={2024},
  publisher={Nature Publishing Group UK London}
}
@article{SAM2D,
  title={Sam-med2d},
  author={Cheng, Junlong and Ye, Jin and Deng, Zhongying and Chen, Jianpin and Li, Tianbin and Wang, Haoyu and Su, Yanzhou and Huang, Ziyan and Chen, Jilong and Jiang, Lei and others},
  journal={arXiv preprint arXiv:2308.16184},
  year={2023}
}
@article{SAM3D,
  title={Sam-med3d},
  author={Wang, Haoyu and Guo, Sizheng and Ye, Jin and Deng, Zhongying and Cheng, Junlong and Li, Tianbin and Chen, Jianpin and Su, Yanzhou and Huang, Ziyan and Shen, Yiqing and others},
  journal={arXiv preprint arXiv:2310.15161},
  year={2023}
}

@article{MIA-SAM,
  title={Segment anything model for medical images?},
  author={Huang, Yuhao and Yang, Xin and Liu, Lian and Zhou, Han and Chang, Ao and Zhou, Xinrui and Chen, Rusi and Yu, Junxuan and Chen, Jiongquan and Chen, Chaoyu and others},
  journal={Medical Image Analysis},
  volume={92},
  pages={103061},
  year={2024},
  publisher={Elsevier}
}
@article{Transformer,
  title={Attention is all you need},
  author={Vaswani, Ashish and Shazeer, Noam and Parmar, Niki and Uszkoreit, Jakob and Jones, Llion and Gomez, Aidan N and Kaiser, {\L}ukasz and Polosukhin, Illia},
  journal={Advances in Neural Information Processing Systems},
  volume={30},
  year={2017}
}
@article{SAM-review,
  title={Segment anything model for medical image analysis: an experimental study},
  author={Mazurowski, Maciej A and Dong, Haoyu and Gu, Hanxue and Yang, Jichen and Konz, Nicholas and Zhang, Yixin},
  journal={Medical Image Analysis},
  volume={89},
  pages={102918},
  year={2023},
  publisher={Elsevier}
}
@article{CLIPSAM,
  title={ClipSAM: CLIP and SAM Collaboration for Zero-Shot Anomaly Segmentation},
  author={Li, Shengze and Cao, Jianjian and Ye, Peng and Ding, Yuhan and Tu, Chongjun and Chen, Tao},
  journal={arXiv preprint arXiv:2401.12665},
  year={2024}
}
@inproceedings{DiffuseMorph,
  title={DiffuseMorph: unsupervised deformable image registration using diffusion model},
  author={Kim, Boah and Han, Inhwa and Ye, Jong Chul},
  booktitle={European Conference on Computer Vision},
  pages={347--364},
  year={2022},
  organization={Springer}
}

@inproceedings{CST-registration,
  title={Unsupervised 3D registration through optimization-guided cyclical self-training},
  author={Bigalke, Alexander and Hansen, Lasse and Mok, Tony CW and Heinrich, Mattias P},
  booktitle={International Conference on Medical Image Computing and Computer-Assisted Intervention},
  pages={677--687},
  year={2023},
  organization={Springer}
}
@inproceedings{li2023samconvex,
  title={Samconvex: Fast discrete optimization for ct registration using self-supervised anatomical embedding and correlation pyramid},
  author={Li, Zi and Tian, Lin and Mok, Tony CW and Bai, Xiaoyu and Wang, Puyang and Ge, Jia and Zhou, Jingren and Lu, Le and Ye, Xianghua and Yan, Ke and others},
  booktitle={International Conference on Medical Image Computing and Computer-Assisted Intervention},
  pages={559--569},
  year={2023},
  organization={Springer}
}

@article{CNN,
  title={Convolutional networks for images, speech, and time series},
  author={LeCun, Yann and Bengio, Yoshua and others},
  journal={The handbook of brain theory and neural networks},
  volume={3361},
  number={10},
  pages={1995},
  year={1995},
  publisher={Citeseer}
}
@inproceedings{SAM-feature-reg,
  title={General Vision Encoder Features as Guidance in Medical Image Registration},
  author={K{\"o}gl, Fryderyk and Reithmeir, Anna and Sideri-Lampretsa, Vasiliki and Machado, Ines and Braren, Rickmer and Rueckert, Daniel and Schnabel, Julia A and Zimmer, Veronika A},
  booktitle={International Workshop on Biomedical Image Registration},
  pages={265--279},
  year={2024},
  organization={Springer}
}
@inproceedings{SAT-Morph,
  title={SAT-Morph: Unsupervised Deformable Medical Image Registration Using Vision Foundation Models with Anatomically Aware Text Prompt},
  author={Xu, Hao and Xue, Tengfei and Liu, Dongnan and Zhang, Fan and Westin, Carl-Fredrik and Kikinis, Ron and O’Donnell, Lauren J and Cai, Weidong},
  booktitle={MICCAI Workshop on Foundation Models for General Medical AI},
  pages={71--80},
  year={2024},
  organization={Springer}
}
@inproceedings{
zhang2024prototypical,
title={Prototypical Information Bottlenecking and Disentangling for Multimodal Cancer Survival Prediction},
author={Yilan Zhang and Yingxue Xu and Jianqi Chen and Fengying Xie and Hao Chen},
booktitle={The Twelfth International Conference on Learning Representations},
year={2024},
}
@inproceedings{charmfer,
  title={A point set generation network for 3d object reconstruction from a single image},
  author={Fan, Haoqiang and Su, Hao and Guibas, Leonidas J},
  booktitle={Proceedings of the IEEE/CVF Conference on Computer Vision and Pattern Recognition},
  pages={605--613},
  year={2017}
}
@article{pytorch,
  title={Pytorch: An imperative style, high-performance deep learning library},
  author={Paszke, Adam and Gross, Sam and Massa, Francisco and Lerer, Adam and Bradbury, James and Chanan, Gregory and Killeen, Trevor and Lin, Zeming and Gimelshein, Natalia and Antiga, Luca and others},
  journal={Advances in Neural Information Processing Systems},
  volume={32},
  year={2019}
}
@inproceedings{Swin-transformer,
  title={Swin transformer: Hierarchical vision transformer using shifted windows},
  author={Liu, Ze and Lin, Yutong and Cao, Yue and Hu, Han and Wei, Yixuan and Zhang, Zheng and Lin, Stephen and Guo, Baining},
  booktitle={Proceedings of the IEEE/CVF International Conference on Computer Vision},
  pages={10012--10022},
  year={2021}
}
@article{attention,
  title={Attention is all you need},
  author={Vaswani, A},
  journal={Advances in Neural Information Processing Systems},
  year={2017}
}
@article{Prototype-tuning,
  title={Tuning Vision-Language Models with Multiple Prototypes Clustering},
  author={Guo, Meng-Hao and Zhang, Yi and Mu, Tai-Jiang and Huang, Sharon X and Hu, Shi-Min},
  journal={IEEE Transactions on Pattern Analysis and Machine Intelligence},
  year={2024},
  publisher={IEEE}
}
@article{review-2013,
  title={Deformable medical image registration: A survey},
  author={Sotiras, Aristeidis and Davatzikos, Christos and Paragios, Nikos},
  journal={IEEE Transactions on Medical Imaging},
  volume={32},
  number={7},
  pages={1153--1190},
  year={2013},
  publisher={IEEE}
}
@article{review-2016,
  title={A survey of medical image registration--under review},
  author={Viergever, Max A and Maintz, JB Antoine and Klein, Stefan and Murphy, Keelin and Staring, Marius and Pluim, Josien PW},
  journal={Medical Image Analysis},
  volume={33},
  pages={140--144},
  year={2016},
  publisher={Elsevier}
}
@article{review-2022,
  title={Learn2Reg: comprehensive multi-task medical image registration challenge, dataset and evaluation in the era of deep learning},
  author={Hering, Alessa and Hansen, Lasse and Mok, Tony CW and Chung, Albert CS and Siebert, Hanna and H{\"a}ger, Stephanie and Lange, Annkristin and Kuckertz, Sven and Heldmann, Stefan and Shao, Wei and others},
  journal={IEEE Transactions on Medical Imaging},
  volume={42},
  number={3},
  pages={697--712},
  year={2022},
  publisher={IEEE}
}
@article{Llama,
  title={Llava-med: Training a large language-and-vision assistant for biomedicine in one day},
  author={Li, Chunyuan and Wong, Cliff and Zhang, Sheng and Usuyama, Naoto and Liu, Haotian and Yang, Jianwei and Naumann, Tristan and Poon, Hoifung and Gao, Jianfeng},
  journal={Advances in Neural Information Processing Systems},
  volume={36},
  year={2024}
}
@article{zhang2024challenges,
  title={On the challenges and perspectives of foundation models for medical image analysis},
  author={Zhang, Shaoting and Metaxas, Dimitris},
  journal={Medical Image Analysis},
  volume={91},
  pages={102996},
  year={2024},
  publisher={Elsevier}
}
@article{medlsam,
  title={MedLSAM: Localize and segment anything model for 3D CT images},
  author={Lei, Wenhui and Xu, Wei and Li, Kang and Zhang, Xiaofan and Zhang, Shaoting},
  journal={Medical Image Analysis},
  volume={99},
  pages={103370},
  year={2025},
  publisher={Elsevier}
}