@book{ abelson-et-al:scheme,
  author = "Harold Abelson and Gerald~Jay Sussman and Julie Sussman",
  title = "Structure and Interpretation of Computer Programs",
  publisher = "MIT Press",
  address = "Cambridge, Massachusetts",
  year = "1985"
}
@inproceedings{metzer2023latent,
  title={Latent-nerf for shape-guided generation of 3d shapes and textures},
  author={Metzer, Gal and Richardson, Elad and Patashnik, Or and Giryes, Raja and Cohen-Or, Daniel},
  booktitle={Proceedings of the IEEE/CVF Conference on Computer Vision and Pattern Recognition},
  pages={12663--12673},
  year={2023}
}
@article{poole2022dreamfusion,
  title={Dreamfusion: Text-to-3d using 2d diffusion},
  author={Poole, Ben and Jain, Ajay and Barron, Jonathan T and Mildenhall, Ben},
  journal={arXiv preprint arXiv:2209.14988},
  year={2022}
}
@inproceedings{kirillov2023segment,
  title={Segment anything},
  author={Kirillov, Alexander and Mintun, Eric and Ravi, Nikhila and Mao, Hanzi and Rolland, Chloe and Gustafson, Laura and Xiao, Tete and Whitehead, Spencer and Berg, Alexander C and Lo, Wan-Yen and others},
  booktitle={Proceedings of the IEEE/CVF International Conference on Computer Vision},
  pages={4015--4026},
  year={2023}
}
@inproceedings{fu2025anyhome,
  title={Anyhome: Open-vocabulary generation of structured and textured 3d homes},
  author={Fu, Rao and Wen, Zehao and Liu, Zichen and Sridhar, Srinath},
  booktitle={European Conference on Computer Vision},
  pages={52--70},
  year={2025},
  organization={Springer}
}
@inproceedings{yang2024holodeck,
  title={Holodeck: Language guided generation of 3d embodied ai environments},
  author={Yang, Yue and Sun, Fan-Yun and Weihs, Luca and VanderBilt, Eli and Herrasti, Alvaro and Han, Winson and Wu, Jiajun and Haber, Nick and Krishna, Ranjay and Liu, Lingjie and others},
  booktitle={Proceedings of the IEEE/CVF Conference on Computer Vision and Pattern Recognition},
  pages={16227--16237},
  year={2024}
}
@inproceedings{fridovich2022plenoxels,
  title={Plenoxels: Radiance fields without neural networks},
  author={Fridovich-Keil, Sara and Yu, Alex and Tancik, Matthew and Chen, Qinhong and Recht, Benjamin and Kanazawa, Angjoo},
  booktitle={Proceedings of the IEEE/CVF conference on computer vision and pattern recognition},
  pages={5501--5510},
  year={2022}
}
@inproceedings{kumaran2023scenecraft,
  title={Scenecraft: Automating interactive narrative scene generation in digital games with large language models},
  author={Kumaran, Vikram and Rowe, Jonathan and Mott, Bradford and Lester, James},
  booktitle={Proceedings of the AAAI Conference on Artificial Intelligence and Interactive Digital Entertainment},
  volume={19},
  number={1},
  pages={86--96},
  year={2023}
}
@inproceedings{chang2014learning,
  title={Learning spatial knowledge for text to 3D scene generation},
  author={Chang, Angel and Savva, Manolis and Manning, Christopher D},
  booktitle={Proceedings of the 2014 conference on empirical methods in natural language processing (EMNLP)},
  pages={2028--2038},
  year={2014}
}
@article{shriram2024realmdreamer,
  title={Realmdreamer: Text-driven 3d scene generation with inpainting and depth diffusion},
  author={Shriram, Jaidev and Trevithick, Alex and Liu, Lingjie and Ramamoorthi, Ravi},
  journal={arXiv preprint arXiv:2404.07199},
  year={2024}
}
@article{feng2024layoutgpt,
  title={Layoutgpt: Compositional visual planning and generation with large language models},
  author={Feng, Weixi and Zhu, Wanrong and Fu, Tsu-jui and Jampani, Varun and Akula, Arjun and He, Xuehai and Basu, Sugato and Wang, Xin Eric and Wang, William Yang},
  journal={Advances in Neural Information Processing Systems},
  volume={36},
  year={2024}
}
@article{fridman2024scenescape,
  title={Scenescape: Text-driven consistent scene generation},
  author={Fridman, Rafail and Abecasis, Amit and Kasten, Yoni and Dekel, Tali},
  journal={Advances in Neural Information Processing Systems},
  volume={36},
  year={2024}
}

@article{tang2023dreamgaussian,
  title={Dreamgaussian: Generative gaussian splatting for efficient 3d content creation},
  author={Tang, Jiaxiang and Ren, Jiawei and Zhou, Hang and Liu, Ziwei and Zeng, Gang},
  journal={arXiv preprint arXiv:2309.16653},
  year={2023}
}@article{zhang2024text2nerf,
  title={Text2nerf: Text-driven 3d scene generation with neural radiance fields},
  author={Zhang, Jingbo and Li, Xiaoyu and Wan, Ziyu and Wang, Can and Liao, Jing},
  journal={IEEE Transactions on Visualization and Computer Graphics},
  year={2024},
  publisher={IEEE}
}
@inproceedings{hollein2023text2room,
  title={Text2room: Extracting textured 3d meshes from 2d text-to-image models},
  author={H{\"o}llein, Lukas and Cao, Ang and Owens, Andrew and Johnson, Justin and Nie{\ss}ner, Matthias},
  booktitle={Proceedings of the IEEE/CVF International Conference on Computer Vision},
  pages={7909--7920},
  year={2023}
}
@inproceedings{wang2023score,
  title={Score jacobian chaining: Lifting pretrained 2d diffusion models for 3d generation},
  author={Wang, Haochen and Du, Xiaodan and Li, Jiahao and Yeh, Raymond A and Shakhnarovich, Greg},
  booktitle={Proceedings of the IEEE/CVF Conference on Computer Vision and Pattern Recognition},
  pages={12619--12629},
  year={2023}
}
@inproceedings{rombach2022high,
  title={High-resolution image synthesis with latent diffusion models},
  author={Rombach, Robin and Blattmann, Andreas and Lorenz, Dominik and Esser, Patrick and Ommer, Bj{\"o}rn},
  booktitle={Proceedings of the IEEE/CVF conference on computer vision and pattern recognition},
  pages={10684--10695},
  year={2022}
}

@article{saharia2022photorealistic,
  title={Photorealistic text-to-image diffusion models with deep language understanding},
  author={Saharia, Chitwan and Chan, William and Saxena, Saurabh and Li, Lala and Whang, Jay and Denton, Emily L and Ghasemipour, Kamyar and Gontijo Lopes, Raphael and Karagol Ayan, Burcu and Salimans, Tim and others},
  journal={Advances in neural information processing systems},
  volume={35},
  pages={36479--36494},
  year={2022}
}
@article{wang2024prolificdreamer,
  title={Prolificdreamer: High-fidelity and diverse text-to-3d generation with variational score distillation},
  author={Wang, Zhengyi and Lu, Cheng and Wang, Yikai and Bao, Fan and Li, Chongxuan and Su, Hang and Zhu, Jun},
  journal={Advances in Neural Information Processing Systems},
  volume={36},
  year={2024}
}
@article{vilesov2023cg3d,
  title={Cg3d: Compositional generation for text-to-3d via gaussian splatting},
  author={Vilesov, Alexander and Chari, Pradyumna and Kadambi, Achuta},
  journal={arXiv preprint arXiv:2311.17907},
  year={2023}
}
@inproceedings{chen2024text,
  title={Text-to-3d using gaussian splatting},
  author={Chen, Zilong and Wang, Feng and Wang, Yikai and Liu, Huaping},
  booktitle={Proceedings of the IEEE/CVF Conference on Computer Vision and Pattern Recognition},
  pages={21401--21412},
  year={2024}
}
@inproceedings{po2024compositional,
  title={Compositional 3d scene generation using locally conditioned diffusion},
  author={Po, Ryan and Wetzstein, Gordon},
  booktitle={2024 International Conference on 3D Vision (3DV)},
  pages={651--663},
  year={2024},
  organization={IEEE}
}
@article{shi2023mvdream,
  title={Mvdream: Multi-view diffusion for 3d generation},
  author={Shi, Yichun and Wang, Peng and Ye, Jianglong and Long, Mai and Li, Kejie and Yang, Xiao},
  journal={arXiv preprint arXiv:2308.16512},
  year={2023}
}
@inproceedings{lin2023magic3d,
  title={Magic3d: High-resolution text-to-3d content creation},
  author={Lin, Chen-Hsuan and Gao, Jun and Tang, Luming and Takikawa, Towaki and Zeng, Xiaohui and Huang, Xun and Kreis, Karsten and Fidler, Sanja and Liu, Ming-Yu and Lin, Tsung-Yi},
  booktitle={Proceedings of the IEEE/CVF Conference on Computer Vision and Pattern Recognition},
  pages={300--309},
  year={2023}
}
@article{yin2023survey,
  title={A survey on multimodal large language models},
  author={Yin, Shukang and Fu, Chaoyou and Zhao, Sirui and Li, Ke and Sun, Xing and Xu, Tong and Chen, Enhong},
  journal={arXiv preprint arXiv:2306.13549},
  year={2023}
}
@article{bai2023componerf,
  title={CompoNeRF: Text-guided multi-object compositional NeRF with editable 3D scene layout},
  author={Bai, Haotian and Lyu, Yuanhuiyi and Jiang, Lutao and Li, Sijia and Lu, Haonan and Lin, Xiaodong and Wang, Lin},
  journal={arXiv preprint arXiv:2303.13843},
  year={2023}
}
@article{li2023gaussiandiffusion,
  title={Gaussiandiffusion: 3d gaussian splatting for denoising diffusion probabilistic models with structured noise},
  author={Li, Xinhai and Wang, Huaibin and Tseng, Kuo-Kun},
  journal={arXiv preprint arXiv:2311.11221},
  year={2023}
}
@article{chung2023luciddreamer,
  title={Luciddreamer: Domain-free generation of 3d gaussian splatting scenes},
  author={Chung, Jaeyoung and Lee, Suyoung and Nam, Hyeongjin and Lee, Jaerin and Lee, Kyoung Mu},
  journal={arXiv preprint arXiv:2311.13384},
  year={2023}
}
@inproceedings{jain2022zero,
  title={Zero-shot text-guided object generation with dream fields},
  author={Jain, Ajay and Mildenhall, Ben and Barron, Jonathan T and Abbeel, Pieter and Poole, Ben},
  booktitle={Proceedings of the IEEE/CVF conference on computer vision and pattern recognition},
  pages={867--876},
  year={2022}
}
@inproceedings{michel2022text2mesh,
  title={Text2mesh: Text-driven neural stylization for meshes},
  author={Michel, Oscar and Bar-On, Roi and Liu, Richard and Benaim, Sagie and Hanocka, Rana},
  booktitle={Proceedings of the IEEE/CVF Conference on Computer Vision and Pattern Recognition},
  pages={13492--13502},
  year={2022}
}
@inproceedings{wang2022clip,
  title={Clip-nerf: Text-and-image driven manipulation of neural radiance fields},
  author={Wang, Can and Chai, Menglei and He, Mingming and Chen, Dongdong and Liao, Jing},
  booktitle={Proceedings of the IEEE/CVF Conference on Computer Vision and Pattern Recognition},
  pages={3835--3844},
  year={2022}
}
@inproceedings{mohammad2022clip,
  title={Clip-mesh: Generating textured meshes from text using pretrained image-text models},
  author={Mohammad Khalid, Nasir and Xie, Tianhao and Belilovsky, Eugene and Popa, Tiberiu},
  booktitle={SIGGRAPH Asia 2022 conference papers},
  pages={1--8},
  year={2022}
}
@inproceedings{sanghi2022clip,
  title={Clip-forge: Towards zero-shot text-to-shape generation},
  author={Sanghi, Aditya and Chu, Hang and Lambourne, Joseph G and Wang, Ye and Cheng, Chin-Yi and Fumero, Marco and Malekshan, Kamal Rahimi},
  booktitle={Proceedings of the IEEE/CVF Conference on Computer Vision and Pattern Recognition},
  pages={18603--18613},
  year={2022}
}
@inproceedings{cohen2023set,
  title={Set-the-scene: Global-local training for generating controllable nerf scenes},
  author={Cohen-Bar, Dana and Richardson, Elad and Metzer, Gal and Giryes, Raja and Cohen-Or, Daniel},
  booktitle={Proceedings of the IEEE/CVF International Conference on Computer Vision},
  pages={2920--2929},
  year={2023}
}
@article{zhou2024gala3d,
  title={Gala3d: Towards text-to-3d complex scene generation via layout-guided generative gaussian splatting},
  author={Zhou, Xiaoyu and Ran, Xingjian and Xiong, Yajiao and He, Jinlin and Lin, Zhiwei and Wang, Yongtao and Sun, Deqing and Yang, Ming-Hsuan},
  journal={arXiv preprint arXiv:2402.07207},
  year={2024}
}
@inproceedings{chen2024vp3d,
  title={Vp3d: Unleashing 2d visual prompt for text-to-3d generation},
  author={Chen, Yang and Pan, Yingwei and Yang, Haibo and Yao, Ting and Mei, Tao},
  booktitle={Proceedings of the IEEE/CVF Conference on Computer Vision and Pattern Recognition},
  pages={4896--4905},
  year={2024}
}
@article{ge2024compgs,
  title={CompGS: Unleashing 2D Compositionality for Compositional Text-to-3D via Dynamically Optimizing 3D Gaussians},
  author={Ge, Chongjian and Xu, Chenfeng and Ji, Yuanfeng and Peng, Chensheng and Tomizuka, Masayoshi and Luo, Ping and Ding, Mingyu and Jampani, Varun and Zhan, Wei},
  journal={arXiv preprint arXiv:2410.20723},
  year={2024}
}
@inproceedings{gao2024graphdreamer,
  title={Graphdreamer: Compositional 3d scene synthesis from scene graphs},
  author={Gao, Gege and Liu, Weiyang and Chen, Anpei and Geiger, Andreas and Sch{\"o}lkopf, Bernhard},
  booktitle={Proceedings of the IEEE/CVF Conference on Computer Vision and Pattern Recognition},
  pages={21295--21304},
  year={2024}
}
@article{kerbl20233d,
  title={3d gaussian splatting for real-time radiance field rendering.},
  author={Kerbl, Bernhard and Kopanas, Georgios and Leimk{\"u}hler, Thomas and Drettakis, George},
  journal={ACM Trans. Graph.},
  volume={42},
  number={4},
  pages={139--1},
  year={2023}
}

@article{paszke2019pytorch,
  title={Pytorch: An imperative style, high-performance deep learning library},
  author={Paszke, Adam and Gross, Sam and Massa, Francisco and Lerer, Adam and Bradbury, James and Chanan, Gregory and Killeen, Trevor and Lin, Zeming and Gimelshein, Natalia and Antiga, Luca and others},
  journal={Advances in neural information processing systems},
  volume={32},
  year={2019}
}

@inproceedings{liu2023threestudio,
  title={Threestudio: A modular framework for diffusion-guided 3d generation},
  author={Liu, Ying-Tian and Guo, Yuan-Chen and Voleti, Vikram and Shao, Ruizhi and Chen, Chia-Hao and Luo, Guan and Zou, Zixin and Wang, Chen and Laforte, Christian and Cao, Yan-Pei and others},
  year={2023},
  organization={ICCV}
}

@article{jun2023shap,
  title={Shap-e: Generating conditional 3d implicit functions},
  author={Jun, Heewoo and Nichol, Alex},
  journal={arXiv preprint arXiv:2305.02463},
  year={2023}
}
@inproceedings{niemeyer2021giraffe,
  title={Giraffe: Representing scenes as compositional generative neural feature fields},
  author={Niemeyer, Michael and Geiger, Andreas},
  booktitle={Proceedings of the IEEE/CVF Conference on Computer Vision and Pattern Recognition},
  pages={11453--11464},
  year={2021}
}
@article{yi2023gaussiandreamer,
  title={Gaussiandreamer: Fast generation from text to 3d gaussian splatting with point cloud priors},
  author={Yi, Taoran and Fang, Jiemin and Wu, Guanjun and Xie, Lingxi and Zhang, Xiaopeng and Liu, Wenyu and Tian, Qi and Wang, Xinggang},
  journal={arXiv preprint arXiv:2310.08529},
  year={2023}
}
@inproceedings{chen2023fantasia3d,
  title={Fantasia3d: Disentangling geometry and appearance for high-quality text-to-3d content creation},
  author={Chen, Rui and Chen, Yongwei and Jiao, Ningxin and Jia, Kui},
  booktitle={Proceedings of the IEEE/CVF international conference on computer vision},
  pages={22246--22256},
  year={2023}
}

@article{he2023t,
  title={T$^{3}$Bench: Benchmarking current progress in text-to-3d...},
  author={He, Yuze and Bai, Yushi and Lin, Matthieu and Zhao, Wang and Hu, Yubin and Sheng, Jenny and Yi, Ran and Li, Juanzi and Liu, Yong-Jin},
  journal={arXiv preprint arXiv:2310.02977},
  year={2023}
}
@article{mildenhall2021nerf,
  title={Nerf: Representing scenes as neural radiance fields for view synthesis},
  author={Mildenhall, Ben and Srinivasan, Pratul P and Tancik, Matthew and Barron, Jonathan T and Ramamoorthi, Ravi and Ng, Ren},
  journal={Communications of the ACM},
  volume={65},
  number={1},
  pages={99--106},
  year={2021},
  publisher={ACM New York, NY, USA}
}