@proceedings{wsc-2023-sanskrit,
    title = "Proceedings of the Computational {S}anskrit {\&} Digital Humanities: Selected papers presented at the 18th World {S}anskrit Conference",
    editor = "Kulkarni, Amba  and
      Hellwig, Oliver",
    month = jan,
    year = "2023",
    address = "Canberra, Australia (Online mode)",
    publisher = "Association for Computational Linguistics",
    url = "https://aclanthology.org/2023.wsc-csdh.0",
}
@inproceedings{krishna-etal-2023-neural,
    title = "Neural Approaches for Data Driven Dependency Parsing in {S}anskrit",
    author = "Krishna, Amrith  and
      Gupta, Ashim  and
      Garasangi, Deepak  and
      Sandhan, Jeevnesh  and
      Satuluri, Pavankumar  and
      Goyal, Pawan",
    booktitle = "Proceedings of the Computational {S}anskrit {\&} Digital Humanities: Selected papers presented at the 18th World {S}anskrit Conference",
    month = jan,
    year = "2023",
    address = "Canberra, Australia (Online mode)",
    publisher = "Association for Computational Linguistics",
    url = "https://aclanthology.org/2023.wsc-csdh.1",
    pages = "1--20",
}