% Use this file for citations not found in the ACL Anthology (contained in "anthology.bib").

@inproceedings{voorhees2000the,
  author = {Ellen M. Voorhees and Dawn M. Tice},
  title = {The $\text{TREC-8}$ Question Answering Track},
  booktitle = {Proceedings of the Second International Conference on Language Resources and Evaluation},
  year         = {2000},
}

@inproceedings{mintz2009distant,
  title={Distant supervision for relation extraction without labeled data},
  author={Mintz, Mike and Bills, Steven and Snow, Rion and Jurafsky, Dan},
  booktitle={Proceedings of the Joint Conference of the 47th Annual Meeting of the ACL and the 4th International Joint Conference on Natural Language Processing of the AFNLP},
  pages={1003--1011},
  year={2009}
}

@inproceedings{ferragina2010tagme,
  title={$\text{TAGME}$: on-the-fly annotation of short text fragments (by wikipedia entities)},
  author={Ferragina, Paolo and Scaiella, Ugo},
  booktitle={Proceedings of the 19th ACM international conference on Information and knowledge management},
  pages={1625--1628},
  year={2010}
}

@article{vrandevcic2014wikidata,
  title={Wikidata: a free collaborative knowledgebase},
  author={Vrande{\v{c}}i{\'c}, Denny and Kr{\"o}tzsch, Markus},
  journal={Communications of the ACM},
  volume={57},
  number={10},
  pages={78--85},
  year={2014},
  publisher={ACM New York, NY, USA}
}

@inproceedings{ronneberger2015u,
  title={$\text{U-Net}$: Convolutional networks for biomedical image segmentation},
  author={Ronneberger, Olaf and Fischer, Philipp and Brox, Thomas},
  booktitle={Medical Image Computing and Computer-Assisted Intervention--MICCAI 2015: 18th International Conference, Munich, Germany, October 5-9, 2015, Proceedings, Part III 18},
  pages={234--241},
  year={2015},
  organization={Springer}
}

@inproceedings{chen2017reading,
  author = {Danqi Chen and Adam Fisch and Jason Weston and Antoine Bordes},
  title = {Reading Wikipedia to Answer Open-Domain Questions},
  booktitle = {Proceedings of the 55th Annual Meeting of the Association for Computational Linguistics},
  pages = {1870--1879},
  year = {2017},
}

@inproceedings{sun2018open,
  author       = {Haitian Sun and
                  Bhuwan Dhingra and
                  Manzil Zaheer and
                  Kathryn Mazaitis and
                  Ruslan Salakhutdinov and
                  William W. Cohen},
  title        = {Open Domain Question Answering Using Early Fusion of Knowledge Bases and Text},
  booktitle    = {Proceedings of the 2018 Conference on Empirical Methods in Natural Language Processing},
  pages        = {4231--4242},
  year         = {2018},
}

@inproceedings{verga2018simultaneously,
  author       = {Patrick Verga and
                  Emma Strubell and
                  Andrew McCallum},
  title        = {Simultaneously Self-Attending to All Mentions for Full-Abstract Biological
                  Relation Extraction},
  booktitle    = {Proceedings of the 2018 Conference of the North American Chapter of
                  the Association for Computational Linguistics: Human Language Technologies},
  pages        = {872--884},
  year         = {2018},
}

@inproceedings{devlin2019bert,
  author       = {Jacob Devlin and
                  Ming{-}Wei Chang and
                  Kenton Lee and
                  Kristina Toutanova},
  editor       = {Jill Burstein and
                  Christy Doran and
                  Thamar Solorio},
  title        = {{$\text{BERT}$}: Pre-training of Deep Bidirectional Transformers for Language
                  Understanding},
  booktitle    = {Proceedings of the 2019 Conference of the North American Chapter of
                  the Association for Computational Linguistics},
  pages        = {4171--4186},
  year         = {2019},
}

@inproceedings{karpukhin2020dense,
  author = {Vladimir Karpukhin and Barlas Oguz and Sewon Min and Patrick S. H. Lewis and Ledell Wu and Sergey Edunov and Danqi Chen and Wen{-}tau Yih},
  title = {Dense Passage Retrieval for Open-Domain Question Answering},
  booktitle = {Proceedings of the 2020 Conference on Empirical Methods in Natural Language Processing},
  pages = {6769--6781},
  year = {2020},
}

@article{lewis2020retrieval,
  title={Retrieval-augmented generation for knowledge-intensive $\text{NLP}$ tasks},
  author={Lewis, Patrick and Perez, Ethan and Piktus, Aleksandra and Petroni, Fabio and Karpukhin, Vladimir and Goyal, Naman and K{\"u}ttler, Heinrich and Lewis, Mike and Yih, Wen-tau and Rockt{\"a}schel, Tim and others},
  journal={Advances in Neural Information Processing Systems},
  volume={33},
  pages={9459--9474},
  year={2020}
}

@inproceedings{vashishth2020composition,
  author       = {Shikhar Vashishth and
                  Soumya Sanyal and
                  Vikram Nitin and
                  Partha P. Talukdar},
  title        = {Composition-based Multi-Relational Graph Convolutional Networks},
  booktitle    = {8th International Conference on Learning Representations},
  year         = {2020},
}

@inproceedings{izacard2020leveraging,
  author       = {Gautier Izacard and
                  Edouard Grave},
  title        = {Leveraging Passage Retrieval with Generative Models for Open Domain
                  Question Answering},
  booktitle    = {Proceedings of the 16th Conference of the European Chapter of the
                  Association for Computational Linguistics},
  pages        = {874--880},
  year         = {2021},
}

@article{raffel2020exploring,
  author = {Colin Raffel and Noam Shazeer and Adam Roberts and Katherine Lee and Sharan Narang and Michael Matena andYanqi Zhou and Wei Li and Peter J. Liu},
  title = {Exploring the Limits of Transfer Learning with a Unified Text-to-Text Transformer},
  journal = {Journal of Machine Learning Research},
  volume = {21},
  pages = {140:1--140:67},
  year = {2020},
}

@inproceedings{qu2021rocketqa,
  author       = {Yingqi Qu and
                  Yuchen Ding and
                  Jing Liu and
                  Kai Liu and
                  Ruiyang Ren and
                  Wayne Xin Zhao and
                  Daxiang Dong and
                  Hua Wu and
                  Haifeng Wang},
  title        = {Rocket$\text{QA}$: An Optimized Training Approach to Dense Passage Retrieval
                  for Open-Domain Question Answering},
  booktitle    = {Proceedings of the 2021 Conference of the North American Chapter of
                  the Association for Computational Linguistics},
  pages        = {5835--5847},
  year         = {2021},
}

@inproceedings{sachan2021end,
  author       = {Devendra Singh Sachan and
                  Mostofa Patwary and
                  Mohammad Shoeybi and
                  Neel Kant and
                  Wei Ping and
                  William L. Hamilton and
                  Bryan Catanzaro},
  title        = {End-to-End Training of Neural Retrievers for Open-Domain Question
                  Answering},
  booktitle    = {Proceedings of the 59th Annual Meeting of the Association for Computational
                  Linguistics and the 11th International Joint Conference on Natural
                  Language Processing},
  pages        = {6648--6662},
  year         = {2021},
}

@inproceedings{zhang2021document,
  author = {Ningyu Zhang and Xiang Chen and Xin Xie and Shumin Deng and Chuanqi Tan and Mosha Chen and Fei Huang and Luo Si and Huajun Chen},
  title = {Document-level Relation Extraction as Semantic Segmentation},
  booktitle = {Proceedings of the Thirtieth International Joint Conference on Artificial Intelligence},
  pages = {3999--4006},
  year = {2021},
}

@inproceedings{he2021improving,
  title={Improving multi-hop knowledge base question answering by learning intermediate supervision signals},
  author={He, Gaole and Lan, Yunshi and Jiang, Jing and Zhao, Wayne Xin and Wen, Ji-Rong},
  booktitle={Proceedings of the 14th ACM international conference on web search and data mining},
  pages={553--561},
  year={2021}
}

@inproceedings{cabot2021rebel,
  author = {Pere{-}Llu{\'{\i}}s Huguet Cabot and Roberto Navigli},
  title = {{REBEL:} Relation Extraction By End-to-end Language generation},
  booktitle = {Findings of the Association for Computational Linguistics},
  pages = {2370--2381},
  year = {2021},
}

@inproceedings{zhang2021readsre,
  title={Readsre: Retrieval-augmented distantly supervised relation extraction},
  author={Zhang, Yue and Fei, Hongliang and Li, Ping},
  booktitle={Proceedings of the 44th International ACM SIGIR Conference on Research and Development in Information Retrieval},
  pages={2257--2262},
  year={2021}
}

@inproceedings{zhang2022subgraph,
  author       = {Jing Zhang and
                  Xiaokang Zhang and
                  Jifan Yu and
                  Jian Tang and
                  Jie Tang and
                  Cuiping Li and
                  Hong Chen},
  title        = {Subgraph Retrieval Enhanced Model for Multi-hop Knowledge Base Question
                  Answering},
  booktitle    = {Proceedings of the 60th Annual Meeting of the Association for Computational
                  Linguistics (Volume 1: Long Papers)},
  pages        = {5773--5784},
  year         = {2022},
}

@article{khattab2022demonstrate,
  title={Demonstrate-Search-Predict: Composing retrieval and language models for knowledge-intensive $\text{NLP}$},
  author={Khattab, Omar and Santhanam, Keshav and Li, Xiang Lisa and Hall, David and Liang, Percy and Potts, Christopher and Zaharia, Matei},
  journal={arXiv preprint arXiv:2212.14024},
  year={2022}
}

@inproceedings{lu2022unified,
  author = {Yaojie Lu and Qing Liu and Dai Dai and Xinyan Xiao and Hongyu Lin and Xianpei Han and Le Sun and Hua Wu},
  title = {Unified Structure Generation for Universal Information Extraction},
  booktitle = {Proceedings of the 60th Annual Meeting of the Association for Computational Linguistics},
  pages = {5755--5772},
  year = {2022},
}

@inproceedings{lu2022summarization,
  author       = {Keming Lu and
                  I{-}Hung Hsu and
                  Wenxuan Zhou and
                  Mingyu Derek Ma and
                  Muhao Chen},
  title        = {Summarization as Indirect Supervision for Relation Extraction},
  booktitle    = {Findings of the Association for Computational Linguistics},
  pages        = {6575--6594},
  year         = {2022},
}

@inproceedings{yu2022kg,
  author = {Donghan Yu and Chenguang Zhu and Yuwei Fang and Wenhao Yu and Shuohang Wang and Yichong Xu and Xiang Ren and Yiming Yang and Michael Zeng},
  title = {$\text{KG-FiD}$: Infusing Knowledge Graph in Fusion-in-Decoder for Open-Domain Question Answering},
  booktitle = {Proceedings of the 60th Annual Meeting of the Association for Computational Linguistics},
  pages = {4961--4974},
  year = {2022},
}

@inproceedings{ju2022grape,
  author = {Mingxuan Ju and Wenhao Yu and Tong Zhao and Chuxu Zhang and Yanfang Ye},
  title = {$\text{GRAPE}$: Knowledge Graph Enhanced Passage Reader for Open-domain Question Answering},
  booktitle = {Findings of the Association for Computational Linguistics},
  pages = {169--181},
  year = {2022},
}

@inproceedings{Dhu2022empowering,
  author = {Ziniu Hu and Yichong Xu and Wenhao Yu and Shuohang Wang and Ziyi Yang and Chenguang Zhu and Kai{-}Wei Chang and Yizhou Sun},
  title = {Empowering Language Models with Knowledge Graph Reasoning for Open-Domain Question Answering},
  booktitle = {Proceedings of the 2022 Conference on Empirical Methods in Natural Language Processing},
  pages = {9562--9581},
  year = {2022},
}

@inproceedings{oguz2022unik,
  author = {Barlas Oguz and Xilun Chen and Vladimir Karpukhin and Stan Peshterliev and Dmytro Okhonko and Michael Sejr Schlichtkrull and Sonal Gupta and Yashar Mehdad and Scott Yih},
  title = {$\text{UniK-QA}$: Unified Representations of Structured and Unstructured Knowledge for Open-Domain Question Answering},
  booktitle = {Findings of the Association for Computational Linguistics},
  pages = {1535--1546},
  year = {2022},
}

@article{cao2022knowledge,
  title={Knowledge Graph Embedding: A Survey from the Perspective of Representation Spaces},
  author={Cao, Jiahang and Fang, Jinyuan and Meng, Zaiqiao and Liang, Shangsong},
  journal={arXiv preprint arXiv:2211.03536},
  year={2022}
}

@article{izacard2023atlas,
  author       = {Gautier Izacard and
                  Patrick S. H. Lewis and
                  Maria Lomeli and
                  Lucas Hosseini and
                  Fabio Petroni and
                  Timo Schick and
                  Jane Dwivedi{-}Yu and
                  Armand Joulin and
                  Sebastian Riedel and
                  Edouard Grave},
  title        = {Atlas: Few-shot Learning with Retrieval Augmented Language Models},
  journal      = {Journal of Machine Learning Research},
  volume       = {24},
  pages        = {251:1--251:43},
  year         = {2023},
}

@inproceedings{ramesh2023single,
  author       = {Gowtham Ramesh and Makesh Narsimhan Sreedhar and Junjie Hu},
  title        = {Single Sequence Prediction over Reasoning Graphs for Multi-hop $\text{QA}$},
  booktitle    = {Proceedings of the 61st Annual Meeting of the Association for Computational
                  Linguistics (Volume 1: Long Papers)},
  pages        = {11466--11481},
  year         = {2023},
}

@misc{honnibal2017spacy,
  title={$\text{spaCy 2}$: Natural Language Understanding with Bloom Embeddings, Convolutional Neural Networks and Incremental Parsing. GitHub},
  author={Honnibal, Matthew and Montani, Ines},
  year={2017}
}

@misc{wikidataapi,
  title = {Wikidata API},
  howpublished = {\url{https://www.wikidata.org/w/api.php}},
}

@article{kwiatkowski2019natural,
  title={Natural questions: a benchmark for question answering research},
  author={Kwiatkowski, Tom and Palomaki, Jennimaria and Redfield, Olivia and Collins, Michael and Parikh, Ankur and Alberti, Chris and Epstein, Danielle and Polosukhin, Illia and Devlin, Jacob and Lee, Kenton and others},
  journal={Transactions of the Association for Computational Linguistics},
  volume={7},
  pages={453--466},
  year={2019},
}

@inproceedings{joshi2017triviaqa,
  author = {Mandar Joshi and Eunsol Choi and Daniel S. Weld and Luke Zettlemoyer},
  title = {$\text{TriviaQA}$: {A} Large Scale Distantly Supervised Challenge Dataset for Reading Comprehension},
  booktitle = {Proceedings of the 55th Annual Meeting of the Association for Computational Linguistics},
  pages = {1601--1611},
  year = {2017},
}

@inproceedings{sciavolino2021simple,
  author = {Christopher Sciavolino and Zexuan Zhong and Jinhyuk Lee and Danqi Chen},
  title = {Simple Entity-Centric Questions Challenge Dense Retrievers},
  booktitle = {Proceedings of the 2021 Conference on Empirical Methods in Natural Language Processing},
  pages = {6138--6148},
  year = {2021},
}

@inproceedings{ho2020constructing,
  author = {Xanh Ho and Anh{-}Khoa Duong Nguyen and Saku Sugawara and Akiko Aizawa},
  title = {Constructing {A} Multi-hop {QA} Dataset for Comprehensive Evaluation of Reasoning Steps},
  booktitle = {Proceedings of the 28th International Conference on Computational Linguistics},
  pages = {6609--6625},
  year = {2020},
}

@article{trivedi2022musique,
  author = {Harsh Trivedi and Niranjan Balasubramanian and Tushar Khot and Ashish Sabharwal},
  title = {$\text{MuSiQue}$: Multihop Questions via Single-hop Question Composition},
  journal = {Trans. Assoc. Comput. Linguistics},
  volume = {10},
  pages = {539--554},
  year = {2022},
}

@INPROCEEDINGS{Lin_etal_SIGIR2021_Pyserini,
   author = "Jimmy Lin and Xueguang Ma and Sheng-Chieh Lin and Jheng-Hong Yang and Ronak Pradeep and Rodrigo Nogueira",
   title = "{Pyserini}: A {Python} Toolkit for Reproducible Information Retrieval Research with Sparse and Dense Representations",
   booktitle = "Proceedings of the 44th Annual International ACM SIGIR Conference on Research and Development in Information Retrieval",
   year = 2021,
   pages = "2356--2362",
}

@inproceedings{jong2023fido,
  author = {Michiel de Jong and Yury Zemlyanskiy and Joshua Ainslie and Nicholas FitzGerald and Sumit Sanghai and Fei Sha and William W. Cohen},
  title = {$\text{FiDO}$: Fusion-in-Decoder optimized for stronger performance and faster inference},
  booktitle = {Findings of the Association for Computational Linguistics},
  pages = {11534--11547},
  year = {2023},
}

@inproceedings{loshchilov2017decoupled,
  author    = {Loshchilov, Ilya and Hutter, Frank},
  title     = {Decoupled weight decay regularization},
  booktitle = {International Conference on Learning Representations},
  year      = {2019},
}

@inproceedings{yu2023generate,
  author = {Wenhao Yu and Dan Iter and Shuohang Wang and Yichong Xu and Mingxuan Ju and Soumya Sanyal and Chenguang Zhu and Michael Zeng and Meng Jiang},
  title = {Generate rather than Retrieve: Large Language Models are Strong Context Generators},
  booktitle = {The Eleventh International Conference on Learning Representations },
  year = {2023},
}

@inproceedings{zhang2023a,
  author = {Qin Zhang and Shangsi Chen and Dongkuan Xu and Qingqing Cao and Xiaojun Chen and Trevor Cohn and Meng Fang},
  title = {A Survey for Efficient Open Domain Question Answering},
  booktitle = {Proceedings of the 61st Annual Meeting of the Association for Computational Linguistics},
  pages = {14447--14465},
  year = {2023},
}

@inproceedings{kedia2022fie,
  author = {Akhil Kedia and Mohd Abbas Zaidi and Haejun Lee}, 
  title = {$\text{FiE}$: Building a Global Probability Space by Leveraging Early Fusion in Encoder for Open-Domain Question Answering},
  booktitle = {Proceedings of the 2022 Conference on Empirical Methods in Natural Language Processing},
  pages = {4246--4260},
  year = {2022},
}

@article{abdallah2023generator,
  title={Generator-retriever-generator: A novel approach to open-domain question answering},
  author={Abdallah, Abdelrahman and Jatowt, Adam},
  journal={arXiv preprint arXiv:2307.11278},
  year={2023}
}

@inproceedings{yang2019end,
  author = {Wei Yang and Yuqing Xie and Aileen Lin and Xingyu Li and Luchen Tan and Kun Xiong and Ming Li and Jimmy Lin},
  title = {End-to-End Open-Domain Question Answering with BERTserini},
  booktitle = {Proceedings of the 2019 Conference of the North American Chapter of the Association for Computational Linguistics: Human Language Technologies},
  pages = {72--77},
  year = {2019}
}

@inproceedings{izacard2021distilling,
  author = {Gautier Izacard and Edouard Grave},
  title = {Distilling Knowledge from Reader to Retriever for Question Answering},
  booktitle = {International Conference on Learning Representations},
  year = {2021},
}


@inproceedings{mao2021reader,
  author = {Yuning Mao and Pengcheng He and Xiaodong Liu and Yelong Shen and Jianfeng Gao and Jiawei Han and Weizhu Chen},
  title = {Reader-Guided Passage Reranking for Open-Domain Question Answering},
  booktitle = {Findings of the Association for Computational Linguistics},
  pages = {344--350},
  year = {2021},
}

@inproceedings{cheng2021unitedqa,
  author = {Hao Cheng and Yelong Shen and Xiaodong Liu and Pengcheng He and Weizhu Chen and Jianfeng Gao},
  title = {UnitedQA: {A} Hybrid Approach for Open Domain Question Answering},
  booktitle = {Proceedings of the 59th Annual Meeting of the Association for Computational Linguistics and the 11th International Joint Conference on Natural Language Processing},
  pages = {3080--3090},
  year = {2021},
}

@inproceedings{borgeaud2022improving,
  author       = {Sebastian Borgeaud and
                  Arthur Mensch and
                  Jordan Hoffmann and
                  Trevor Cai and
                  Eliza Rutherford and
                  Katie Millican and
                  George van den Driessche and
                  Jean{-}Baptiste Lespiau and
                  Bogdan Damoc and
                  Aidan Clark and
                  Diego de Las Casas and
                  Aurelia Guy and
                  Jacob Menick and
                  Roman Ring and
                  Tom Hennigan and
                  Saffron Huang and
                  Loren Maggiore and
                  Chris Jones and
                  Albin Cassirer and
                  Andy Brock and
                  Michela Paganini and
                  Geoffrey Irving and
                  Oriol Vinyals and
                  Simon Osindero and
                  Karen Simonyan and
                  Jack W. Rae and
                  Erich Elsen and
                  Laurent Sifre},
  title        = {Improving Language Models by Retrieving from Trillions of Tokens},
  booktitle    = {International Conference on Machine Learning},
  volume       = {162},
  pages        = {2206--2240},
  year         = {2022}
}

@inproceedings{guu2020retrieval,
  title={Retrieval augmented language model pre-training},
  author={Guu, Kelvin and Lee, Kenton and Tung, Zora and Pasupat, Panupong and Chang, Mingwei},
  booktitle={International conference on machine learning},
  pages={3929--3938},
  year={2020},
  organization={PMLR}
}

@inproceedings{schneider2022a,
  author       = {Phillip Schneider and
                  Tim Schopf and
                  Juraj Vladika and
                  Michael Galkin and
                  Elena Simperl and
                  Florian Matthes},
  title        = {A Decade of Knowledge Graphs in Natural Language Processing: {A} Survey},
  booktitle    = {Proceedings of the 2nd Conference of the Asia-Pacific Chapter of the
                  Association for Computational Linguistics and the 12th International
                  Joint Conference on Natural Language Processing},
  pages        = {601--614},
  year         = {2022},
}

@article{zhou2020knowledge,
  title={Knowledge-aided open-domain question answering},
  author={Zhou, Mantong and Shi, Zhouxing and Huang, Minlie and Zhu, Xiaoyan},
  journal={arXiv preprint arXiv:2006.05244},
  year={2020}
}

@article{min2019knowledge,
  title={Knowledge guided text retrieval and reading for open domain question answering},
  author={Min, Sewon and Chen, Danqi and Zettlemoyer, Luke and Hajishirzi, Hannaneh},
  journal={arXiv preprint arXiv:1911.03868},
  year={2019}
}

@article{liu2019roberta,
  title={$\text{RoBERTa}$: A robustly optimized bert pretraining approach},
  author={Liu, Yinhan and Ott, Myle and Goyal, Naman and Du, Jingfei and Joshi, Mandar and Chen, Danqi and Levy, Omer and Lewis, Mike and Zettlemoyer, Luke and Stoyanov, Veselin},
  journal={arXiv preprint arXiv:1907.11692},
  year={2019}
}

@inproceedings{li2018deeper,
  title={Deeper insights into graph convolutional networks for semi-supervised learning},
  author={Li, Qimai and Han, Zhichao and Wu, Xiao-Ming},
  booktitle={Thirty-Second AAAI conference on Artificial Intelligence},
  year={2018}
}

@inproceedings{lewis2020bart,
  author = {Mike Lewis and Yinhan Liu and Naman Goyal and Marjan Ghazvininejad and Abdelrahman Mohamed and Omer Levy and Veselin Stoyanov and Luke Zettlemoyer},
  title = {$\text{BART:}$ Denoising Sequence-to-Sequence Pre-training for Natural Language Generation, Translation, and Comprehension},
  booktitle = {Proceedings of the 58th Annual Meeting of the Association for Computational Linguistics},
  pages = {7871--7880},
  year = {2020},
}

@inproceedings{brown2020language,
  author = {Tom B. Brown and
                  Benjamin Mann and
                  Nick Ryder and
                  Melanie Subbiah and
                  Jared Kaplan and
                  Prafulla Dhariwal and
                  Arvind Neelakantan and
                  Pranav Shyam and
                  Girish Sastry and
                  Amanda Askell and
                  Sandhini Agarwal and
                  Ariel Herbert{-}Voss and
                  Gretchen Krueger and
                  Tom Henighan and
                  Rewon Child and
                  Aditya Ramesh and
                  Daniel M. Ziegler and
                  Jeffrey Wu and
                  Clemens Winter and
                  Christopher Hesse and
                  Mark Chen and
                  Eric Sigler and
                  Mateusz Litwin and
                  Scott Gray and
                  Benjamin Chess and
                  Jack Clark and
                  Christopher Berner and
                  Sam McCandlish and
                  Alec Radford and
                  Ilya Sutskever and
                  Dario Amodei},
  title = {Language Models are Few-Shot Learners},
  booktitle = {Advances in Neural Information Processing Systems},
  year = {2020},
}

@misc{wikidataAPI,
  title = {{Wikidata API}},
  howpublished = {\url{https://www.wikidata.org/w/api.php}},
}

@article{robertson09the,
  author = {Stephen E. Robertson and Hugo Zaragoza},
  title = {The Probabilistic Relevance Framework: {BM25} and Beyond},
  journal = {Foundations and Trends in Information Retrieval},
  volume = {3},
  number = {4},
  pages = {333--389},
  year = {2009},
}

@inproceedings{robertson94okapi,
  author = {Stephen E. Robertson and Steve Walker and Susan Jones and Micheline Hancock{-}Beaulieu and Mike Gatford},
  title = {Okapi at {TREC-3}},
  booktitle = {Proceedings of The Third Text REtrieval Conference, {TREC}},
  volume = {500-225},
  pages = {109--126},
  year  = {1994},
}

@article{ji2022a,
  author = {Shaoxiong Ji and Shirui Pan and Erik Cambria and Pekka Marttinen and Philip S. Yu},
  title  = {A Survey on Knowledge Graphs: Representation, Acquisition, and Applications},
  journal = {{IEEE} Trans. Neural Networks Learn. Syst.},
  volume = {33},
  number = {2},
  pages = {494--514},
  year = {2022},
}

@article{wei2023zero,
  title={Zero-shot information extraction via chatting with $\text{ChatGPT}$},
  author={Wei, Xiang and Cui, Xingyu and Cheng, Ning and Wang, Xiaobin and Zhang, Xin and Huang, Shen and Xie, Pengjun and Xu, Jinan and Chen, Yufeng and Zhang, Meishan and others},
  journal={arXiv preprint arXiv:2302.10205},
  year={2023}
}

@article{bi2024codekgc,
  title={$Code\text{KGC}$: Code language model for generative knowledge graph construction},
  author={Bi, Zhen and Chen, Jing and Jiang, Yinuo and Xiong, Feiyu and Guo, Wei and Chen, Huajun and Zhang, Ningyu},
  journal={ACM Transactions on Asian and Low-Resource Language Information Processing},
  volume={23},
  number={3},
  pages={1--16},
  year={2024},
  publisher={ACM New York, NY}
}

@article{zhang2024extract,
  title={Extract, Define, Canonicalize: An $\text{LLM}$-based Framework for Knowledge Graph Construction},
  author={Zhang, Bowen and Soh, Harold},
  journal={arXiv preprint arXiv:2404.03868},
  year={2024}
}

@article{wei2022jason,
  author = {Jason Wei and Yi Tay and Rishi Bommasani and Colin Raffel and Barret Zoph and Sebastian Borgeaud and Dani Yogatama and Maarten Bosma and Denny Zhou and Donald Metzler and Ed H. Chi and Tatsunori Hashimoto and Oriol Vinyals and Percy Liang and Jeff Dean and William Fedus},
  title = {Emergent Abilities of Large Language Models},
  journal = {Transactions on Machine Learning Research},
  volume = {2022},
  year = {2022},
}

@article{liu2024lost,
  title={Lost in the middle: How language models use long contexts},
  author={Liu, Nelson F and Lin, Kevin and Hewitt, John and Paranjape, Ashwin and Bevilacqua, Michele and Petroni, Fabio and Liang, Percy},
  journal={Transactions of the Association for Computational Linguistics},
  volume={12},
  pages={157--173},
  year={2024},
  publisher={MIT Press One Broadway, 12th Floor, Cambridge, Massachusetts 02142, USA~…}
}

@article{ji2023survey,
  title={Survey of hallucination in natural language generation},
  author={Ji, Ziwei and Lee, Nayeon and Frieske, Rita and Yu, Tiezheng and Su, Dan and Xu, Yan and Ishii, Etsuko and Bang, Ye Jin and Madotto, Andrea and Fung, Pascale},
  journal={ACM Computing Surveys},
  volume={55},
  number={12},
  pages={1--38},
  year={2023},
  publisher={ACM New York, NY}
}

@article{ram2023context,
  title={In-context retrieval-augmented language models},
  author={Ram, Ori and Levine, Yoav and Dalmedigos, Itay and Muhlgay, Dor and Shashua, Amnon and Leyton-Brown, Kevin and Shoham, Yoav},
  journal={Transactions of the Association for Computational Linguistics},
  volume={11},
  pages={1316--1331},
  year={2023},
  publisher={MIT Press One Broadway, 12th Floor, Cambridge, Massachusetts 02142, USA~…}
}

@article{shi2023replug,
  title={$\text{REPLUG}$: Retrieval-augmented black-box language models},
  author={Shi, Weijia and Min, Sewon and Yasunaga, Michihiro and Seo, Minjoon and James, Rich and Lewis, Mike and Zettlemoyer, Luke and Yih, Wen-tau},
  journal={arXiv preprint arXiv:2301.12652},
  year={2023}
}

@article{xu2023recomp,
  title={$\text{RECOMP}$: Improving retrieval-augmented lms with compression and selective augmentation},
  author={Xu, Fangyuan and Shi, Weijia and Choi, Eunsol},
  journal={arXiv preprint arXiv:2310.04408},
  year={2023}
}

@inproceedings{trivedi2023interleaving,
  author = {Harsh Trivedi and Niranjan Balasubramanian and Tushar Khot and Ashish Sabharwal},
  title = {Interleaving Retrieval with Chain-of-Thought Reasoning for Knowledge-Intensive Multi-Step Questions},
  booktitle = {Proceedings of the 61st Annual Meeting of the Association for Computational Linguistics (Volume 1: Long Papers)},
  pages = {10014--10037},
  year = {2023},
}

@inproceedings{yoran2024making,
  author={Yoran, Ori and Wolfson, Tomer and Ram, Ori and Berant, Jonathan},
  title={Making retrieval-augmented language models robust to irrelevant context},
  booktitle={International Conference on Learning Representations},
  year={2024}
}

@inproceedings{lin2024ra,
  title={$\text{RA-DIT}$: Retrieval-augmented dual instruction tuning},
  author={Lin, Xi Victoria and Chen, Xilun and Chen, Mingda and Shi, Weijia and Lomeli, Maria and James, Rich and Rodriguez, Pedro and Kahn, Jacob and Szilvasy, Gergely and Lewis, Mike and others},
  booktitle={International Conference on Learning Representations},
  year={2024}
}

@inproceedings{petroni2020how,
  author = {Fabio Petroni and Patrick S. H. Lewis andAleksandra Piktus and Tim Rockt{\"{a}}schel and Yuxiang Wu and Alexander H. Miller and Sebastian Riedel},
  title = {How Context Affects Language Models' Factual Predictions},
  booktitle = {Conference on Automated Knowledge Base Construction},
  year = {2020},
}

@inproceedings{li2023large,
  author = {Daliang Li and Ankit Singh Rawat and Manzil Zaheer and Xin Wang and Michal Lukasik and Andreas Veit and Felix X. Yu and Sanjiv Kumar},
  title = {Large Language Models with Controllable Working Memory},
  booktitle = {Findings of the Association for Computational Linguistics},
  pages = {1774--1793},
  year = {2023},
}

@inproceedings{jiang2023active,
  author = {Zhengbao Jiang and Frank F. Xu and Luyu Gao and Zhiqing Sun and Qian Liu and Jane Dwivedi{-}Yu and Yiming Yang and Jamie Callan and Graham Neubig},
  title = {Active Retrieval Augmented Generation},
  booktitle = {Proceedings of the 2023 Conference on Empirical Methods in Natural Language Processing},
  pages = {7969--7992},
  year = {2023},
}

@article{huang2023survey,
  title={A survey on hallucination in large language models: Principles, taxonomy, challenges, and open questions},
  author={Huang, Lei and Yu, Weijiang and Ma, Weitao and Zhong, Weihong and Feng, Zhangyin and Wang, Haotian and Chen, Qianglong and Peng, Weihua and Feng, Xiaocheng and Qin, Bing and others},
  journal={arXiv preprint arXiv:2311.05232},
  year={2023}
}

@article{achiam2023gpt,
  title={$\text{GPT-4}$ technical report},
  author={Achiam, Josh and Adler, Steven and Agarwal, Sandhini and Ahmad, Lama and Akkaya, Ilge and Aleman, Florencia Leoni and Almeida, Diogo and Altenschmidt, Janko and Altman, Sam and Anadkat, Shyamal and others},
  journal={arXiv preprint arXiv:2303.08774},
  year={2023}
}

@article{touvron2023llama,
  title={$\text{LLaMA}$: Open and efficient foundation language models},
  author={Touvron, Hugo and Lavril, Thibaut and Izacard, Gautier and Martinet, Xavier and Lachaux, Marie-Anne and Lacroix, Timoth{\'e}e and Rozi{\`e}re, Baptiste and Goyal, Naman and Hambro, Eric and Azhar, Faisal and others},
  journal={arXiv preprint arXiv:2302.13971},
  year={2023}
}

@inproceedings{kandpal2023large,
  title={Large language models struggle to learn long-tail knowledge},
  author={Kandpal, Nikhil and Deng, Haikang and Roberts, Adam and Wallace, Eric and Raffel, Colin},
  booktitle={International Conference on Machine Learning},
  pages={15696--15707},
  year={2023},
  organization={PMLR}
}

@article{xu2023large,
  title={Large language models for generative information extraction: A survey},
  author={Xu, Derong and Chen, Wei and Peng, Wenjun and Zhang, Chao and Xu, Tong and Zhao, Xiangyu and Wu, Xian and Zheng, Yefeng and Chen, Enhong},
  journal={arXiv preprint arXiv:2312.17617},
  year={2023}
}

@inproceedings{schaeffer2023are,
  author = {Rylan Schaeffer and Brando Miranda and Sanmi Koyejo},
  title = {Are Emergent Abilities of Large Language Models a Mirage?},
  booktitle = {Advances in Neural Information Processing Systems},
  year = {2023},
}

@article{sanmartin2024kg,
  title={$\text{KG-RAG}$: Bridging the Gap Between Knowledge and Creativity},
  author={Sanmartin, Diego},
  journal={arXiv preprint arXiv:2405.12035},
  year={2024}
}

@inproceedings{shi2023large,
  title={Large language models can be easily distracted by irrelevant context},
  author={Shi, Freda and Chen, Xinyun and Misra, Kanishka and Scales, Nathan and Dohan, David and Chi, Ed H and Sch{\"a}rli, Nathanael and Zhou, Denny},
  booktitle={International Conference on Machine Learning},
  pages={31210--31227},
  year={2023},
  organization={PMLR}
}

@inproceedings{yang2018hotpotqa,
  author = {Zhilin Yang and Peng Qi and Saizheng Zhang and Yoshua Bengio and William W. Cohen and Ruslan Salakhutdinov and Christopher D. Manning},
  title = {$\text{HotpotQA}$: {A} Dataset for Diverse, Explainable Multi-hop Question Answering},
  booktitle = {Proceedings of the 2018 Conference on Empirical Methods in Natural Language Processing},
  pages = {2369--2380},
  year = {2018},
}

@article{gautier2022unsupervised,
  title={Unsupervised dense information retrieval with contrastive learning},
  author={Gautier, Izacard and Mathilde, Caron and Lucas, Hosseini and Sebastian, Riedel and Piotr, Bojanowski and Armand, Joulin and Edouard, Grave},
  journal={Transactions on Machine Learning Research},
  year={2022}
}

@inproceedings{lin2023how,
  author = {Sheng{-}Chieh Lin and Akari Asai and Minghan Li and Barlas Oguz and Jimmy Lin and Yashar Mehdad and Wen{-}tau Yih and Xilun Chen},
  title = {How to Train Your Dragon: Diverse Augmentation Towards Generalizable Dense Retrieval},
  booktitle = {Findings of the Association for Computational Linguistics: {EMNLP}},
  pages = {6385--6400},
  year = {2023},
}

@article{wang2022text,
  title={Text embeddings by weakly-supervised contrastive pre-training},
  author={Wang, Liang and Yang, Nan and Huang, Xiaolong and Jiao, Binxing and Yang, Linjun and Jiang, Daxin and Majumder, Rangan and Wei, Furu},
  journal={arXiv preprint arXiv:2212.03533},
  year={2022}
}

@article{wang2023improving,
  title={Improving text embeddings with large language models},
  author={Wang, Liang and Yang, Nan and Huang, Xiaolong and Yang, Linjun and Majumder, Rangan and Wei, Furu},
  journal={arXiv preprint arXiv:2401.00368},
  year={2023}
}

@inproceedings{nogueira2020document,
  author = {Rodrigo Frassetto Nogueira and Zhiying Jiang and Ronak Pradeep and Jimmy Lin},
  title = {Document Ranking with a Pretrained Sequence-to-Sequence Model},
  booktitle = {Findings of the Association for Computational Linguistics: {EMNLP}},
  pages = {708--718},
  year = {2020},
}

@inproceedings{xiao2023c,
  author       = {Shitao Xiao and
                  Zheng Liu and
                  Peitian Zhang and
                  Niklas Muennighoff and
                  Defu Lian and
                  Jian{-}Yun Nie},
  title        = {C-Pack: Packed Resources For General Chinese Embeddings},
  booktitle    = {Proceedings of the 47th International {ACM} {SIGIR} Conference on Research and Development in Information Retrieval},
  pages        = {641--649},
  year         = {2024}
}

@article{ma2023fine,
  title={Fine-tuning llama for multi-stage text retrieval},
  author={Ma, Xueguang and Wang, Liang and Yang, Nan and Wei, Furu and Lin, Jimmy},
  journal={arXiv preprint arXiv:2310.08319},
  year={2023}
}

@inproceedings{rubin2022learning,
  author = {Ohad Rubin and Jonathan Herzig and Jonathan Berant},
  title = {Learning To Retrieve Prompts for In-Context Learning},
  booktitle = {Proceedings of the 2022 Conference of the North American Chapter of the Association for Computational Linguistics},
  pages = {2655--2671},
  year = {2022},
}

@article{li2023unified,
  title={Unified demonstration retriever for in-context learning},
  author={Li, Xiaonan and Lv, Kai and Yan, Hang and Lin, Tianyang and Zhu, Wei and Ni, Yuan and Xie, Guotong and Wang, Xiaoling and Qiu, Xipeng},
  journal={arXiv preprint arXiv:2305.04320},
  year={2023}
}

@inproceedings{luo2024reasoning,
  author = {Linhao Luo and Yuan{-}Fang Li and Gholamreza Haffari and Shirui Pan},
  title = {Reasoning on Graphs: Faithful and Interpretable Large Language Model Reasoning},
  booktitle = {The Twelfth International Conference on Learning Representations},
  year = {2024},
}

@inproceedings{yavuz2022modeling,
  author = {Semih Yavuz and Kazuma Hashimoto and Yingbo Zhou and Nitish Shirish Keskar and Caiming Xiong},
  title = {Modeling Multi-hop Question Answering as Single Sequence Prediction},
  booktitle = {Proceedings of the 60th Annual Meeting of the Association for Computational Linguistics},
  pages = {974--990},
  year = {2022},
}

@article{nguyen2024direct,
  title={Direct Evaluation of Chain-of-Thought in Multi-hop Reasoning with Knowledge Graphs},
  author={Nguyen, Minh-Vuong and Luo, Linhao and Shiri, Fatemeh and Phung, Dinh and Li, Yuan-Fang and Vu, Thuy-Trang and Haffari, Gholamreza},
  journal={arXiv preprint arXiv:2402.11199},
  year={2024}
}

@inproceedings{creswell2023selection,
  author = {Antonia Creswell and Murray Shanahan and Irina Higgins},
  title = {Selection-Inference: Exploiting Large Language Models for Interpretable Logical Reasoning},
  booktitle = {The Eleventh International Conference on Learning Representations},
  year = {2023},
}

@inproceedings{jiang2023unikgqa,
  author = {Jinhao Jiang and Kun Zhou and Xin Zhao and Ji{-}Rong Wen},
  title = {$\text{UniKGQA}$: Unified Retrieval and Reasoning for Solving Multi-hop Question Answering Over Knowledge Graph},
  booktitle = {The Eleventh International Conference on Learning Representations},
  year = {2023},
}

@inproceedings{fang2024reano,
  title={$\text{REANO}$: Optimising Retrieval-Augmented Reader Models through Knowledge Graph Generation},
  author={Fang, Jinyuan and Meng, Zaiqiao and Macdonald, Craig},
  booktitle={Proceedings of the 62nd Annual Meeting of the Association for Computational Linguistics (Volume 1: Long Papers)},
  pages={2094--2112},
  year={2024}
}

@inproceedings{fang2023kgpr,
  title={$\text{KGPR}$: Knowledge Graph Enhanced Passage Ranking},
  author={Fang, Jinyuan and Meng, Zaiqiao and Macdonald, Craig},
  booktitle={Proceedings of the 32nd ACM International Conference on Information and Knowledge Management},
  pages={3880--3885},
  year={2023}
}

@inproceedings{xiong23tilp,
  author       = {Siheng Xiong and
                  Yuan Yang and
                  Faramarz Fekri and
                  James Clayton Kerce},
  title        = {{TILP:} Differentiable Learning of Temporal Logical Rules on Knowledge
                  Graphs},
  booktitle    = {The Eleventh International Conference on Learning Representations},
  year         = {2023},
}

@inproceedings{xiong24large,
  author       = {Siheng Xiong and
                  Ali Payani and
                  Ramana Kompella and
                  Faramarz Fekri},
  title        = {Large Language Models Can Learn Temporal Reasoning},
  booktitle    = {Proceedings of the 62nd Annual Meeting of the Association for Computational Linguistics},
  pages        = {10452--10470},
  publisher    = {Association for Computational Linguistics},
  year         = {2024},
}

@article{edge2024local,
  title={From local to global: A graph $\text{RAG}$ approach to query-focused summarization},
  author={Edge, Darren and Trinh, Ha and Cheng, Newman and Bradley, Joshua and Chao, Alex and Mody, Apurva and Truitt, Steven and Larson, Jonathan},
  journal={arXiv preprint arXiv:2404.16130},
  year={2024}
}

@inproceedings{wang24boosting,
  author = {Jianing Wang and Qiushi Sun and Xiang Li and Ming Gao},
  title = {Boosting Language Models Reasoning with Chain-of-Knowledge Prompting},
  booktitle = {Proceedings of the 62nd Annual Meeting of the Association for Computational Linguistics (Volume 1: Long Papers)},
  pages = {4958--4981},
  year = {2024},
}


@inproceedings{fang2024trace,
  author = {Jinyuan Fang and Zaiqiao Meng and Craig MacDonald},
  title = {{TRACE} the Evidence: Constructing Knowledge-Grounded Reasoning Chains for Retrieval-Augmented Generation},
  booktitle = {Findings of the Association for Computational Linguistics: {EMNLP}},
  pages = {8472--8494},
  year = {2024}
}

@article{gutierrez2024hipporag,
  title={$\text{HippoRAG}$: Neurobiologically Inspired Long-Term Memory for Large Language Models},
  author={Guti{\'e}rrez, Bernal Jim{\'e}nez and Shu, Yiheng and Gu, Yu and Yasunaga, Michihiro and Su, Yu},
  journal={arXiv preprint arXiv:2405.14831},
  year={2024}
}

@inproceedings{wang2024boosting,
  author       = {Jianing Wang and
                  Qiushi Sun and
                  Xiang Li and
                  Ming Gao},
  title        = {Boosting Language Models Reasoning with Chain-of-Knowledge Prompting},
  booktitle    = {Proceedings of the 62nd Annual Meeting of the Association for Computational
                  Linguistics (Volume 1: Long Papers)},
  pages        = {4958--4981},
  year         = {2024},
}

@article{wang2023survey,
  title={Survey on factuality in large language models: Knowledge, retrieval and domain-specificity},
  author={Wang, Cunxiang and Liu, Xiaoze and Yue, Yuanhao and Tang, Xiangru and Zhang, Tianhang and Jiayang, Cheng and Yao, Yunzhi and Gao, Wenyang and Hu, Xuming and Qi, Zehan and others},
  journal={arXiv preprint arXiv:2310.07521},
  year={2023}
}

@inproceedings{shao2023enhancing,
  author = {Zhihong Shao and Yeyun Gong and Yelong Shen and Minlie Huang and Nan Duan and Weizhu Chen},
  title = {Enhancing Retrieval-Augmented Large Language Models with Iterative Retrieval-Generation Synergy},
  booktitle = {Findings of the Association for Computational Linguistics: {EMNLP}},
  pages = {9248--9274},
  year = {2023},
}

@inproceedings{zhao2021multi,
  author = {Chen Zhao and Chenyan Xiong and Jordan L. Boyd{-}Graber and Hal Daum{\'{e}} III},
  title = {Multi-Step Reasoning Over Unstructured Text with Beam Dense Retrieval},
  booktitle = {Proceedings of the 2021 Conference of the North American Chapter of the Association for Computational Linguistics: Human Language Technologies},
  pages = {4635--4641},
  year = {2021},
}

@inproceedings{asai2024self,
  author       = {Akari Asai and
                  Zeqiu Wu and
                  Yizhong Wang and
                  Avirup Sil and
                  Hannaneh Hajishirzi},
  title        = {$\text{Self-RAG}$: Learning to Retrieve, Generate, and Critique through Self-Reflection},
  booktitle    = {The Twelfth International Conference on Learning Representations},
  year         = {2024},
}

@inproceedings{su2024dragin,
  author       = {Weihang Su and Yichen Tang and Qingyao Ai and Zhijing Wu and Yiqun Liu},
  title        = {$\text{DRAGIN}$: Dynamic Retrieval Augmented Generation based on the Real-time Information Needs of Large Language Models},
  booktitle    = {Proceedings of the 62nd Annual Meeting of the Association for Computational Linguistics (Volume 1: Long Papers)},
  pages        = {12991--13013},
  year         = {2024},
}

@article{yao2024seakr,
  title={$\text{SEAKR}$: Self-aware knowledge retrieval for adaptive retrieval augmented generation},
  author={Yao, Zijun and Qi, Weijian and Pan, Liangming and Cao, Shulin and Hu, Linmei and Liu, Weichuan and Hou, Lei and Li, Juanzi},
  journal={arXiv preprint arXiv:2406.19215},
  year={2024}
}

@inproceedings{press2023measuring,
  author       = {Ofir Press and
                  Muru Zhang and
                  Sewon Min and
                  Ludwig Schmidt and
                  Noah A. Smith and
                  Mike Lewis},
  title        = {Measuring and Narrowing the Compositionality Gap in Language Models},
  booktitle    = {Findings of the Association for Computational Linguistics: {EMNLP}},
  pages        = {5687--5711},
  year         = {2023}
}

@article{li2023pseudo,
  author       = {Hang Li and
                  Ahmed Mourad and
                  Shengyao Zhuang and
                  Bevan Koopman and
                  Guido Zuccon},
  title        = {Pseudo Relevance Feedback with Deep Language Models and Dense Retrievers:
                  Successes and Pitfalls},
  journal      = {{ACM} Transation on Information System},
  volume       = {41},
  number       = {3},
  pages        = {62:1--62:40},
  year         = {2023},
}

@article{hsia2024ragged,
  title={$\text{RAGGED}$: Towards Informed Design of Retrieval Augmented Generation Systems},
  author={Hsia, Jennifer and Shaikh, Afreen and Wang, Zhiruo and Neubig, Graham},
  journal={arXiv preprint arXiv:2403.09040},
  year={2024}
}

@article{dubey2024llama,
  title={The $\text{Llama}$ 3 herd of models},
  author={Dubey, Abhimanyu and Jauhri, Abhinav and Pandey, Abhinav and Kadian, Abhishek and Al-Dahle, Ahmad and Letman, Aiesha and Mathur, Akhil and Schelten, Alan and Yang, Amy and Fan, Angela and others},
  journal={arXiv preprint arXiv:2407.21783},
  year={2024}
}

@article{yang2024qwen2,
  title={Qwen2. 5 Technical Report},
  author={Yang, An and Yang, Baosong and Zhang, Beichen and Hui, Binyuan and Zheng, Bo and Yu, Bowen and Li, Chengyuan and Liu, Dayiheng and Huang, Fei and Wei, Haoran and others},
  journal={arXiv preprint arXiv:2412.15115},
  year={2024}
}

@article{chung2024scaling,
  author       = {Hyung Won Chung and
                  Le Hou and
                  Shayne Longpre and
                  Barret Zoph and
                  Yi Tay and
                  William Fedus and
                  Yunxuan Li and
                  Xuezhi Wang and
                  Mostafa Dehghani and
                  Siddhartha Brahma and
                  Albert Webson and
                  Shixiang Shane Gu and
                  Zhuyun Dai and
                  Mirac Suzgun and
                  Xinyun Chen and
                  Aakanksha Chowdhery and
                  Alex Castro{-}Ros and
                  Marie Pellat and
                  Kevin Robinson and
                  Dasha Valter and
                  Sharan Narang and
                  Gaurav Mishra and
                  Adams Yu and
                  Vincent Y. Zhao and
                  Yanping Huang and
                  Andrew M. Dai and
                  Hongkun Yu and
                  Slav Petrov and
                  Ed H. Chi and
                  Jeff Dean and
                  Jacob Devlin and
                  Adam Roberts and
                  Denny Zhou and
                  Quoc V. Le and
                  Jason Wei},
  title        = {Scaling Instruction-Finetuned Language Models},
  journal      = {Journal of Machine Learning Research},
  volume       = {25},
  pages        = {70:1--70:53},
  year         = {2024},
}

@inproceedings{carbonell1998use,
  title={The use of $\text{MMR}$, diversity-based reranking for reordering documents and producing summaries},
  author={Carbonell, Jaime and Goldstein, Jade},
  booktitle={Proceedings of the 21st annual international ACM SIGIR conference on Research and development in information retrieval},
  pages={335--336},
  year={1998}
}

@article{wang2024richrag,
  title={$\text{RichRAG}$: Crafting rich responses for multi-faceted queries in retrieval-augmented generation},
  author={Wang, Shuting and Yu, Xin and Wang, Mang and Chen, Weipeng and Zhu, Yutao and Dou, Zhicheng},
  journal={arXiv preprint arXiv:2406.12566},
  year={2024}
}

@inproceedings{xu2024unsupervised,
  author       = {Shicheng Xu and
                  Liang Pang and
                  Mo Yu and
                  Fandong Meng and
                  Huawei Shen and
                  Xueqi Cheng and
                  Jie Zhou},
  title        = {Unsupervised Information Refinement Training of Large Language Models
                  for Retrieval-Augmented Generation},
  booktitle    = {Proceedings of the 62nd Annual Meeting of the Association for Computational
                  Linguistics (Volume 1: Long Papers)},
  pages        = {133--145},
  year         = {2024},
}

@inproceedings{wang2024rear,
  author       = {Yuhao Wang and
                  Ruiyang Ren and
                  Junyi Li and
                  Xin Zhao and
                  Jing Liu and
                  Ji{-}Rong Wen},
  title        = {$\text{REAR:}$ {A} Relevance-Aware Retrieval-Augmented Framework for Open-Domain Question Answering},
  booktitle    = {Proceedings of the 2024 Conference on Empirical Methods in Natural Language Processing },
  pages        = {5613--5626},
  year         = {2024}, 
}

@article{ye2024r,
  title={$\text{R}^\text{2} \text{AG}$: Incorporating Retrieval Information into Retrieval Augmented Generation},
  author={Ye, Fuda and Li, Shuangyin and Zhang, Yongqi and Chen, Lei},
  journal={arXiv preprint arXiv:2406.13249},
  year={2024}
}

@inproceedings{liu2024ra,
  author       = {Yanming Liu and
                  Xinyue Peng and
                  Xuhong Zhang and
                  Weihao Liu and
                  Jianwei Yin and
                  Jiannan Cao and
                  Tianyu Du},
  title        = {$\text{RA-ISF:}$ Learning to Answer and Understand from Retrieval Augmentation
                  via Iterative Self-Feedback},
  booktitle    = {Findings of the Association for Computational Linguistics},
  pages        = {4730--4749},
  publisher    = {Association for Computational Linguistics},
  year         = {2024},
}

@article{peng2024graph,
  title={Graph retrieval-augmented generation: A survey},
  author={Peng, Boci and Zhu, Yun and Liu, Yongchao and Bo, Xiaohe and Shi, Haizhou and Hong, Chuntao and Zhang, Yan and Tang, Siliang},
  journal={arXiv preprint arXiv:2408.08921},
  year={2024}
}

@inproceedings{sun2024think,
  author       = {Jiashuo Sun and
                  Chengjin Xu and
                  Lumingyuan Tang and
                  Saizhuo Wang and
                  Chen Lin and
                  Yeyun Gong and
                  Lionel M. Ni and
                  Heung{-}Yeung Shum and
                  Jian Guo},
  title        = {$\text{Think-on-Graph}$: Deep and Responsible Reasoning of Large Language Model
                  on Knowledge Graph},
  booktitle    = {The Twelfth International Conference on Learning Representations},
  year         = {2024}, 
}

@inproceedings{li2023leveraging,
  author       = {Ruosen Li and
                  Xinya Du},
  title        = {Leveraging Structured Information for Explainable Multi-hop Question Answering and Reasoning},
  booktitle    = {Findings of the Association for Computational Linguistics: {EMNLP}},
  pages        = {6779--6789},
  year         = {2023},
}

@inproceedings{panda2024holmes,
  author       = {Pranoy Panda and
                  Ankush Agarwal and
                  Chaitanya Devaguptapu and
                  Manohar Kaul and
                  Prathosh A P},
  title        = {$\text{HOLMES:}$ Hyper-Relational Knowledge Graphs for Multi-hop Question Answering using $\text{LLMs}$},
  booktitle    = {Proceedings of the 62nd Annual Meeting of the Association for Computational Linguistics (Volume 1: Long Papers)},
  pages        = {13263--13282},
  year         = {2024},
}

@article{chen2024kg,
  title={$\text{KG-Retriever}$: Efficient Knowledge Indexing for Retrieval-Augmented Large Language Models},
  author={Chen, Weijie and Bai, Ting and Su, Jinbo and Luan, Jian and Liu, Wei and Shi, Chuan},
  journal={arXiv preprint arXiv:2412.05547},
  year={2024}
}

@article{gao2023retrieval,
  title={Retrieval-augmented generation for large language models: A survey},
  author={Gao, Yunfan and Xiong, Yun and Gao, Xinyu and Jia, Kangxiang and Pan, Jinliu and Bi, Yuxi and Dai, Yi and Sun, Jiawei and Wang, Haofen},
  journal={arXiv preprint arXiv:2312.10997},
  year={2023}
}

@article{jin2024flashrag,
  title={$\text{FlashRAG}$: A Modular Toolkit for Efficient Retrieval-Augmented Generation Research},
  author={Jin, Jiajie and Zhu, Yutao and Yang, Xinyu and Zhang, Chenghao and Dou, Zhicheng},
  journal={arXiv preprint arXiv:2405.13576},
  year={2024}
}

@article{jiang2023mistral,
  title={$\text{Mistral}$ 7B},
  author={Jiang, Albert Q and Sablayrolles, Alexandre and Mensch, Arthur and Bamford, Chris and Chaplot, Devendra Singh and Casas, Diego de las and Bressand, Florian and Lengyel, Gianna and Lample, Guillaume and Saulnier, Lucile and others},
  journal={arXiv preprint arXiv:2310.06825},
  year={2023}
}

@article{team2024gemma,
  title={$\text{Gemma}$ 2: Improving open language models at a practical size},
  author={Team, Gemma and Riviere, Morgane and Pathak, Shreya and Sessa, Pier Giuseppe and Hardin, Cassidy and Bhupatiraju, Surya and Hussenot, L{\'e}onard and Mesnard, Thomas and Shahriari, Bobak and Ram{\'e}, Alexandre and others},
  journal={arXiv preprint arXiv:2408.00118},
  year={2024}
}

@inproceedings{kingma2015adam,
  author       = {Diederik P. Kingma and Jimmy Ba},
  title        = {$\text{Adam}$: {A} Method for Stochastic Optimization},
  booktitle    = {International Conference on Learning Representations},
  year         = {2015}
}

@inproceedings{berant2013semantic,
  author       = {Jonathan Berant and
                  Andrew Chou and
                  Roy Frostig and
                  Percy Liang},
  title        = {Semantic Parsing on Freebase from Question-Answer Pairs},
  booktitle    = {Proceedings of the 2013 Conference on Empirical Methods in Natural
                  Language Processing},
  pages        = {1533--1544},
  year         = {2013},
}