@inproceedings{asai2024self,
  author       = {Akari Asai and
                  Zeqiu Wu and
                  Yizhong Wang and
                  Avirup Sil and
                  Hannaneh Hajishirzi},
  title        = {$\text{Self-RAG}$: Learning to Retrieve, Generate, and Critique through Self-Reflection},
  booktitle    = {The Twelfth International Conference on Learning Representations},
  year         = {2024},
}

@article{chen2024kg,
  title={$\text{KG-Retriever}$: Efficient Knowledge Indexing for Retrieval-Augmented Large Language Models},
  author={Chen, Weijie and Bai, Ting and Su, Jinbo and Luan, Jian and Liu, Wei and Shi, Chuan},
  journal={arXiv preprint arXiv:2412.05547},
  year={2024}
}

@article{edge2024local,
  title={From local to global: A graph $\text{RAG}$ approach to query-focused summarization},
  author={Edge, Darren and Trinh, Ha and Cheng, Newman and Bradley, Joshua and Chao, Alex and Mody, Apurva and Truitt, Steven and Larson, Jonathan},
  journal={arXiv preprint arXiv:2404.16130},
  year={2024}
}

@inproceedings{fang2023kgpr,
  title={$\text{KGPR}$: Knowledge Graph Enhanced Passage Ranking},
  author={Fang, Jinyuan and Meng, Zaiqiao and Macdonald, Craig},
  booktitle={Proceedings of the 32nd ACM International Conference on Information and Knowledge Management},
  pages={3880--3885},
  year={2023}
}

@inproceedings{fang2024reano,
  title={$\text{REANO}$: Optimising Retrieval-Augmented Reader Models through Knowledge Graph Generation},
  author={Fang, Jinyuan and Meng, Zaiqiao and Macdonald, Craig},
  booktitle={Proceedings of the 62nd Annual Meeting of the Association for Computational Linguistics (Volume 1: Long Papers)},
  pages={2094--2112},
  year={2024}
}

@inproceedings{fang2024trace,
  author = {Jinyuan Fang and Zaiqiao Meng and Craig MacDonald},
  title = {{TRACE} the Evidence: Constructing Knowledge-Grounded Reasoning Chains for Retrieval-Augmented Generation},
  booktitle = {Findings of the Association for Computational Linguistics: {EMNLP}},
  pages = {8472--8494},
  year = {2024}
}

@article{gutierrez2024hipporag,
  title={$\text{HippoRAG}$: Neurobiologically Inspired Long-Term Memory for Large Language Models},
  author={Guti{\'e}rrez, Bernal Jim{\'e}nez and Shu, Yiheng and Gu, Yu and Yasunaga, Michihiro and Su, Yu},
  journal={arXiv preprint arXiv:2405.14831},
  year={2024}
}

@inproceedings{izacard2020leveraging,
  author       = {Gautier Izacard and
                  Edouard Grave},
  title        = {Leveraging Passage Retrieval with Generative Models for Open Domain
                  Question Answering},
  booktitle    = {Proceedings of the 16th Conference of the European Chapter of the
                  Association for Computational Linguistics},
  pages        = {874--880},
  year         = {2021},
}

@inproceedings{izacard2021distilling,
  author = {Gautier Izacard and Edouard Grave},
  title = {Distilling Knowledge from Reader to Retriever for Question Answering},
  booktitle = {International Conference on Learning Representations},
  year = {2021},
}

@inproceedings{jiang2023active,
  author = {Zhengbao Jiang and Frank F. Xu and Luyu Gao and Zhiqing Sun and Qian Liu and Jane Dwivedi{-}Yu and Yiming Yang and Jamie Callan and Graham Neubig},
  title = {Active Retrieval Augmented Generation},
  booktitle = {Proceedings of the 2023 Conference on Empirical Methods in Natural Language Processing},
  pages = {7969--7992},
  year = {2023},
}

@inproceedings{karpukhin2020dense,
  author = {Vladimir Karpukhin and Barlas Oguz and Sewon Min and Patrick S. H. Lewis and Ledell Wu and Sergey Edunov and Danqi Chen and Wen{-}tau Yih},
  title = {Dense Passage Retrieval for Open-Domain Question Answering},
  booktitle = {Proceedings of the 2020 Conference on Empirical Methods in Natural Language Processing},
  pages = {6769--6781},
  year = {2020},
}

@article{lewis2020retrieval,
  title={Retrieval-augmented generation for knowledge-intensive $\text{NLP}$ tasks},
  author={Lewis, Patrick and Perez, Ethan and Piktus, Aleksandra and Petroni, Fabio and Karpukhin, Vladimir and Goyal, Naman and K{\"u}ttler, Heinrich and Lewis, Mike and Yih, Wen-tau and Rockt{\"a}schel, Tim and others},
  journal={Advances in Neural Information Processing Systems},
  volume={33},
  pages={9459--9474},
  year={2020}
}

@inproceedings{li2023leveraging,
  author       = {Ruosen Li and
                  Xinya Du},
  title        = {Leveraging Structured Information for Explainable Multi-hop Question Answering and Reasoning},
  booktitle    = {Findings of the Association for Computational Linguistics: {EMNLP}},
  pages        = {6779--6789},
  year         = {2023},
}

@inproceedings{lin2024ra,
  title={$\text{RA-DIT}$: Retrieval-augmented dual instruction tuning},
  author={Lin, Xi Victoria and Chen, Xilun and Chen, Mingda and Shi, Weijia and Lomeli, Maria and James, Rich and Rodriguez, Pedro and Kahn, Jacob and Szilvasy, Gergely and Lewis, Mike and others},
  booktitle={International Conference on Learning Representations},
  year={2024}
}

@inproceedings{liu2024ra,
  author       = {Yanming Liu and
                  Xinyue Peng and
                  Xuhong Zhang and
                  Weihao Liu and
                  Jianwei Yin and
                  Jiannan Cao and
                  Tianyu Du},
  title        = {$\text{RA-ISF:}$ Learning to Answer and Understand from Retrieval Augmentation
                  via Iterative Self-Feedback},
  booktitle    = {Findings of the Association for Computational Linguistics},
  pages        = {4730--4749},
  publisher    = {Association for Computational Linguistics},
  year         = {2024},
}

@inproceedings{panda2024holmes,
  author       = {Pranoy Panda and
                  Ankush Agarwal and
                  Chaitanya Devaguptapu and
                  Manohar Kaul and
                  Prathosh A P},
  title        = {$\text{HOLMES:}$ Hyper-Relational Knowledge Graphs for Multi-hop Question Answering using $\text{LLMs}$},
  booktitle    = {Proceedings of the 62nd Annual Meeting of the Association for Computational Linguistics (Volume 1: Long Papers)},
  pages        = {13263--13282},
  year         = {2024},
}

@article{peng2024graph,
  title={Graph retrieval-augmented generation: A survey},
  author={Peng, Boci and Zhu, Yun and Liu, Yongchao and Bo, Xiaohe and Shi, Haizhou and Hong, Chuntao and Zhang, Yan and Tang, Siliang},
  journal={arXiv preprint arXiv:2408.08921},
  year={2024}
}

@article{ram2023context,
  title={In-context retrieval-augmented language models},
  author={Ram, Ori and Levine, Yoav and Dalmedigos, Itay and Muhlgay, Dor and Shashua, Amnon and Leyton-Brown, Kevin and Shoham, Yoav},
  journal={Transactions of the Association for Computational Linguistics},
  volume={11},
  pages={1316--1331},
  year={2023},
  publisher={MIT Press One Broadway, 12th Floor, Cambridge, Massachusetts 02142, USA~â€¦}
}

@inproceedings{shao2023enhancing,
  author = {Zhihong Shao and Yeyun Gong and Yelong Shen and Minlie Huang and Nan Duan and Weizhu Chen},
  title = {Enhancing Retrieval-Augmented Large Language Models with Iterative Retrieval-Generation Synergy},
  booktitle = {Findings of the Association for Computational Linguistics: {EMNLP}},
  pages = {9248--9274},
  year = {2023},
}

@article{shi2023replug,
  title={$\text{REPLUG}$: Retrieval-augmented black-box language models},
  author={Shi, Weijia and Min, Sewon and Yasunaga, Michihiro and Seo, Minjoon and James, Rich and Lewis, Mike and Zettlemoyer, Luke and Yih, Wen-tau},
  journal={arXiv preprint arXiv:2301.12652},
  year={2023}
}

@inproceedings{su2024dragin,
  author       = {Weihang Su and Yichen Tang and Qingyao Ai and Zhijing Wu and Yiqun Liu},
  title        = {$\text{DRAGIN}$: Dynamic Retrieval Augmented Generation based on the Real-time Information Needs of Large Language Models},
  booktitle    = {Proceedings of the 62nd Annual Meeting of the Association for Computational Linguistics (Volume 1: Long Papers)},
  pages        = {12991--13013},
  year         = {2024},
}

@inproceedings{sun2024think,
  author       = {Jiashuo Sun and
                  Chengjin Xu and
                  Lumingyuan Tang and
                  Saizhuo Wang and
                  Chen Lin and
                  Yeyun Gong and
                  Lionel M. Ni and
                  Heung{-}Yeung Shum and
                  Jian Guo},
  title        = {$\text{Think-on-Graph}$: Deep and Responsible Reasoning of Large Language Model
                  on Knowledge Graph},
  booktitle    = {The Twelfth International Conference on Learning Representations},
  year         = {2024}, 
}

@inproceedings{trivedi2023interleaving,
  author = {Harsh Trivedi and Niranjan Balasubramanian and Tushar Khot and Ashish Sabharwal},
  title = {Interleaving Retrieval with Chain-of-Thought Reasoning for Knowledge-Intensive Multi-Step Questions},
  booktitle = {Proceedings of the 61st Annual Meeting of the Association for Computational Linguistics (Volume 1: Long Papers)},
  pages = {10014--10037},
  year = {2023},
}

@article{vrandevcic2014wikidata,
  title={Wikidata: a free collaborative knowledgebase},
  author={Vrande{\v{c}}i{\'c}, Denny and Kr{\"o}tzsch, Markus},
  journal={Communications of the ACM},
  volume={57},
  number={10},
  pages={78--85},
  year={2014},
  publisher={ACM New York, NY, USA}
}

@article{wang2022text,
  title={Text embeddings by weakly-supervised contrastive pre-training},
  author={Wang, Liang and Yang, Nan and Huang, Xiaolong and Jiao, Binxing and Yang, Linjun and Jiang, Daxin and Majumder, Rangan and Wei, Furu},
  journal={arXiv preprint arXiv:2212.03533},
  year={2022}
}

@inproceedings{wang2024rear,
  author       = {Yuhao Wang and
                  Ruiyang Ren and
                  Junyi Li and
                  Xin Zhao and
                  Jing Liu and
                  Ji{-}Rong Wen},
  title        = {$\text{REAR:}$ {A} Relevance-Aware Retrieval-Augmented Framework for Open-Domain Question Answering},
  booktitle    = {Proceedings of the 2024 Conference on Empirical Methods in Natural Language Processing },
  pages        = {5613--5626},
  year         = {2024}, 
}

@article{wang2024richrag,
  title={$\text{RichRAG}$: Crafting rich responses for multi-faceted queries in retrieval-augmented generation},
  author={Wang, Shuting and Yu, Xin and Wang, Mang and Chen, Weipeng and Zhu, Yutao and Dou, Zhicheng},
  journal={arXiv preprint arXiv:2406.12566},
  year={2024}
}

@article{xu2023recomp,
  title={$\text{RECOMP}$: Improving retrieval-augmented lms with compression and selective augmentation},
  author={Xu, Fangyuan and Shi, Weijia and Choi, Eunsol},
  journal={arXiv preprint arXiv:2310.04408},
  year={2023}
}

@inproceedings{xu2024unsupervised,
  author       = {Shicheng Xu and
                  Liang Pang and
                  Mo Yu and
                  Fandong Meng and
                  Huawei Shen and
                  Xueqi Cheng and
                  Jie Zhou},
  title        = {Unsupervised Information Refinement Training of Large Language Models
                  for Retrieval-Augmented Generation},
  booktitle    = {Proceedings of the 62nd Annual Meeting of the Association for Computational
                  Linguistics (Volume 1: Long Papers)},
  pages        = {133--145},
  year         = {2024},
}

@article{yao2024seakr,
  title={$\text{SEAKR}$: Self-aware knowledge retrieval for adaptive retrieval augmented generation},
  author={Yao, Zijun and Qi, Weijian and Pan, Liangming and Cao, Shulin and Hu, Linmei and Liu, Weichuan and Hou, Lei and Li, Juanzi},
  journal={arXiv preprint arXiv:2406.19215},
  year={2024}
}

@article{ye2024r,
  title={$\text{R}^\text{2} \text{AG}$: Incorporating Retrieval Information into Retrieval Augmented Generation},
  author={Ye, Fuda and Li, Shuangyin and Zhang, Yongqi and Chen, Lei},
  journal={arXiv preprint arXiv:2406.13249},
  year={2024}
}

@inproceedings{yu2022kg,
  author = {Donghan Yu and Chenguang Zhu and Yuwei Fang and Wenhao Yu and Shuohang Wang and Yichong Xu and Xiang Ren and Yiming Yang and Michael Zeng},
  title = {$\text{KG-FiD}$: Infusing Knowledge Graph in Fusion-in-Decoder for Open-Domain Question Answering},
  booktitle = {Proceedings of the 60th Annual Meeting of the Association for Computational Linguistics},
  pages = {4961--4974},
  year = {2022},
}

@inproceedings{yu2023generate,
  author = {Wenhao Yu and Dan Iter and Shuohang Wang and Yichong Xu and Mingxuan Ju and Soumya Sanyal and Chenguang Zhu and Michael Zeng and Meng Jiang},
  title = {Generate rather than Retrieve: Large Language Models are Strong Context Generators},
  booktitle = {The Eleventh International Conference on Learning Representations },
  year = {2023},
}

