@article{lippman1975applying,
  title={Applying a new device in the optimization of exponential queuing systems},
  author={Lippman, S.},
  journal={Operations research},
  volume={23},
  OPTnumber={4},
  OPTpages={687--710},
  year={1975},
  publisher={INFORMS}
}

@book{altman2021constrained,
  title={Constrained Markov decision processes},
  author={Altman, Eitan},
  year={2021},
  publisher={Routledge}
}

@inproceedings{dubeDifferentialJoinPrices2002,
	location = {New York, {NY}, {USA}},
	title = {Differential join prices for parallel queues: social optimality, dynamic pricing algorithms and application to Internet pricing},
	volume = {1},
	isbn = {978-0-7803-7476-8},
	url = {http://ieeexplore.ieee.org/document/1019269/},
	doi = {10.1109/INFCOM.2002.1019269},
	shorttitle = {Differential join prices for parallel queues},
	eventtitle = {{IEEE} Information Communications Conference ({INFOCOM} 2002)},
	OPTpages = {276--283},
	booktitle = {Proceedings.Twenty-First Annual Joint Conference of the {IEEE} Computer and Communications Societies},
	publisher = {{IEEE}},
	author = {Dube, P. and Borkar, V.S. and Manjunath, D.},
	urldate = {2024-09-19},
	date = {2002},
	langid = {english},
}


@article{winston1977optimality,
  title={Optimality of the shortest line discipline},
  author={Winston, Wayne},
  journal={Journal of applied probability},
  volume={14},
  OPTnumber={1},
  OPTpages={181--189},
  year={1977},
  publisher={Cambridge University Press}
}



@inproceedings{krishnanJoiningRightQueue1987,
	location = {Los Angeles, California, {USA}},
	title = {Joining the right queue: A Markov decision-rule},
	url = {http://ieeexplore.ieee.org/document/4049622/},
	doi = {10.1109/CDC.1987.272835},
	shorttitle = {Joining the right queue},
	eventtitle = {26th {IEEE} Conference on Decision and Control},
	OPTpages = {1863--1868},
	booktitle = {26th {IEEE} Conference on Decision and Control},
	publisher = {{IEEE}},
	author = {Krishnan, K.},
	urldate = {2024-09-16},
	year = {1987},
	langid = {english},
}


@article{whitt1986deciding,
  title={Deciding which queue to join: Some counterexamples},
  author={Whitt, Ward},
  journal={Operations research},
  volume={34},
  OPTnumber={1},
  OPTpages={55--62},
  year={1986},
  publisher={INFORMS}
}


@article{argon2009dynamic,
  title={Dynamic routing of customers with general delay costs in a multiserver queuing system},
  author={Argon, N. and Ding, L. and Glazebrook, K. and Ziya, S.},
  journal={Probability in the Engineering and Informational Sciences},
  OPTvolume={23},
  OPTnumber={2},
  OPTpages={175--203},
  year={2009},
  publisher={Cambridge University Press}
}

@article{buyukkoc1985cmu,
  title={The c$\mu$ rule revisited},
  author={Buyukkoc, Cagatay and Varaiya, Pravin and Walrand, Jean},
  journal={Advances in applied probability},
  volume={17},
  OPTnumber={1},
  OPTpages={237--238},
  year={1985},
  publisher={Cambridge University Press}
}


@article{mandelbaum2004scheduling,
  title={Scheduling flexible servers with convex delay costs: Heavy-traffic optimality of the generalized c$\mu$-rule},
  author={Mandelbaum, A. and Stolyar, A.},
  journal={Operations Research},
  volume={52},
  OPTnumber={6},
  OPTpages={836--855},
  year={2004},
  publisher={INFORMS}
}

@article{stolyar2005optimal,
  title={Optimal routing in output-queued flexible server systems},
  author={Stolyar, A.},
  journal={Probability in the Engineering and Informational Sciences},
  OPTvolume={19},
  OPTnumber={2},
  OPTpages={141--189},
  year={2005},
  publisher={Cambridge University Press}
}


@article{tandra2004join,
  title={Join minimum cost queue for multiclass customers: Stability and performance bounds},
  author={Tandra, R. and Hemachandra, N and Manjunath, D},
  journal={Probability in the Engineering and informational Sciences},
  OPTvolume={18},
  OPTnumber={4},
  OPTpages={445--472},
  year={2004},
  publisher={Cambridge University Press}
}

@inproceedings{bodasLoadBalancingRouting2011,
	location = {Orlando, {FL}, {USA}},
	title = {Load balancing and routing games with admission price},
	isbn = {978-1-61284-801-3 978-1-61284-800-6 978-1-4673-0457-3 978-1-61284-799-3},
	url = {http://ieeexplore.ieee.org/document/6161083/},
	doi = {10.1109/CDC.2011.6161083},
	eventtitle = {2011 50th {IEEE} Conference on Decision and Control and European Control Conference ({CDC}-{ECC} 2011)},
	OPTpages = {249--254},
	booktitle = {{IEEE} Conference on Decision and Control and European Control Conference},
	publisher = {{IEEE}},
	author = {Bodas, Tejas and Ganesh, Ayalvadi and Manjunath, D.},
	urldate = {2024-09-19},
	date = {2011-12},
	langid = {english},
}


@article{bradfordPricingRoutingIncentive1996,
	title = {Pricing, routing, and incentive compatibility in multiserver queues},
	volume = {89},
	issn = {03772217},
	url = {https://linkinghub.elsevier.com/retrieve/pii/0377221795002650},
	doi = {10.1016/0377-2217(95)00265-0},
	OPTpages = {226--236},
	OPTnumber = {2},
	journaltitle = {European Journal of Operational Research},
	shortjournal = {European Journal of Operational Research},
	author = {Bradford, Richard M.},
	urldate = {2024-09-19},
	date = {1996-03},
	langid = {english},
}


@article{neely2010queue,
author = {Neely, Michael},
year = {2012},
OPTmonth = {06},
pages = {},
title = {Stability and Probability $1$ Convergence for Queueing Networks via {Lyapunov} Optimization},
volume = {2012},
journal = {Journal of Applied Mathematics},
OPTdoi = {10.1155/2012/831909}
}


@article{bracciale2020lyapunov,
  title={Lyapunov drift-plus-penalty optimization for queues with finite capacity},
  author={Bracciale, Lorenzo and Loreti, Pierpaolo},
  journal={IEEE Communications Letters},
  OPTvolume={24},
  OPTnumber={11},
  OPTpages={2555--2558},
  year={2020},
  publisher={IEEE}
}

@article{zhouAsymptoticallyOptimalLoad2021,
  title = {Asymptotically Optimal Load Balancing in Large-Scale Heterogeneous Systems with Multiple Dispatchers},
  author = {Zhou, Xingyu and Shroff, Ness and Wierman, Adam},
  year = {2021},
  journal = {Performance Evaluation},
  volume = {145},
  OPTpages = {102146},
  issn = {01665316},
  doi = {10.1016/j.peva.2020.102146},
  urldate = {2024-10-03},
  langid = {english}
}

@article{zhouDegreeQueueImbalance2018,
  title = {Degree of {{Queue Imbalance}}: {{Overcoming}} the {{Limitation}} of {{Heavy-traffic Delay Optimality}} in {{Load Balancing Systems}}},
  shorttitle = {Degree of {{Queue Imbalance}}},
  author = {Zhou, Xingyu and Wu, Fei and Tan, Jian and Srinivasan, Kannan and Shroff, Ness},
  year = {2018},
  journal = {Proc. of ACM Measurement and Analysis of Computing Systems},
  volume = {2},
  OPTnumber = {1},
  OPTpages = {1--41},
  issn = {2476-1249},
  doi = {10.1145/3179424},
  urldate = {2024-10-03},
  langid = {english}
}

@article{zhouDesigningLowComplexityHeavyTraffic2017,
  title = {Designing {{Low-Complexity Heavy-Traffic Delay-Optimal Load Balancing Schemes}}: {{Theory}} to {{Algorithms}}},
  shorttitle = {Designing {{Low-Complexity Heavy-Traffic Delay-Optimal Load Balancing Schemes}}},
  author = {Zhou, Xingyu and Wu, Fei and Tan, Jian and Sun, Yin and Shroff, Ness},
  year = {2017},
  journal = {Proc. of ACM Measurement and Analysis of Computing Systems},
  volume = {1},
  OPTnumber = {2},
  OPTpages = {1--30},
  issn = {2476-1249},
  doi = {10.1145/3154498},
  urldate = {2024-10-03},
  langid = {english}
}

@article{zhouHeavytrafficDelayOptimality2018a,
  title = {Heavy-Traffic {{Delay Optimality}} in {{Pull-based Load Balancing Systems}}: {{Necessary}} and {{Sufficient Conditions}}},
  shorttitle = {Heavy-Traffic {{Delay Optimality}} in {{Pull-based Load Balancing Systems}}},
  author = {Zhou, Xingyu and Tan, Jian and Shroff, Ness},
  year = {2018},
  journal = {Proceedings of the ACM on Measurement and Analysis of Computing Systems},
  volume = {2},
  OPTnumber = {3},
  OPTpages = {1--33},
  issn = {2476-1249},
  doi = {10.1145/3287323},
  urldate = {2024-10-03},
  langid = {english}
}

@book{neely2022stochastic,
  title={Stochastic network optimization with application to communication and queueing systems},
  author={Neely, {Michael J.}},
  year={2010},
  publisher={Morgan \& Claypool}
}


@article{little1961proof,
  title={A proof for the queuing formula: L= $\lambda$ W},
  author={Little, John DC},
  journal={Operations research},
  volume={9},
  OPTnumber={3},
  OPTpages={383--387},
  year={1961},
  publisher={INFORMS}
}

@article{foschini1977heavy,
  title={On heavy traffic diffusion analysis and dynamic routing in packet switched networks},
  author={Foschini, GJ},
  journal={Computer performance},
  volume={10},
  OPTpages={499},
  year={1977},
  publisher={North-Holland Amsterdam}
}

@article{weber1978optimal,
  title={On the optimal assignment of customers to parallel servers`},
  author={Weber, Richard R},
  journal={Journal of Applied Probability},
  volume={15},
  OPTnumber={2},
  OPTpages={406--413},
  year={1978},
  publisher={Cambridge University Press}
}


@article{gupta2007analysis,
  title={Analysis of join-the-shortest-queue routing for web server farms},
  author={Gupta, Varun and Balter, Mor Harchol and Sigman, Karl and Whitt, Ward},
  journal={Performance Evaluation},
  volume={64},
  OPTnumber={9-12},
  OPTpages={1062--1081},
  year={2007},
  publisher={Elsevier}
}


@inproceedings{foster2008cloud,
  title={Cloud computing and grid computing 360-degree compared},
  author={Foster, Ian and Zhao, Yong and Raicu, Ioan and Lu, Shiyong},
  booktitle={Proc. of IEEE Grid computing environments workshop},
  OPTpages={1--10},
  year={2008},
  OPTorganization={Ieee}
}


@inproceedings{nishtala2013scaling,
  title={Scaling memcache at {Facebook}},
  author={Nishtala, Rajesh and Fugal, Hans and Grimm, Steven and others},
  booktitle={10th USENIX NSDI},
  OPTpages={385--398},
  year={2013}
}
% author={Nishtala, Rajesh and Fugal, Hans and Grimm, Steven and Kwiatkowski, Marc and Lee, Herman and Li, Harry C and McElroy, Ryan and Paleczny, Mike and Peek, Daniel and Saab, Paul and others},


@book{al2012simulation,
  title={Simulation in Computer Network Design and Modeling: Use and Analysis},
  author={Al-Bahadili, Hussein},
  year={2012},
  publisher={IGI Global}
}


@article{xu2015traffic,
  title={Traffic-aware resource provisioning for distributed clouds},
  author={Xu, D. and Liu, X. and Vasilakos, A. V},
  journal={IEEE Cloud Computing},
  volume={2},
  OPTnumber={1},
  OPTpages={30--39},
  year={2015},
  publisher={IEEE}
}



@Article{nguyen2018VRvideoStreaming,
AUTHOR = {Nguyen, Dien Van and Le, Tuan Thanh and Lee, Sangsoon and Ryu, Eun-Seok},
TITLE = {SHVC Tile-Based 360-Degree Video Streaming for Mobile VR: PC Offloading Over mmWave},
JOURNAL = {Sensors},
VOLUME = {18},
YEAR = {2018},
OPTnumber = {11},
ARTICLE-OPTnumber = {3728},
URL = {https://www.mdpi.com/1424-8220/18/11/3728},
PubMedID = {30388872},
ISSN = {1424-8220},
}


@inproceedings{ozcelebi2006analysis,
  title={An analysis of constant bitrate and constant PSNR video encoding for wireless networks},
  author={Ozcelebi, T. and De Vito, F. and Tekalp, A. and Civanlar, M. and Sunay, M. and De Martin, J.},
  booktitle={Proc. of IEEE ICC},
  volume={11},
  OPTpages={5301--5306},
  year={2006},
  OPTorganization={IEEE}
}
  author={Ozcelebi, Tanir and De Vito, Fabio and Tekalp, A Murat and Civanlar, M Reha and Sunay, M Oguz and De Martin, J Carlos},
% 

@article{fu1997optimization,
  title={Optimization of discrete event systems via simultaneous perturbation stochastic approximation},
  author={Fu, M.C.  and Hill, S.D.},
  journal={IIE Transactions},
  volume={29},
  number={3},
  OPTpages={233--243},
  year={1997},
  publisher={Taylor \& Francis}
}

@misc{extendedVersion,
      title={Performing Load Balancing under Constraints}, 
      author={Andrea Fox and Francesco {De Pellegrini} and Eitan Altman and Arnob Ghosh and Ness Shroff},
      howpublished="\url{https://arxiv.org/abs/2502.01843}", 
}

