@article{argon2009dynamic,
  title={Dynamic routing of customers with general delay costs in a multiserver queuing system},
  author={Argon, N. and Ding, L. and Glazebrook, K. and Ziya, S.},
  journal={Probability in the Engineering and Informational Sciences},
  OPTvolume={23},
  OPTnumber={2},
  OPTpages={175--203},
  year={2009},
  publisher={Cambridge University Press}
}

@inproceedings{bodasLoadBalancingRouting2011,
	location = {Orlando, {FL}, {USA}},
	title = {Load balancing and routing games with admission price},
	isbn = {978-1-61284-801-3 978-1-61284-800-6 978-1-4673-0457-3 978-1-61284-799-3},
	url = {http://ieeexplore.ieee.org/document/6161083/},
	doi = {10.1109/CDC.2011.6161083},
	eventtitle = {2011 50th {IEEE} Conference on Decision and Control and European Control Conference ({CDC}-{ECC} 2011)},
	OPTpages = {249--254},
	booktitle = {{IEEE} Conference on Decision and Control and European Control Conference},
	publisher = {{IEEE}},
	author = {Bodas, Tejas and Ganesh, Ayalvadi and Manjunath, D.},
	urldate = {2024-09-19},
	date = {2011-12},
	langid = {english},
}

@article{bradfordPricingRoutingIncentive1996,
	title = {Pricing, routing, and incentive compatibility in multiserver queues},
	volume = {89},
	issn = {03772217},
	url = {https://linkinghub.elsevier.com/retrieve/pii/0377221795002650},
	doi = {10.1016/0377-2217(95)00265-0},
	OPTpages = {226--236},
	OPTnumber = {2},
	journaltitle = {European Journal of Operational Research},
	shortjournal = {European Journal of Operational Research},
	author = {Bradford, Richard M.},
	urldate = {2024-09-19},
	date = {1996-03},
	langid = {english},
}

@article{buyukkoc1985cmu,
  title={The c$\mu$ rule revisited},
  author={Buyukkoc, Cagatay and Varaiya, Pravin and Walrand, Jean},
  journal={Advances in applied probability},
  volume={17},
  OPTnumber={1},
  OPTpages={237--238},
  year={1985},
  publisher={Cambridge University Press}
}

@inproceedings{dubeDifferentialJoinPrices2002,
	location = {New York, {NY}, {USA}},
	title = {Differential join prices for parallel queues: social optimality, dynamic pricing algorithms and application to Internet pricing},
	volume = {1},
	isbn = {978-0-7803-7476-8},
	url = {http://ieeexplore.ieee.org/document/1019269/},
	doi = {10.1109/INFCOM.2002.1019269},
	shorttitle = {Differential join prices for parallel queues},
	eventtitle = {{IEEE} Information Communications Conference ({INFOCOM} 2002)},
	OPTpages = {276--283},
	booktitle = {Proceedings.Twenty-First Annual Joint Conference of the {IEEE} Computer and Communications Societies},
	publisher = {{IEEE}},
	author = {Dube, P. and Borkar, V.S. and Manjunath, D.},
	urldate = {2024-09-19},
	date = {2002},
	langid = {english},
}

@article{foschini1977heavy,
  title={On heavy traffic diffusion analysis and dynamic routing in packet switched networks},
  author={Foschini, GJ},
  journal={Computer performance},
  volume={10},
  OPTpages={499},
  year={1977},
  publisher={North-Holland Amsterdam}
}

@inproceedings{krishnanJoiningRightQueue1987,
	location = {Los Angeles, California, {USA}},
	title = {Joining the right queue: A Markov decision-rule},
	url = {http://ieeexplore.ieee.org/document/4049622/},
	doi = {10.1109/CDC.1987.272835},
	shorttitle = {Joining the right queue},
	eventtitle = {26th {IEEE} Conference on Decision and Control},
	OPTpages = {1863--1868},
	booktitle = {26th {IEEE} Conference on Decision and Control},
	publisher = {{IEEE}},
	author = {Krishnan, K.},
	urldate = {2024-09-16},
	year = {1987},
	langid = {english},
}

@article{mandelbaum2004scheduling,
  title={Scheduling flexible servers with convex delay costs: Heavy-traffic optimality of the generalized c$\mu$-rule},
  author={Mandelbaum, A. and Stolyar, A.},
  journal={Operations Research},
  volume={52},
  OPTnumber={6},
  OPTpages={836--855},
  year={2004},
  publisher={INFORMS}
}

@article{neely2010queue,
author = {Neely, Michael},
year = {2012},
OPTmonth = {06},
pages = {},
title = {Stability and Probability $1$ Convergence for Queueing Networks via {Lyapunov} Optimization},
volume = {2012},
journal = {Journal of Applied Mathematics},
OPTdoi = {10.1155/2012/831909}
}

@article{stolyar2005optimal,
  title={Optimal routing in output-queued flexible server systems},
  author={Stolyar, A.},
  journal={Probability in the Engineering and Informational Sciences},
  OPTvolume={19},
  OPTnumber={2},
  OPTpages={141--189},
  year={2005},
  publisher={Cambridge University Press}
}

@article{tandra2004join,
  title={Join minimum cost queue for multiclass customers: Stability and performance bounds},
  author={Tandra, R. and Hemachandra, N and Manjunath, D},
  journal={Probability in the Engineering and informational Sciences},
  OPTvolume={18},
  OPTnumber={4},
  OPTpages={445--472},
  year={2004},
  publisher={Cambridge University Press}
}

@article{weber1978optimal,
  title={On the optimal assignment of customers to parallel servers`},
  author={Weber, Richard R},
  journal={Journal of Applied Probability},
  volume={15},
  OPTnumber={2},
  OPTpages={406--413},
  year={1978},
  publisher={Cambridge University Press}
}

@article{whitt1986deciding,
  title={Deciding which queue to join: Some counterexamples},
  author={Whitt, Ward},
  journal={Operations research},
  volume={34},
  OPTnumber={1},
  OPTpages={55--62},
  year={1986},
  publisher={INFORMS}
}

@article{winston1977optimality,
  title={Optimality of the shortest line discipline},
  author={Winston, Wayne},
  journal={Journal of applied probability},
  volume={14},
  OPTnumber={1},
  OPTpages={181--189},
  year={1977},
  publisher={Cambridge University Press}
}

