@article{bareinboim2015bandits,
  title={Bandits with unobserved confounders: A causal approach},
  author={Bareinboim, Elias and Forney, Andrew and Pearl, Judea},
  journal={Advances in Neural Information Processing Systems},
  year={2015}
}

@article{bellot2024transportability,
  title={Transportability for bandits with data from different environments},
  author={Bellot, Alexis and Malek, Alan and Chiappa, Silvia},
  journal={Advances in Neural Information Processing Systems},
  year={2024}
}

@article{bilodeau2022adaptively,
  title={Adaptively exploiting d-separators with causal bandits},
  author={Bilodeau, Blair and Wang, Linbo and Roy, Dan},
  journal={Advances in Neural Information Processing Systems},
  pages={20381--20392},
  year={2022}
}

@article{cai2024transfer,
  title={Transfer learning for contextual multi-armed bandits},
  author={Cai, Changxiao and Cai, T Tony and Li, Hongzhe},
  journal={The Annals of Statistics},
  volume={52},
  number={1},
  pages={207--232},
  year={2024},
}

@article{deshmukh2017multi,
  title={Multi-task learning for contextual bandits},
  author={Deshmukh, Aniket Anand and Dogan, Urun and Scott, Clay},
  journal={Advances in Neural Information Processing Systems},
  year={2017}
}

@inproceedings{forney2017counterfactual,
  title={Counterfactual data-fusion for online reinforcement learners},
  author={Forney, Andrew and Pearl, Judea and Bareinboim, Elias},
  booktitle={International Conference on Machine Learning},
  pages={1156--1164},
  year={2017},
}

@article{hong2020latent,
  title={Latent bandits revisited},
  author={Hong, Joey and Kveton, Branislav and Zaheer, Manzil and Chow, Yinlam and Ahmed, Amr and Boutilier, Craig},
  journal={Advances in Neural Information Processing Systems},
  pages={13423--13433},
  year={2020}
}

@inproceedings{labille2021transferable,
  title={Transferable contextual bandits with prior observations},
  author={Labille, Kevin and Huang, Wen and Wu, Xintao},
  booktitle={Pacific-Asia Conference On Knowledge Discovery And Data Mining},
  pages={398--410},
  year={2021},
}

@article{lattimore2016causal,
  title={Causal bandits: Learning good interventions via causal inference},
  author={Lattimore, Finnian and Lattimore, Tor and Reid, Mark D},
  journal={Advances in Neural Information Processing Systems},
  year={2016}
}

@article{lee2018structural,
  title={Structural causal bandits: Where to intervene?},
  author={Lee, Sanghack and Bareinboim, Elias},
  journal={Advances in Neural Information Processing Systems},
  year={2018}
}

@inproceedings{lee2019structural,
  title={Structural causal bandits with non-manipulable variables},
  author={Lee, Sanghack and Bareinboim, Elias},
  booktitle={AAAI Conference on Artificial Intelligence},
  pages={4164--4172},
  year={2019}
}

@inproceedings{liu2018transferable,
  title={Transferable contextual bandit for cross-domain recommendation},
  author={Liu, Bo and Wei, Ying and Zhang, Yu and Yan, Zhixian and Yang, Qiang},
  booktitle={AAAI Conference on Artificial Intelligence},
  year={2018}
}

@article{lu2021causal,
  title={Causal bandits with unknown graph structure},
  author={Lu, Yangyi and Meisami, Amirhossein and Tewari, Ambuj},
  journal={Advances in Neural Information Processing Systems},
  pages={24817--24828},
  year={2021}
}

@inproceedings{sen2017contextual,
  title={Contextual bandits with latent confounders: An nmf approach},
  author={Sen, Rajat and Shanmugam, Karthikeyan and Kocaoglu, Murat and Dimakis, Alex and Shakkottai, Sanjay},
  booktitle={International Conference on Artificial Intelligence and Statistics},
  pages={518--527},
  year={2017},
}

@inproceedings{yan2024causal,
  title={Causal Bandits with General Causal Models and Interventions},
  author={Yan, Zirui and Wei, Dennis and Katz, Dmitriy A and Sattigeri, Prasanna and Tajer, Ali},
  booktitle={International Conference on Artificial Intelligence and Statistics},
  pages={4609--4617},
  year={2024},
}

@inproceedings{zhang2017transfer,
  title={Transfer learning in multi-armed bandit: a causal approach},
  author={Zhang, Junzhe and Bareinboim, Elias},
  booktitle={Conference on Autonomous Agents and Multiagent Systems},
  pages={1778--1780},
  year={2017}
}

@inproceedings{zhou2016latent,
  title={Latent contextual bandits and their application to personalized recommendations for new users},
  author={Zhou, Li and Brunskill, Emma},
  booktitle = {International Joint Conference on Artificial Intelligence},
  pages = {3646--3653},
  year={2016}
}

