@article{adaloglouComprehensiveStudyDeep2022,
  title        = {A {{Comprehensive Study}} on {{Deep Learning-Based Methods}} for {{Sign Language Recognition}}},
  author       = {Adaloglou, Nikolas and Chatzis, Theocharis and Papastratis, Ilias and Stergioulas, Andreas and Papadopoulos, Georgios Th. and Zacharopoulou, Vassia and Xydopoulos, George J. and Atzakas, Klimnis and Papazachariou, Dimitris and Daras, Petros},
  date         = {2022},
  journaltitle = {IEEE Transactions on Multimedia},
  volume       = {24},
  pages        = {1750--1762},
  issn         = {1941-0077},
  doi          = {10.1109/TMM.2021.3070438},
  eventtitle   = {{{IEEE Transactions}} on {{Multimedia}}},
  keywords     = {Assistive technology,conditional entropy CTC,Deep neural networks,Feature extraction,Gesture recognition,Greek sign language,Hidden Markov models,Sign Language Recognition,stimulated CTC,Task analysis,Three-dimensional displays,Training},
  annotation   = {99 citations (Semantic Scholar/DOI) [2025-02-02]}
}


@article{aghaNeBulaTEAMCoSTARs2022,
  title        = {{{NeBula}}: {{TEAM CoSTAR}}'s {{Robotic Autonomy Solution}} That {{Won Phase II}} of {{DARPA Subterranean Challenge}}},
  shorttitle   = {{{NeBula}}},
  author       = {Agha, Ali and Otsu, Kyohei and Morrell, Benjamin and Fan, David and Thakker, Rohan and Santamaria-Navarro, Angel and Kim, Sung-Kyun and Bouman, Amanda and Lei, Xianmei and Edlund, Jeffrey and Ginting, Muhammad and Ebadi, Kamak and Anderson, Matthew and Pailevanian, Torkom and Terry, Edward and Wolf, Michael and Tagliabue, Andrea and Vaquero, Tiago and Palieri, Matteo and Tepsuporn, Scott and Chang, Yun and Kalantari, Arash and Chavez, Fernando and Lopez, Brett and Funabiki, Nobuhiro and Miles, Gregory and Touma, Thomas and Buscicchio, Alessandro and Tordesillas, Jesus and Alatur, Nikhilesh and Nash, Jeremy and Walsh, William and Jung, Sunggoo and Lee, Hanseob and Kanellakis, Christoforos and Mayo, John and Harper, Scott and Kaufmann, Marcel and Dixit, Anushri and Correa, Gustavo and Lee, Carlyn and Gao, Jay and Merewether, Gene and Maldonado-Contreras, Jairo and Salhotra, Gautam and Saboia Da Silva, Maira and Ramtoula, Benjamin and Fakoorian, Seyed and Hatteland, Alexander and Kim, Taeyeon and Bartlett, Tara and Stephens, Alex and Kim, Leon and Bergh, Chuck and Heiden, Eric and Lew, Thomas and Cauligi, Abhishek and Heywood, Tristan and Kramer, Andrew and Leopold, Henry and Melikyan, Hov and Choi, Hyungho and Daftry, Shreyansh and Toupet, Olivier and Wee, Inhwan and Thakur, Abhishek and Feras, Micah and Beltrame, Giovanni and Nikolakopoulos, George and Shim, David and Carlone, Luca and Burdick, Joel},
  date         = {2022},
  journaltitle = {Field Robotics},
  volume       = {2},
  number       = {1},
  pages        = {1432--1506},
  issn         = {2771-3989},
  doi          = {10.55417/fr.2022047},
  issue        = {1},
  langid       = {english},
  annotation   = {30 citations (Semantic Scholar/DOI) [2025-02-02]}
}

@article{alimisisAdvancesDiffusionModels2025,
  title        = {Advances in Diffusion Models for Image Data Augmentation: A Review of Methods, Models, Evaluation Metrics and Future Research Directions},
  shorttitle   = {Advances in Diffusion Models for Image Data Augmentation},
  author       = {Alimisis, Panagiotis and Mademlis, Ioannis and Radoglou-Grammatikis, Panagiotis and Sarigiannidis, Panagiotis and Papadopoulos, Georgios Th.},
  date         = {2025-01-30},
  journaltitle = {Artif Intell Rev},
  volume       = {58},
  number       = {4},
  pages        = {112},
  issn         = {1573-7462},
  doi          = {10.1007/s10462-025-11116-x},
  langid       = {english},
  keywords     = {Artificial Intelligence,Diffusion models,Evaluation metrics,Generative artificial intelligence,Image data augmentation},
  annotation   = {0 citations (Semantic Scholar/DOI) [2025-02-02]}
}

@inproceedings{caniCEASEFIREAIPoweredSystem2024,
  title      = {{{CEASEFIRE}}: {{An AI-Powered System}} for {{Combating Illicit Firearms Trafficking}}},
  shorttitle = {{{CEASEFIRE}}},
  booktitle  = {2024 {{IEEE International Conference}} on {{Big Data}} ({{BigData}})},
  author     = {Cani, Jorgen and Mademlis, Ioannis and Mancuso, Marina and Paternoster, Caterina and Adamakis, Emmanouil and Margetis, George and Chambon, Sylvie and Crouzil, Alain and Lechelek, Loubna and Dede, Georgia and Evangelatos, Spyridon and Lalas, George and Mignet, Franck and Linardatos, Pantelis and Kentrotis, Konstantinos and Gierszal, Henryk and Tyczka, Piotr and Karagiorgou, Sophia and Pantelis, George and Stavropoulos, Georgios and Votis, Konstantinos and Papadopoulos, Georgios Th.},
  date       = {2024-12},
  pages      = {2697--2705},
  issn       = {2573-2978},
  doi        = {10.1109/BigData62323.2024.10825989},
  eventtitle = {2024 {{IEEE International Conference}} on {{Big Data}} ({{BigData}})},
  keywords   = {AI integrated system,Artificial intelligence (AI),Combating illicit firearms trafficking,Dark Web,Data integration,Law enforcement,Real-time systems,Refining,Socioeconomics,Surface treatment,Three-dimensional displays,Training,User centered design},
  annotation = {1 citations (Semantic Scholar/DOI) [2025-01-23]}
}

@online{CARMAProject2024,
  title        = {{{CARMA Project}}},
  date         = {2024},
  url          = {https://www.carmarobots.eu/carma-project/},
  urldate      = {2025-01-31},
  langid       = {american},
  organization = {CARMA}
}

@inproceedings{chenDetectionDamagedInfrastructure2019,
  title      = {Detection of {{Damaged Infrastructure}} on {{Disaster Sites}} Using {{Mobile Robots}}},
  booktitle  = {2019 16th {{International Conference}} on {{Ubiquitous Robots}} ({{UR}})},
  author     = {Chen, Jingdao and Cho, Yong K.},
  date       = {2019-06},
  pages      = {648--653},
  issn       = {2325-033X},
  doi        = {10.1109/URAI.2019.8768770},
  eventtitle = {2019 16th {{International Conference}} on {{Ubiquitous Robots}} ({{UR}})},
  keywords   = {Earthquakes,Explosions,Mobile robots,Navigation,Solid modeling,Three-dimensional displays},
  annotation = {6 citations (Semantic Scholar/DOI) [2025-01-31]}
}

@misc{defensieNederlandsHetWas2015,
  title      = {Nederlands:  ``{{Het}} Was Allemaal Bizar.''},
  shorttitle = {Nederlands},
  author     = {family=Defensie, given=Ministerie, prefix=van, useprefix=false},
  date       = {2015},
  url        = {https://commons.wikimedia.org/wiki/File:USAR_Nepal_2015_01.jpg},
  urldate    = {2025-02-13}
}

@book{directorate-generalforeuropeancivilprotectionandhumanitarianaidoperationsechoeuropeancommissionOverviewNaturalManmade2021,
  title      = {Overview of Natural and Man-Made Disaster Risks the {{European Union}} May Face: 2020 Edition},
  shorttitle = {Overview of Natural and Man-Made Disaster Risks the {{European Union}} May Face},
  author     = {{Directorate-General for European Civil Protection and Humanitarian Aid Operations (ECHO)  (European Commission)}},
  date       = {2021},
  publisher  = {Publications Office of the European Union},
  url        = {https://data.europa.eu/doi/10.2795/1521},
  urldate    = {2025-02-01},
  isbn       = {978-92-76-29303-3},
  langid     = {english},
  keywords   = {animal disease,bad weather,climate change,computer crime,degradation of the environment,earthquake,epidemic,EU Member State,female worker,fire,industrial accident,industrial hazard,man-made disaster,migration,natural disaster,Natural disasters,natural hazard,nuclear accident,plant disease,Saint Helena Ascension and Tristan da Cunha,terrorism,threat to national security}
}

@article{doroodgarLearningBasedSemiAutonomousController2014,
  title        = {A {{Learning-Based Semi-Autonomous Controller}} for {{Robotic Exploration}} of {{Unknown Disaster Scenes While Searching}} for {{Victims}}},
  author       = {Doroodgar, Barzin and Liu, Yugang and Nejat, Goldie},
  date         = {2014-12},
  journaltitle = {IEEE Transactions on Cybernetics},
  volume       = {44},
  number       = {12},
  pages        = {2719--2732},
  issn         = {2168-2275},
  doi          = {10.1109/TCYB.2014.2314294},
  eventtitle   = {{{IEEE Transactions}} on {{Cybernetics}}},
  keywords     = {Collision avoidance,Computer architecture,Hierarchical reinforcement learning,Microprocessors,Navigation,rescue robots,Robot kinematics,Robot sensing systems,semi-autonomous control,urban search and rescue},
  annotation   = {85 citations (Semantic Scholar/DOI) [2025-01-31]}
}

@inproceedings{doshiMultiTaskLearningVideo2022,
  title      = {Multi-{{Task Learning}} for {{Video Surveillance}} with {{Limited Data}}},
  booktitle  = {2022 {{IEEE}}/{{CVF Conference}} on {{Computer Vision}} and {{Pattern Recognition Workshops}} ({{CVPRW}})},
  author     = {Doshi, Keval and Yilmaz, Yasin},
  date       = {2022-06},
  pages      = {3888--3898},
  publisher  = {IEEE},
  location   = {New Orleans, LA, USA},
  doi        = {10.1109/CVPRW56347.2022.00434},
  eventtitle = {2022 {{IEEE}}/{{CVF Conference}} on {{Computer Vision}} and {{Pattern Recognition Workshops}} ({{CVPRW}})},
  isbn       = {978-1-6654-8739-9},
  langid     = {english},
  annotation = {12 citations (Semantic Scholar/DOI) [2025-02-02]}
}

@article{elkadyWhatEmergencyServices2022,
  title        = {What Do Emergency Services and Authorities Need from Society to Better Handle Disasters?},
  author       = {Elkady, Sahar and Hernantes, Josune and Mu\~noz, Mar and Labaka, Leire},
  date         = {2022-04-01},
  journaltitle = {International Journal of Disaster Risk Reduction},
  volume       = {72},
  pages        = {102864},
  issn         = {2212-4209},
  doi          = {10.1016/j.ijdrr.2022.102864},
  keywords     = {Community involvement,Community resilience,Disaster management,Emergency responders' needs and expectations,Europe},
  annotation   = {16 citations (Semantic Scholar/DOI) [2025-02-03]}
}

@article{ghassemiMultirobotTaskAllocation2022,
  title        = {Multi-Robot Task Allocation in Disaster Response: {{Addressing}} Dynamic Tasks with Deadlines and Robots with Range and Payload Constraints},
  shorttitle   = {Multi-Robot Task Allocation in Disaster Response},
  author       = {Ghassemi, Payam and Chowdhury, Souma},
  date         = {2022-01-01},
  journaltitle = {Robotics and Autonomous Systems},
  volume       = {147},
  pages        = {103905},
  issn         = {0921-8890},
  doi          = {10.1016/j.robot.2021.103905},
  keywords     = {Bipartite graph,Integer linear programming,Multi-robot task allocation,Multi-UAV flood response,Unmanned aerial vehicles},
  annotation   = {42 citations (Semantic Scholar/DOI) [2025-01-31]}
}

@article{iovinoSurveyBehaviorTrees2022,
  title        = {A Survey of {{Behavior Trees}} in Robotics and {{AI}}},
  author       = {Iovino, Matteo and Scukins, Edvards and Styrud, Jonathan and \"Ogren, Petter and Smith, Christian},
  date         = {2022-08-01},
  journaltitle = {Robotics and Autonomous Systems},
  volume       = {154},
  pages        = {104096},
  issn         = {0921-8890},
  doi          = {10.1016/j.robot.2022.104096},
  keywords     = {Artificial Intelligence,Behavior Trees,Learning Behavior Trees,Robotics}
}

@article{jadejaSurvivorDetectionApproach2024,
  title        = {Survivor Detection Approach for Post Earthquake Search and Rescue Missions Based on Deep Learning Inspired Algorithms},
  author       = {Jadeja, Rajendrasinh and Trivedi, Tapankumar and Surve, Jaymit},
  date         = {2024-10-23},
  journaltitle = {Sci Rep},
  volume       = {14},
  number       = {1},
  pages        = {25047},
  issn         = {2045-2322},
  doi          = {10.1038/s41598-024-75156-z},
  langid       = {english},
  annotation   = {0 citations (Semantic Scholar/DOI) [2025-01-19]}
}

@article{khayatWeightedClusterSUAV2023,
  title        = {On the {{Weighted Cluster S-UAV Scheme Using Latency-Oriented Trust}}},
  author       = {Khayat, Grace and Mavromoustakis, Constandinos X. and Pitsillides, Andreas and Batalla, Jordi Mongay and Markakis, Evangelos K. and Mastorakis, George},
  date         = {2023},
  journaltitle = {IEEE Access},
  volume       = {11},
  pages        = {56310--56323},
  issn         = {2169-3536},
  doi          = {10.1109/ACCESS.2023.3282441},
  eventtitle   = {{{IEEE Access}}},
  keywords     = {Ad hoc networks,Autonomous aerial vehicles,Base stations,Cluster head,cluster member,Clustering algorithms,clustering scheme,clusters,Delays,drone,Drones,Indexes,latency,rewarding index,swarm,UAV},
  annotation   = {5 citations (Semantic Scholar/DOI) [2025-02-02]}
}

@article{konstantakosSelfsupervisedVisualLearning2025,
  title        = {Self-Supervised Visual Learning in the Low-Data Regime: {{A}} Comparative Evaluation},
  shorttitle   = {Self-Supervised Visual Learning in the Low-Data Regime},
  author       = {Konstantakos, Sotirios and Cani, Jorgen and Mademlis, Ioannis and Chalkiadaki, Despina Ioanna and Asano, Yuki M. and Gavves, Efstratios and Papadopoulos, Georgios Th.},
  date         = {2025-03-01},
  journaltitle = {Neurocomputing},
  volume       = {620},
  pages        = {129199},
  issn         = {0925-2312},
  doi          = {10.1016/j.neucom.2024.129199},
  keywords     = {Deep Neural Networks,Image analysis,Low-data regime,Self-supervised learning,Visual representation learning}
}

@inproceedings{liangDualFormerLocalGlobalStratified2022,
  title      = {{{DualFormer}}: {{Local-Global Stratified Transformer}} for~{{Efficient Video Recognition}}},
  shorttitle = {{{DualFormer}}},
  booktitle  = {Computer {{Vision}} -- {{ECCV}} 2022},
  author     = {Liang, Yuxuan and Zhou, Pan and Zimmermann, Roger and Yan, Shuicheng},
  editor     = {Avidan, Shai and Brostow, Gabriel and Ciss\'e, Moustapha and Farinella, Giovanni Maria and Hassner, Tal},
  date       = {2022},
  pages      = {577--595},
  publisher  = {Springer Nature Switzerland},
  location   = {Cham},
  doi        = {10.1007/978-3-031-19830-4_33},
  isbn       = {978-3-031-19830-4},
  langid     = {english},
  keywords   = {Efficient video transformer,Local and global attention},
  annotation = {18 citations (Semantic Scholar/DOI) [2025-02-02]}
}

@article{linardakisDistributedMazeExploration2024,
  title        = {Distributed {{Maze Exploration Using Multiple Agents}} and {{Optimal Goal Assignment}}},
  author       = {Linardakis, Manousos and Varlamis, Iraklis and Papadopoulos, Georgios Th.},
  date         = {2024},
  journaltitle = {IEEE Access},
  volume       = {12},
  pages        = {101407--101418},
  issn         = {2169-3536},
  doi          = {10.1109/ACCESS.2024.3431909},
  eventtitle   = {{{IEEE Access}}},
  keywords     = {Cost-utility,Costs,distributed maze exploration,Merging,Multi-agent systems,multiagent,potential fields,Robot kinematics,Robustness,Sensors,Simultaneous localization and mapping,Task analysis,Voronoi partitioning}
}

@online{linardakisSurveyHandGesture2025,
  title       = {Survey on {{Hand Gesture Recognition}} from {{Visual Input}}},
  author      = {Linardakis, Manousos and Varlamis, Iraklis and Papadopoulos, Georgios Th},
  date        = {2025-01-21},
  eprint      = {2501.11992},
  eprinttype  = {arXiv},
  eprintclass = {cs},
  doi         = {10.48550/arXiv.2501.11992},
  keywords    = {Computer Science - Artificial Intelligence,Computer Science - Computer Vision and Pattern Recognition},
  annotation  = {0 citations (Semantic Scholar/arXiv) [2025-02-03]}
}

@inproceedings{liSuperResolutionAugmented2022,
  title      = {Super {{Resolution}} for {{Augmented Reality Applications}}},
  booktitle  = {{{IEEE INFOCOM}} 2022 - {{IEEE Conference}} on {{Computer Communications Workshops}} ({{INFOCOM WKSHPS}})},
  author     = {Li, Vladislav and Amponis, George and Nebel, Jean-Christophe and Argyriou, Vasileios and Lagkas, Thomas and Ouzounidis, Savvas and Sarigiannidis, Panagiotis},
  date       = {2022-05},
  pages      = {1--6},
  doi        = {10.1109/INFOCOMWKSHPS54753.2022.9798101},
  eventtitle = {{{IEEE INFOCOM}} 2022 - {{IEEE Conference}} on {{Computer Communications Workshops}} ({{INFOCOM WKSHPS}})},
  keywords   = {ARNR applications,Conferences,Image edge detection,Object detection,Object Detection and Classification,Program processors,Retina,Solid modeling,Super-Resolution,Superresolution},
  annotation = {4 citations (Semantic Scholar/DOI) [2025-02-02]}
}

@inproceedings{liuRegularizedDeepSigned2022,
  title      = {Regularized {{Deep Signed Distance Fields}} for {{Reactive Motion Generation}}},
  booktitle  = {2022 {{IEEE}}/{{RSJ International Conference}} on {{Intelligent Robots}} and {{Systems}} ({{IROS}})},
  author     = {Liu, Puze and Zhang, Kuo and Tateo, Davide and Jauhri, Snehal and Peters, Jan and Chalvatzaki, Georgia},
  date       = {2022-10},
  pages      = {6673--6680},
  issn       = {2153-0866},
  doi        = {10.1109/IROS47612.2022.9981456},
  eventtitle = {2022 {{IEEE}}/{{RSJ International Conference}} on {{Intelligent Robots}} and {{Systems}} ({{IROS}})},
  keywords   = {Hardware,Human-robot interaction,Planning,Reliability,Safety,Task analysis,Training},
  annotation = {29 citations (Semantic Scholar/DOI) [2025-02-02]}
}

@inproceedings{lopezDynamicTubeMPC2019,
  title      = {Dynamic {{Tube MPC}} for {{Nonlinear Systems}}},
  booktitle  = {2019 {{American Control Conference}} ({{ACC}})},
  author     = {Lopez, Brett T. and Slotine, Jean-Jacques E. and How, Jonathan P.},
  date       = {2019-07},
  pages      = {1655--1662},
  issn       = {2378-5861},
  doi        = {10.23919/ACC.2019.8814758},
  eventtitle = {2019 {{American Control Conference}} ({{ACC}})},
  keywords   = {Computational complexity,Electron tubes,Geometry,Optimization,Trajectory,Uncertainty},
  annotation = {99 citations (Semantic Scholar/DOI) [2025-02-02]}
}

@inproceedings{macenskiMarathon2Navigation2020,
  title      = {The {{Marathon}} 2: {{A Navigation System}}},
  shorttitle = {The {{Marathon}} 2},
  booktitle  = {2020 {{IEEE}}/{{RSJ International Conference}} on {{Intelligent Robots}} and {{Systems}} ({{IROS}})},
  author     = {Macenski, Steve and Mart\'in, Francisco and White, Ruffin and Clavero, Jonatan Gin\'es},
  date       = {2020-10},
  pages      = {2718--2725},
  issn       = {2153-0866},
  doi        = {10.1109/IROS45743.2020.9341207},
  eventtitle = {2020 {{IEEE}}/{{RSJ International Conference}} on {{Intelligent Robots}} and {{Systems}} ({{IROS}})},
  keywords   = {Behaviour-Based Systems,Heuristic algorithms,Middleware and Programming Environments,Navigation,Safety,Sensors,Service robots,Service Robots,Software,Task analysis,Testing},
  annotation = {194 citations (Semantic Scholar/DOI) [2025-02-02]}
}

@misc{markuseContainsModifiedCopernicus2023,
  title      = {Contains Modified {{Copernicus Sentinel}} Data [2023], Processed by {{Pierre Markuse}}},
  shorttitle = {English},
  author     = {Markuse, Pierre},
  date       = {2023-05-06},
  url        = {https://commons.wikimedia.org/wiki/File:Big_fire_in_the_Sverdlovsk_Oblast,_Russia_%28Lat-_56_682,_Lng-_63_472%29_-_6_May_2023_%2852880768096%29.jpg},
  urldate    = {2025-02-04}
}

@inproceedings{narayanSearchReconnaissanceRobot2022,
  title      = {Search and {{Reconnaissance Robot}} for {{Disaster Management}}},
  booktitle  = {Machines, {{Mechanism}} and {{Robotics}}},
  author     = {Narayan, Sarthak and Aquif, Mohd and Kalim, Abdur Rahman and Chagarlamudi, Dharun and Harshith Vignesh, M.},
  editor     = {Kumar, Rajeev and Chauhan, Vishal S. and Talha, Mohammad and Pathak, Himanshu},
  date       = {2022},
  pages      = {187--201},
  publisher  = {Springer},
  location   = {Singapore},
  doi        = {10.1007/978-981-16-0550-5_17},
  isbn       = {978-981-16-0550-5},
  langid     = {english},
  keywords   = {Cooperative control,Embedded systems,Mechanical systems/robotics},
  annotation = {5 citations (Semantic Scholar/DOI) [2025-01-31]}
}

@inproceedings{olszewskaOntologyAutonomousRobotics2017,
  title      = {Ontology for Autonomous Robotics},
  booktitle  = {2017 26th {{IEEE International Symposium}} on {{Robot}} and {{Human Interactive Communication}} ({{RO-MAN}})},
  author     = {Olszewska, Joanna Isabelle and Barreto, Marcos and Bermejo-Alonso, Julita and Carbonera, Joel and Chibani, Abdelghani and Fiorini, Sandro and Goncalves, Paulo and Habib, Maki and Khamis, Alaa and Olivares, Alberto and family=Freitas, given=Edison Pignaton, prefix=de, useprefix=true and Prestes, Edson and Ragavan, S. Veera and Redfield, Signe and Sanz, Ricardo and Spencer, Bruce and Li, Howard},
  date       = {2017-08},
  pages      = {189--194},
  issn       = {1944-9437},
  doi        = {10.1109/ROMAN.2017.8172300},
  eventtitle = {2017 26th {{IEEE International Symposium}} on {{Robot}} and {{Human Interactive Communication}} ({{RO-MAN}})},
  keywords   = {Computer architecture,Ontologies,Robot kinematics,Robot sensing systems,Standards},
  annotation = {60 citations (Semantic Scholar/DOI) [2025-02-02]}
}

@inproceedings{papadopoulos2022user,
  title        = {User profile-driven large-scale multi-agent learning from demonstration in federated human-robot collaborative environments},
  author       = {Papadopoulos, Georgios Th and Leonidis, Asterios and Antona, Margherita and Stephanidis, Constantine},
  booktitle    = {International Conference on Human-Computer Interaction},
  pages        = {548--563},
  year         = {2022},
  organization = {Springer}
}

@article{papadopoulosOpenExpandableCognitive2021,
  title        = {Towards {{Open}} and {{Expandable Cognitive AI Architectures}} for {{Large-Scale Multi-Agent Human-Robot Collaborative Learning}}},
  author       = {Papadopoulos, Georgios Th. and Antona, Margherita and Stephanidis, Constantine},
  date         = {2021},
  journaltitle = {IEEE Access},
  volume       = {9},
  pages        = {73890--73909},
  issn         = {2169-3536},
  doi          = {10.1109/ACCESS.2021.3080517},
  eventtitle   = {{{IEEE Access}}},
  keywords     = {artificial intelligence,Collaborative work,federated learning,Hidden Markov models,human-robot interaction,Human-robot interaction,Learning from demonstration,Robot sensing systems,Robots,Service robots,Task analysis}
}

@article{pillaiHeterogeneousRobotsCollaboration2024,
  title        = {A Heterogeneous Robots Collaboration for Safety, Security, and Rescue Robotics: E-{{ASIA}} Joint Research Program for Disaster Risk and Reduction Management},
  shorttitle   = {A Heterogeneous Robots Collaboration for Safety, Security, and Rescue Robotics},
  author       = {Pillai, Branesh M. and Suthakorn, Jackrit and Sivaraman, Dileep and Nakdhamabhorn, Sakol and Nillahoot, Nantida and Ongwattanakul, Songpol and Matsuno, Fumitoshi and Svinin, Mikhail and Magid, Evgeni},
  date         = {2024-02-01},
  journaltitle = {Advanced Robotics},
  volume       = {38},
  number       = {3},
  pages        = {129--151},
  publisher    = {Taylor \& Francis},
  issn         = {0169-1864},
  doi          = {10.1080/01691864.2024.2309622},
  keywords     = {heterogeneous multi-robot systems,informational system,path planning algorithms,Rescue robotics,search and rescue}
}

@article{pinoProbabilisticGraphBasedRealTime2024,
  title        = {Probabilistic {{Graph-Based Real-Time Ground Segmentation}} for {{Urban Robotics}}},
  author       = {family=Pino, given=Iv\'an, prefix=del, useprefix=false and Santamaria-Navarro, Angel and Garrell Zulueta, Ana\'is and Torres, Fernando and Andrade-Cetto, Juan},
  date         = {2024-05},
  journaltitle = {IEEE Transactions on Intelligent Vehicles},
  volume       = {9},
  number       = {5},
  pages        = {4989--5002},
  issn         = {2379-8904},
  doi          = {10.1109/TIV.2024.3383599},
  eventtitle   = {{{IEEE Transactions}} on {{Intelligent Vehicles}}},
  keywords     = {Deep learning,Ground segmentation,Laser radar,LiDAR,Point cloud compression,Real-time systems,Semantic segmentation,Sensors,sequential innovation,terrain analysis,Training}
}

@article{recchiutoPostdisasterAssessmentUnmanned2018,
  title        = {Post-Disaster Assessment with Unmanned Aerial Vehicles: {{A}} Survey on Practical Implementations and Research Approaches},
  shorttitle   = {Post-Disaster Assessment with Unmanned Aerial Vehicles},
  author       = {Recchiuto, Carmine Tommaso and Sgorbissa, Antonio},
  date         = {2018},
  journaltitle = {Journal of Field Robotics},
  volume       = {35},
  number       = {4},
  pages        = {459--490},
  issn         = {1556-4967},
  doi          = {10.1002/rob.21756},
  langid       = {english},
  annotation   = {51 citations (Semantic Scholar/DOI) [2025-01-31]}
}

@article{ristmaeCURSORSearchRescue2021,
  title    = {The {{CURSOR Search}} and {{Rescue}} ({{SaR}}) {{Kit}}: An Innovative Solution for Improving the Efficiency of {{Urban SaR Operations}}},
  author   = {Ristmae, Tiina and Dionysiou, Dimitra and Koutsokeras, Miltiadis and Douklias, Athanasios and Ouzounoglou, Eleftherios and Amditis, Angelos},
  date     = {2021},
  langid   = {english},
  keywords = {No DOI found}
}

@article{rodisMultimodalExplainableArtificial2024,
  title        = {Multimodal Explainable Artificial Intelligence: {{A}} Comprehensive Review of Methodological Advances and Future Research Directions},
  shorttitle   = {Multimodal Explainable Artificial Intelligence},
  author       = {Rodis, Nikolaos and Sardianos, Christos and Radoglou-Grammatikis, Panagiotis and Sarigiannidis, Panagiotis and Varlamis, Iraklis and Papadopoulos, Georgios Th},
  date         = {2024},
  journaltitle = {IEEE Access},
  publisher    = {IEEE},
  doi          = {10.1109/ACCESS.2024.3467062}
}

@article{rosinolKimeraSLAMSpatial2021,
  title        = {Kimera: {{From SLAM}} to Spatial Perception with {{3D}} Dynamic Scene Graphs},
  shorttitle   = {Kimera},
  author       = {Rosinol, Antoni and Violette, Andrew and Abate, Marcus and Hughes, Nathan and Chang, Yun and Shi, Jingnan and Gupta, Arjun and Carlone, Luca},
  date         = {2021-12-01},
  journaltitle = {The International Journal of Robotics Research},
  volume       = {40},
  number       = {12--14},
  pages        = {1510--1546},
  publisher    = {SAGE Publications Ltd STM},
  issn         = {0278-3649},
  doi          = {10.1177/02783649211056674},
  langid       = {english},
  annotation   = {200 citations (Semantic Scholar/DOI) [2025-02-02]}
}

@article{santamaria-navarroDeploymentAutonomousLastMile2024,
  title        = {Toward the {{Deployment}} of an {{Autonomous Last-Mile Delivery Robot}} in {{Urban Areas}}: {{The Ona Prototype Platform}}},
  shorttitle   = {Toward the {{Deployment}} of an {{Autonomous Last-Mile Delivery Robot}} in {{Urban Areas}}},
  author       = {Santamaria-Navarro, Angel and Hern\'andez, Sergi and Herrero, Fernando and L\'opez, Alejandro and family=Pino, given=Iv\'an, prefix=del, useprefix=true and Rodr\'iguez-Linares, Nicol\'as and Fern\'andez, Carlos and Bald\'o, Albert and Lemardel\'e, Cl\'ement and Garrell, Ana\'is and Vallv\'e, Joan and Taher, Hafsa and Puig-Pey, Ana M. and Pag\`es, Laia and Sanfeliu, Alberto},
  date         = {2024},
  journaltitle = {IEEE Robotics \& Automation Magazine},
  pages        = {2--15},
  issn         = {1558-223X},
  doi          = {10.1109/MRA.2024.3487321},
  eventtitle   = {{{IEEE Robotics}} \& {{Automation Magazine}}},
  keywords     = {Cameras,Human-robot interaction,Laser radar,Logistics,Navigation,Pedestrians,Robot vision systems,Robots,Sensors,Urban areas}
}

@inproceedings{santamaria-navarroResilientAutonomousNavigation2022,
  title      = {Towards {{Resilient Autonomous Navigation}} of {{Drones}}},
  booktitle  = {Robotics {{Research}}},
  author     = {Santamaria-Navarro, Angel and Thakker, Rohan and Fan, David D. and Morrell, Benjamin and Agha-mohammadi, Ali-akbar},
  editor     = {Asfour, Tamim and Yoshida, Eiichi and Park, Jaeheung and Christensen, Henrik and Khatib, Oussama},
  date       = {2022},
  pages      = {922--937},
  publisher  = {Springer International Publishing},
  location   = {Cham},
  doi        = {10.1007/978-3-030-95459-8_57},
  isbn       = {978-3-030-95459-8},
  langid     = {english},
  annotation = {47 citations (Semantic Scholar/DOI) [2025-02-02]}
}

@article{santamaria-navarroTerrainClassificationComplex2015,
  title        = {Terrain {{Classification}} in {{Complex Three-dimensional Outdoor Environments}}},
  author       = {Santamaria-Navarro, \`Angel and Teniente, Ernesto H. and Morta, Mart\'i and Andrade-Cetto, Juan},
  date         = {2015},
  journaltitle = {Journal of Field Robotics},
  volume       = {32},
  number       = {1},
  pages        = {42--60},
  issn         = {1556-4967},
  doi          = {10.1002/rob.21521},
  langid       = {english},
  annotation   = {43 citations (Semantic Scholar/DOI) [2025-02-02]}
}

@online{SILVANUSIntegratedTechnological2021,
  title        = {{{SILVANUS}} \textbar{} {{Integrated Technological}} and {{Information Platform}} for {{Wildfire Management}}},
  date         = {2021},
  url          = {https://silvanus-project.eu/},
  urldate      = {2025-01-31},
  langid       = {american},
  organization = {SILVANUS}
}

@inproceedings{singhProgPromptGeneratingSituated2023,
  title      = {{{ProgPrompt}}: {{Generating Situated Robot Task Plans}} Using {{Large Language Models}}},
  shorttitle = {{{ProgPrompt}}},
  booktitle  = {2023 {{IEEE International Conference}} on {{Robotics}} and {{Automation}} ({{ICRA}})},
  author     = {Singh, Ishika and Blukis, Valts and Mousavian, Arsalan and Goyal, Ankit and Xu, Danfei and Tremblay, Jonathan and Fox, Dieter and Thomason, Jesse and Garg, Animesh},
  date       = {2023-05},
  pages      = {11523--11530},
  doi        = {10.1109/ICRA48891.2023.10161317},
  eventtitle = {2023 {{IEEE International Conference}} on {{Robotics}} and {{Automation}} ({{ICRA}})},
  keywords   = {Automation,Manipulators,Natural languages,Planning,Task analysis},
  annotation = {512 citations (Semantic Scholar/DOI) [2025-02-02]}
}

@article{solaWOLFModularEstimation2022,
  title        = {{{WOLF}}: {{A Modular Estimation Framework}} for {{Robotics Based}} on {{Factor Graphs}}},
  shorttitle   = {{{WOLF}}},
  author       = {Sol\`a, Joan and Vallv\'e, Joan and Casals, Joaquim and Deray, J\'er\'emie and Fourmy, M\'ed\'eric and Atchuthan, Dinesh and Corominas-Murtra, Andreu and Andrade-Cetto, Juan},
  date         = {2022-04},
  journaltitle = {IEEE Robotics and Automation Letters},
  volume       = {7},
  number       = {2},
  pages        = {4710--4717},
  issn         = {2377-3766},
  doi          = {10.1109/LRA.2022.3151404},
  eventtitle   = {{{IEEE Robotics}} and {{Automation Letters}}},
  keywords     = {Estimation,Feature extraction,Program processors,Robots,Scalability,Sensor Fusion,Sensors,Simultaneous localization and mapping,SLAM},
  annotation   = {11 citations (Semantic Scholar/DOI) [2025-02-02]}
}

@online{StateEuropeanCities2016,
  title   = {The {{State}} of {{European Cities}} 2016: {{Cities}} Leading the Way to a Better Future \textbar{} {{UN-Habitat}}},
  date    = {2016},
  url     = {https://unhabitat.org/the-state-of-european-cities-2016-cities-leading-the-way-to-a-better-future},
  urldate = {2025-02-01}
}

@inproceedings{tankeIntentionbasedLongTermHuman2021,
  title      = {Intention-Based {{Long-Term Human Motion Anticipation}}},
  booktitle  = {2021 {{International Conference}} on {{3D Vision}} ({{3DV}})},
  author     = {Tanke, Julian and Zaveri, Chintan and Gall, Juergen},
  date       = {2021-12},
  pages      = {596--605},
  issn       = {2475-7888},
  doi        = {10.1109/3DV53792.2021.00069},
  eventtitle = {2021 {{International Conference}} on {{3D Vision}} ({{3DV}})},
  keywords   = {Forecasting,human motion,Measurement,pose forecasting,Three-dimensional displays,Uncertainty},
  annotation = {11 citations (Semantic Scholar/DOI) [2025-02-02]}
}

@article{tavasoliAutonomousPostdisasterIndoor2025,
  title        = {Autonomous Post-Disaster Indoor Navigation and Survivor Detection Using Low-Cost Micro Aerial Vehicles},
  author       = {Tavasoli, Sina and Poorghasem, Sina and Pan, Xiao and Yang, T. Y. and Bao, Y.},
  date         = {2025},
  journaltitle = {Computer-Aided Civil and Infrastructure Engineering},
  volume       = {40},
  number       = {1},
  pages        = {130--144},
  issn         = {1467-8667},
  doi          = {10.1111/mice.13319},
  langid       = {english},
  annotation   = {1 citations (Semantic Scholar/DOI) [2025-01-31]}
}

@inproceedings{umbricoEnhancedCognitionAdaptive2022,
  title      = {Enhanced {{Cognition}} for {{Adaptive Human-Robot Collaboration}}},
  booktitle  = {2022 {{IEEE}} 27th {{International Conference}} on {{Emerging Technologies}} and {{Factory Automation}} ({{ETFA}})},
  author     = {Umbrico, Alessandro and Anasagasti, Mikel and Bezrucav, Stefan-Octavian and Canale, Francesca and Cesta, Amedeo and Corves, Burkhard and Mandischer, Nils and Mondragon, Mikel and Rappis, Cristina Naso and Orlandini, Andrea},
  date       = {2022-09},
  pages      = {1--7},
  doi        = {10.1109/ETFA52439.2022.9921619},
  eventtitle = {2022 {{IEEE}} 27th {{International Conference}} on {{Emerging Technologies}} and {{Factory Automation}} ({{ETFA}})},
  keywords   = {Automated Planning,Cognition,Collaboration,Cyber-physical systems,Human-Robot Collaboration,Knowledge Representation and Reasoning,Peer-to-peer computing,Planning,Production systems,Robot Perception,Service robots},
  annotation = {2 citations (Semantic Scholar/DOI) [2025-02-02]}
}

@misc{wrightRaisingFloodDefences2005,
  title      = {Raising the {{Flood Defences}}, {{Barton Haven}}, {{Lincolnshire}}, {{England}}.},
  shorttitle = {English},
  author     = {Wright, David},
  date       = {2005-09-20},
  url        = {https://commons.wikimedia.org/wiki/File:Raising_the_Flood_Defences_-_geograph.org.uk_-_72827.jpg},
  urldate    = {2025-02-04}
}

@article{zhangLargeLanguageModels2023,
  title        = {Large Language Models for Human--Robot Interaction: {{A}} Review},
  shorttitle   = {Large Language Models for Human--Robot Interaction},
  author       = {Zhang, Ceng and Chen, Junxin and Li, Jiatong and Peng, Yanhong and Mao, Zebing},
  date         = {2023-12-01},
  journaltitle = {Biomimetic Intelligence and Robotics},
  volume       = {3},
  number       = {4},
  pages        = {100131},
  issn         = {2667-3797},
  doi          = {10.1016/j.birob.2023.100131},
  keywords     = {Considerations and challenges,Human-robot interaction,Large language models,Task completion},
  annotation   = {93 citations (Semantic Scholar/DOI) [2025-02-02]}
}