@ARTICLE{Sunetal2011,
  author  = {Sun, P. and Gao, L. and Han, S.},
  title   = {Identification of overlapping and non-overlapping community structure by fuzzy clustering in complex networks},
  journal = {Inf. Sci.}, 
  volume  = {181},
  year    = {2011},
  pages   = {1060-1071}
}

@article{almannaa2021perception,
  title={Perception analysis of E-scooter riders and non-riders in Riyadh, Saudi Arabia: Survey outputs},
  author={Almannaa, Mohammed Hamad and Alsahhaf, Faisal Adnan and Ashqar, Huthaifa I and Elhenawy, Mohammed and Masoud, Mahmoud and Rakotonirainy, Andry},
  journal={Sustainability},
  volume={13},
  number={2},
  pages={863},
  year={2021},
  publisher={MDPI}
}

@article{ari2024investigating,
  title={Investigating the factors affecting electric scooter usage behavior with a proposed structural model},
  author={Ar{\i}, Erkan and Y{\i}lmaz, Veysel},
  journal={Research in Transportation Business \& Management},
  volume={56},
  pages={101164},
  year={2024},
  publisher={Elsevier}
}

@article{burt2023scooter,
  title={E-scooter attitudes and risk-taking behaviours: an international systematic literature review and survey responses in the West Midlands, United Kingdom},
  author={Burt, Nathalie and Ahmed, Zubair},
  journal={Frontiers in public health},
  volume={11},
  pages={1277378},
  year={2023},
  publisher={Frontiers Media SA}
}

@article{christoforou2021using,
title={Who is using e-scooters and how? Evidence from Paris},
author={Christoforou, Zoi and de Bortoli, Anne and Gioldasis, Christos and Seidowsky, Regine},
journal={Transportation research part D: transport and environment},
volume={92},
pages={102708},
year={2021},
publisher={Elsevier}
}

@article{derrick2020perceptions,
  title={Perceptions and attitudes towards micro e-scooters in Singapore},
  author={Derrick, Wee Teck Chye},
  journal={Perceptions and attitudes towards micro e-scooters in Singapore},
  year={2020}
}

@article{eccarius2020adoption,
  title={Adoption intentions for micro-mobility--Insights from electric scooter sharing in Taiwan},
  author={Eccarius, Timo and Lu, Chung-Cheng},
  journal={Transportation research part D: transport and environment},
  volume={84},
  pages={102327},
  year={2020},
  publisher={Elsevier}
}

@article{gioldasis2021risk,
title={Risk-taking behaviors of e-scooter users: A survey in Paris},
author={Gioldasis, Christos and Christoforou, Zoi and Seidowsky, R{\'e}gine},
journal={Accident Analysis \& Prevention},
volume={163},
pages={106427},
year={2021},
publisher={Elsevier}
}

@article{hilgarter2020public,
  title={Public perception of autonomous vehicles: A qualitative study based on interviews after riding an autonomous shuttle},
  author={Hilgarter, Kathrin and Granig, Peter},
  journal={Transportation research part F: traffic psychology and behaviour},
  volume={72},
  pages={226--243},
  year={2020},
  publisher={Elsevier}
}

@article{james2023pedestrians,
  author = {Owain James and J I Swiderski and John Hicks and Denis Teoman and Ralph Buehler},
  title = {Pedestrians and E-Scooters: An Initial Look at E-Scooter Parking and Perceptions by Riders and Non-Riders},
  journal = {Urban Affairs and Planning, Virginia Tech},
  address = {Arlington, VA 22203, USA},
  year = {2023}

@article{javadinasr2022eliciting,
  title={Eliciting attitudinal factors affecting the continuance use of E-scooters: An empirical study in Chicago},
  author={Javadinasr, Mohammadjavad and Asgharpour, Sina and Rahimi, Ehsan and Choobchian, Pooria and Mohammadian, Abolfazl Kouros and Auld, Joshua},
  journal={Transportation research part F: traffic psychology and behaviour},
  volume={87},
  pages={87--101},
  year={2022},
  publisher={Elsevier}
}

@article{nikiforiadis2021analysis,
  title={Analysis of attitudes and engagement of shared e-scooter users},
  author={Nikiforiadis, Andreas and Paschalidis, Evangelos and Stamatiadis, Nikiforos and Raptopoulou, Alexandra and Kostareli, Athanasia and Basbas, Socrates},
  journal={Transportation research part D: transport and environment},
  volume={94},
  pages={102790},
  year={2021},
  publisher={Elsevier}
}

@article{othman2021public,
  title={Public acceptance and perception of autonomous vehicles: a comprehensive review},
  author={Othman, Kareem},
  journal={AI and Ethics},
  volume={1},
  number={3},
  pages={355--387},
  year={2021},
  publisher={Springer}
}

@article{pourfalatoun2023shared,
  title={Shared Electric Scooter Users and Non-Users: Perceptions on Safety, Adoption and Risk},
  author={Pourfalatoun, Shiva and Ahmed, Jubaer and Miller, Erika E},
  journal={Sustainability},
  volume={15},
  number={11},
  pages={9045},
  year={2023},
  publisher={MDPI}
}

@article{pyrialakou2020perceptions,
  title={Perceptions of safety on a shared road: Driving, cycling, or walking near an autonomous vehicle},
  author={Pyrialakou, V Dimitra and Gkartzonikas, Christos and Gatlin, J Drew and Gkritza, Konstantina},
  journal={Journal of safety research},
  volume={72},
  pages={249--258},
  year={2020},
  publisher={Elsevier}
}

@article{samadzad2023factors,
  title={What are the factors affecting the adoption and use of electric scooter sharing systems from the end user's perspective?},
  author={Samadzad, Mahdi and Nosratzadeh, Hossein and Karami, Hossein and Karami, Ali},
  journal={Transport policy},
  volume={136},
  pages={70--82},
  year={2023},
  publisher={Elsevier}
}

@article{sanders2020scoot,
  title={To scoot or not to scoot: Findings from a recent survey about the benefits and barriers of using E-scooters for riders and non-riders},
  author={Sanders, Rebecca L and Branion-Calles, Michael and Nelson, Trisalyn A},
  journal={Transportation Research Part A: Policy and Practice},
  volume={139},
  pages={217--227},
  year={2020},
  publisher={Elsevier}
}

@article{she2017barriers,
  title={What are the barriers to widespread adoption of battery electric vehicles? A survey of public perception in Tianjin, China},
  author={She, Zhen-Yu and Sun, Qing and Ma, Jia-Jun and Xie, Bai-Chen},
  journal={Transport Policy},
  volume={56},
  pages={29--40},
  year={2017},
  publisher={Elsevier}
}

@inproceedings{siebert2021safety,
  title={Safety related behaviors and law adherence of shared e-scooter riders in Germany},
  author={Siebert, Felix Wilhelm and Hoffknecht, Michael and Englert, Felix and Edwards, Timothy and Useche, Sergio A and R{\""o}tting, Matthias},
  booktitle={International Conference on Human-Computer Interaction},
  pages={446--456},
  year={2021},
  organization={Springer}
}

@article{sievert2023survey,
title={A survey of electric-scooter ridersâ€™ route choice, safety perception, and helmet use},
author={Sievert, Kelsey and Roen, Madeleine and Craig, Curtis M and Morris, Nichole L},
journal={Sustainability},
volume={15},
number={8},
pages={6609},
year={2023},
publisher={MDPI}
}

@article{sovacool2019pleasure,
  title={Pleasure or profit? Surveying the purchasing intentions of potential electric vehicle adopters in China},
  author={Sovacool, Benjamin K and Abrahamse, Wokje and Zhang, Long and Ren, Jingzheng},
  journal={Transportation Research Part A: Policy and Practice},
  volume={124},
  pages={69--81},
  year={2019},
  publisher={Elsevier}
}

@article{teixeira2023barriers,
  title={Barriers to bike and e-scooter sharing usage: an analysis of non-users from five European capital cities},
  author={Teixeira, Joao Filipe and Diogo, Vera and Bern{\'a}t, Anik{\'o} and Lukasiewicz, Agnieszka and Vaiciukynaite, Egle and Sanna, Venere Stefania},
  journal={Case studies on transport policy},
  volume={13},
  pages={101045},
  year={2023},
  publisher={Elsevier}
}

@article{thomas2020perception,
  title={Perception of autonomous vehicles by the modern society: a survey},
  author={Thomas, Elena and McCrudden, Connie and Wharton, Zachary and Behera, Ardhendu},
  journal={IET Intelligent Transport Systems},
  volume={14},
  number={10},
  pages={1228--1239},
  year={2020},
  publisher={Wiley Online Library}
}

@article{tian2022characteristics,
title={Characteristics and risk factors for electric scooter-related crashes and injury crashes among scooter riders: A two-phase survey study},
author={Tian, Disi and Ryan, Andrew D and Craig, Curtis M and Sievert, Kelsey and Morris, Nichole L},
journal={International journal of environmental research and public health},
volume={19},
number={16},
pages={10129},
year={2022},
publisher={MDPI}
}

@article{vsucha2023scooter, title={E-scooter riders and pedestrians: attitudes and interactions in five countries},
  author={{\v{S}}ucha, Mat{\'u}{\v{s}} and Drimlov{\'a}, Elisabeta and Re{\v{c}}ka, Karel and Haworth, Narelle and Karlsen, Katrine and Fyhri, Aslak and Wallgren, Pontus and Silverans, Peter and Slootmans, Freya},
  journal={Heliyon},
  volume={9},
  number={4},
  year={2023},
  publisher={Elsevier}
}

