@article{amari1993backpropagation,
  title={Backpropagation and stochastic gradient descent method},
  author={Amari, Shun-ichi},
  journal={Neurocomputing},
  volume={5},
  number={4-5},
  pages={185--196},
  year={1993},
  publisher={Elsevier}
}

@inproceedings{andriushchenko2020square,
  title={Square attack: a query-efficient black-box adversarial attack via random search},
  author={Andriushchenko, Maksym and Croce, Francesco and Flammarion, Nicolas and Hein, Matthias},
  booktitle={European conference on computer vision},
  year={2020}
}

@inproceedings{carlini2017towards,
  title={Towards evaluating the robustness of neural networks},
  author={Carlini, Nicholas and Wagner, David},
  booktitle={Symposium on security and privacy},
  year={2017}
}

@article{costa2024deep,
  title={How deep learning sees the world: A survey on adversarial attacks \& defenses},
  author={Costa, Joana C and Roxo, Tiago and Proen{\c{c}}a, Hugo and In{\'a}cio, Pedro RM},
  journal={IEEE Access},
  year={2024}
}

@article{daras2022discovering,
  title={Discovering the hidden vocabulary of dalle-2},
  author={Daras, Giannis and Dimakis, Alexandros G},
  journal={arXiv preprint arXiv:2206.00169},
  year={2022}
}

@article{deng2023jailbreaker,
  title={MasterKey: Automated Jailbreak Across Multiple Large Language Model Chatbots},
  author={Deng, Gelei and Liu, Yi and Li, Yuekang and Wang, Kailong and Zhang, Ying and Li, Zefeng and Wang, Haoyu and Zhang, Tianwei and Liu, Yang},
  journal={arXiv preprint arXiv:2307.08715},
  year={2023}
}

@inproceedings{dong2018boosting,
  title={Boosting adversarial attacks with momentum},
  author={Dong, Yinpeng and Liao, Fangzhou and Pang, Tianyu and Su, Hang and Zhu, Jun and Hu, Xiaolin and Li, Jianguo},
  booktitle={Conference on computer vision and pattern recognition},
  pages={9185--9193},
  year={2018}
}

@article{goodfellow2014explaining,
  title={Explaining and harnessing adversarial examples},
  author={Goodfellow, Ian J and Shlens, Jonathon and Szegedy, Christian},
  journal={arXiv:1412.6572},
  year={2014}
}

@article{hubinger2024sleeper,
  title={Sleeper agents: Training deceptive llms that persist through safety training},
  author={Hubinger, Evan and Denison, Carson and Mu, Jesse and Lambert, Mike and Tong, Meg and MacDiarmid, Monte and Lanham, Tamera and Ziegler, Daniel M and Maxwell, Tim and Cheng, Newton and others},
  journal={arXiv preprint arXiv:2401.05566},
  year={2024}
}

@inproceedings{li2022blacklight,
  title={Blacklight: Scalable Defense for Neural Networks against Query-Based Black-Box Attacks},
  author={Li, Huiying and Shan, Shawn and Wenger, Emily and Zhang, Jiayun and Zheng, Haitao and Zhao, Ben Y},
  booktitle={USENIX security symposium},
  year={2022}
}

@article{li2023multi,
  title={Multi-step jailbreaking privacy attacks on chatgpt},
  author={Li, Haoran and Guo, Dadi and Fan, Wei and Xu, Mingshi and Huang, Jie and Meng, Fanpu and Song, Yangqiu},
  journal={arXiv preprint arXiv:2304.05197},
  year={2023}
}

@article{liu2023jailbreaking,
  title={Jailbreaking chatgpt via prompt engineering: An empirical study},
  author={Liu, Yi and Deng, Gelei and Xu, Zhengzi and Li, Yuekang and Zheng, Yaowen and Zhang, Ying and Zhao, Lida and Zhang, Tianwei and Wang, Kailong and Liu, Yang},
  journal={arXiv preprint arXiv:2305.13860},
  year={2023}
}

@inproceedings{liu2023riatig,
  title={RIATIG: Reliable and Imperceptible Adversarial Text-to-Image Generation With Natural Prompts},
  author={Liu, Han and Wu, Yuhao and Zhai, Shixuan and Yuan, Bo and Zhang, Ning},
  booktitle={Conference on computer vision and pattern recognition},
  pages={20585--20594},
  year={2023}
}

@article{madry2017towards,
  title={Towards deep learning models resistant to adversarial attacks},
  author={Madry, Aleksander and Makelov, Aleksandar and Schmidt, Ludwig and Tsipras, Dimitris and Vladu, Adrian},
  journal={arXiv preprint arXiv:1706.06083},
  year={2017}
}

@article{milliere2022adversarial,
  title={Adversarial attacks on image generation with made-up words},
  author={Milli{\`e}re, Rapha{\"e}l},
  journal={arXiv preprint arXiv:2208.04135},
  year={2022}
}

@inproceedings{moosavi2016deepfool,
  title={Deepfool: a simple and accurate method to fool deep neural networks},
  author={Moosavi-Dezfooli, Seyed-Mohsen and Fawzi, Alhussein and Frossard, Pascal},
  booktitle={Conference on computer vision and pattern recognition},
  year={2016}
}

@inproceedings{qi2024visual,
  title={Visual adversarial examples jailbreak aligned large language models},
  author={Qi, Xiangyu and Huang, Kaixuan and Panda, Ashwinee and Henderson, Peter and Wang, Mengdi and Mittal, Prateek},
  booktitle={AAAI conference on artificial intelligence},
  volume={38},
  number={19},
  pages={21527--21536},
  year={2024}
}

@article{ramesh2022hierarchical,
  title={Hierarchical text-conditional image generation with clip latents},
  author={Ramesh, Aditya and Dhariwal, Prafulla and Nichol, Alex and Chu, Casey and Chen, Mark},
  journal={arXiv preprint arXiv:2204.06125},
  volume={1},
  year={2022}
}

@inproceedings{shayegani2023jailbreak,
  title={Jailbreak in pieces: Compositional adversarial attacks on multi-modal language models},
  author={Shayegani, Erfan and Dong, Yue and Abu-Ghazaleh, Nael},
  booktitle={International conference on learning representations},
  year={2023}
}

@article{struppek2022biased,
  title={The biased artist: Exploiting cultural biases via homoglyphs in text-guided image generation models},
  author={Struppek, Lukas and Hintersdorf, Dominik and Kersting, Kristian},
  journal={arXiv preprint arXiv:2209.08891},
  year={2022}
}

@article{szegedy2013intriguing,
  title={Intriguing properties of neural networks},
  author={Szegedy, Christian and Zaremba, Wojciech and Sutskever, Ilya and Bruna, Joan and Erhan, Dumitru and Goodfellow, Ian and Fergus, Rob},
  journal={arXiv preprint arXiv:1312.6199},
  year={2013}
}

@inproceedings{tu2025many,
  title={How Many Are in This Image A Safety Evaluation Benchmark for Vision LLMs},
  author={Tu, Haoqin and Cui, Chenhang and Wang, Zijun and Zhou, Yiyang and Zhao, Bingchen and Han, Junlin and Zhou, Wangchunshu and Yao, Huaxiu and Xie, Cihang},
  booktitle={European conference on computer vision},
  pages={37--55},
  year={2025},
  organization={Springer}
}

@article{wei2024jailbroken,
  title={Jailbroken: How does llm safety training fail?},
  author={Wei, Alexander and Haghtalab, Nika and Steinhardt, Jacob},
  journal={Advances in neural information processing systems},
  volume={36},
  year={2024}
}

@inproceedings{wicker2018feature,
  title={Feature-guided black-box safety testing of deep neural networks},
  author={Wicker, Matthew and Huang, Xiaowei and Kwiatkowska, Marta},
  booktitle={Tools and algorithms for the Construction and analysis of systems: international conference},
  pages={408--426},
  year={2018}
}

@article{wong2020fast,
  title={Fast is better than free: Revisiting adversarial training},
  author={Wong, Eric and Rice, Leslie and Kolter, J Zico},
  journal={arXiv preprint arXiv:2001.03994},
  year={2020}
}

@article{yang2023mma,
  title={MMA-Diffusion: MultiModal Attack on Diffusion Models},
  author={Yang, Yijun and Gao, Ruiyuan and Wang, Xiaosen and Xu, Nan and Xu, Qiang},
  journal={arXiv:2311.17516},
  year={2023}
}

@inproceedings{yang2024sneakyprompt,
  title={Sneakyprompt: Jailbreaking text-to-image generative models},
  author={Yang, Yuchen and Hui, Bo and Yuan, Haolin and Gong, Neil and Cao, Yinzhi},
  booktitle={Symposium on security and privacy},
  pages={123--123},
  year={2024}
}

@article{yang2024watch,
  title={Watch out for your agents! investigating backdoor threats to llm-based agents},
  author={Yang, Wenkai and Bi, Xiaohan and Lin, Yankai and Chen, Sishuo and Zhou, Jie and Sun, Xu},
  journal={arXiv preprint arXiv:2402.11208},
  year={2024}
}

@article{zou2023universal,
  title={Universal and transferable adversarial attacks on aligned language models},
  author={Zou, Andy and Wang, Zifan and Carlini, Nicholas and Nasr, Milad and Kolter, J Zico and Fredrikson, Matt},
  journal={arXiv preprint arXiv:2307.15043},
  year={2023}
}

