@inproceedings{xu2018attngan,
  title={Attngan: Fine-grained text to image generation with attentional generative adversarial networks},
  author={Xu, Tao and Zhang, Pengchuan and Huang, Qiuyuan and Zhang, Han and Gan, Zhe and Huang, Xiaolei and He, Xiaodong},
  booktitle={Conference on computer vision and pattern recognition},
  pages={1316--1324},
  year={2018}
}


@inproceedings{zhang2017stackgan,
  title={Stackgan: Text to photo-realistic image synthesis with stacked generative adversarial networks},
  author={{}Zhang, Han and Xu, Tao and Li, Hongsheng and Zhang, Shaoting and Wang, Xiaogang and Huang, Xiaolei and Metaxas, Dimitris N},
  booktitle={International conference on computer vision},
  pages={5907--5915},
  year={2017}
}


@article{zhang2018stackgan++,
  title={Stackgan++: Realistic image synthesis with stacked generative adversarial networks},
  author={Zhang, Han and Xu, Tao and Li, Hongsheng and Zhang, Shaoting and Wang, Xiaogang and Huang, Xiaolei and Metaxas, Dimitris N},
  journal={Transactions on pattern analysis and machine intelligence},
  volume={41},
  number={8},
  pages={1947--1962},
  year={2018}
}


@article{hughes2021generative,
  title={Generative adversarial networks--enabled human--artificial intelligence collaborative applications for creative and design industries: A systematic review of current approaches and trends},
  author={Hughes, Rowan T and Zhu, Liming and Bednarz, Tomasz},
  journal={Frontiers in artificial intelligence},
  volume={4},
  pages={604234},
  year={2021}
}

@article{li2019controllable,
  title={Controllable text-to-image generation},
  author={Li, Bowen and Qi, Xiaojuan and Lukasiewicz, Thomas and Torr, Philip},
  journal={Advances in neural information processing systems},
  volume={32},
  year={2019}
}


@article{nichol2021glide,
  title={Glide: Towards photorealistic image generation and editing with text-guided diffusion models},
  author={Nichol, Alex and Dhariwal, Prafulla and Ramesh, Aditya and Shyam, Pranav and Mishkin, Pamela and McGrew, Bob and Sutskever, Ilya and Chen, Mark},
  journal={arXiv preprint arXiv:2112.10741},
  year={2021}
}

@inproceedings{ramesh2021zero,
  title={Zero-shot text-to-image generation},
  author={Ramesh, Aditya and Pavlov, Mikhail and Goh, Gabriel and Gray, Scott and Voss, Chelsea and Radford, Alec and Chen, Mark and Sutskever, Ilya},
  booktitle={International conference on machine learning},
  pages={8821--8831},
  year={2021},
  organization={PMLR}
}


@article{ramesh2022hierarchical,
  title={Hierarchical text-conditional image generation with clip latents},
  author={Ramesh, Aditya and Dhariwal, Prafulla and Nichol, Alex and Chu, Casey and Chen, Mark},
  journal={arXiv preprint arXiv:2204.06125},
  volume={1},
  year={2022}
}


@article{saharia2022photorealistic,
  title={Photorealistic text-to-image diffusion models with deep language understanding},
  author={Saharia, Chitwan and Chan, William and Saxena, Saurabh and Li, Lala and Whang, Jay and Denton, Emily L and Ghasemipour, Kamyar and Gontijo Lopes, Raphael and Karagol Ayan, Burcu and Salimans, Tim and others},
  journal={Advances in neural information processing systems},
  volume={35},
  pages={36479--36494},
  year={2022}
}


@article{milliere2022adversarial,
  title={Adversarial attacks on image generation with made-up words},
  author={Milli{\`e}re, Rapha{\"e}l},
  journal={arXiv preprint arXiv:2208.04135},
  year={2022}
}


@article{yu2022scaling,
  title={Scaling autoregressive models for content-rich text-to-image generation},
  author={Yu, Jiahui and Xu, Yuanzhong and Koh, Jing Yu and Luong, Thang and Baid, Gunjan and Wang, Zirui and Vasudevan, Vijay and Ku, Alexander and Yang, Yinfei and Ayan, Burcu Karagol and others},
  journal={arXiv preprint arXiv:2206.10789},
  year={2022}
}


@article{chesney2019deep,
  title={Deep fakes: A looming challenge for privacy, democracy, and national security},
  author={Chesney, Bobby and Citron, Danielle},
  journal={Calif. L. Rev.},
  volume={107},
  pages={1753},
  year={2019},
  publisher={HeinOnline}
}



@article{birhane2021multimodal,
  title={Multimodal datasets: misogyny, pornography, and malignant stereotypes},
  author={Birhane, Abeba and Prabhu, Vinay Uday and Kahembwe, Emmanuel},
  journal={arXiv preprint arXiv:2110.01963},
  year={2021}
}

@inproceedings{liu2023riatig,
  title={RIATIG: Reliable and Imperceptible Adversarial Text-to-Image Generation With Natural Prompts},
  author={Liu, Han and Wu, Yuhao and Zhai, Shixuan and Yuan, Bo and Zhang, Ning},
  booktitle={Conference on computer vision and pattern recognition},
  pages={20585--20594},
  year={2023}
}


@article{daras2022discovering,
  title={Discovering the hidden vocabulary of dalle-2},
  author={Daras, Giannis and Dimakis, Alexandros G},
  journal={arXiv preprint arXiv:2206.00169},
  year={2022}
}


@article{struppek2022biased,
  title={The biased artist: Exploiting cultural biases via homoglyphs in text-guided image generation models},
  author={Struppek, Lukas and Hintersdorf, Dominik and Kersting, Kristian},
  journal={arXiv preprint arXiv:2209.08891},
  year={2022}
}


@inproceedings{jin2020bert,
  title={Is bert really robust? a strong baseline for natural language attack on text classification and entailment},
  author={Jin, Di and Jin, Zhijing and Zhou, Joey Tianyi and Szolovits, Peter},
  booktitle={AAAI conference on artificial intelligence},
  volume={34},
  pages={8018--8025},
  year={2020}
}


@article{aivodji2019gamin,
  title={Gamin: An adversarial approach to black-box model inversion},
  author={A{\"\i}vodji, Ulrich and Gambs, S{\'e}bastien and Ther, Timon},
  journal={arXiv preprint arXiv:1909.11835},
  year={2019}
}


@inproceedings{razzhigaev2020black,
  title={Black-box face recovery from identity features},
  author={Razzhigaev, Anton and Kireev, Klim and Kaziakhmedov, Edgar and Tursynbek, Nurislam and Petiushko, Aleksandr},
  booktitle={European conference on computer vision Workshops},
  pages={462--475},
  year={2020},
  organization={Springer}
}


@article{kojima2022large,
  title={Large language models are zero-shot reasoners},
  author={Kojima, Takeshi and Gu, Shixiang Shane and Reid, Machel and Matsuo, Yutaka and Iwasawa, Yusuke},
  journal={Advances in neural information processing systems},
  volume={35},
  pages={22199--22213},
  year={2022}
}


@article{hu2021lora,
  title={Lora: Low-rank adaptation of large language models},
  author={Hu, Edward J and Shen, Yelong and Wallis, Phillip and Allen-Zhu, Zeyuan and Li, Yuanzhi and Wang, Shean and Wang, Lu and Chen, Weizhu},
  journal={arXiv preprint arXiv:2106.09685},
  year={2021}
}


@inproceedings{Midjourney,
  title={Midjourney},
  organization={https://www.mi djourney.com/home}
}


@inproceedings{Leonardo,
  title={Leonardo.ai},
  organization={https://leonardo.ai/}
}


@inproceedings{schramowski2023safe,
  title={Safe latent diffusion: Mitigating inappropriate degeneration in diffusion models},
  author={Schramowski, Patrick and Brack, Manuel and Deiseroth, Bj{\"o}rn and Kersting, Kristian},
  booktitle={Conference on computer vision and pattern recognition},
  pages={22522--22531},
  year={2023}
}


@inproceedings{rombach2022high,
  title={High-resolution image synthesis with latent diffusion models},
  author={Rombach, Robin and Blattmann, Andreas and Lorenz, Dominik and Esser, Patrick and Ommer, Bj{\"o}rn},
  booktitle={conference on computer vision and pattern recognition},
  pages={10684--10695},
  year={2022}
}


@article{tsvetkov2022nsfw,
  title={NSFW Text Identification},
  author={Tsvetkov, Alexander},
  year={2022}
}


@inproceedings{radford2021learning,
  title={Learning transferable visual models from natural language supervision},
  author={Radford, Alec and Kim, Jong Wook and Hallacy, Chris and Ramesh, Aditya and Goh, Gabriel and Agarwal, Sandhini and Sastry, Girish and Askell, Amanda and Mishkin, Pamela and Clark, Jack and others},
  booktitle={International conference on machine learning},
  pages={8748--8763},
  year={2021},
  organization={PMLR}
}


@inproceedings{sariyildiz2020learning,
  title={Learning visual representations with caption annotations},
  author={Sariyildiz, Mert Bulent and Perez, Julien and Larlus, Diane},
  booktitle={European conference on computer vision},
  pages={153--170},
  year={2020},
  organization={Springer}
}

@inproceedings{zhang2022contrastive,
  title={Contrastive learning of medical visual representations from paired images and text},
  author={Zhang, Yuhao and Jiang, Hang and Miura, Yasuhide and Manning, Christopher D and Langlotz, Curtis P},
  booktitle={Machine learning for healthcare conference},
  pages={2--25},
  year={2022},
  organization={PMLR}
}

@article{spall1992multivariate,
  title={Multivariate stochastic approximation using a simultaneous perturbation gradient approximation},
  author={Spall, James C},
  journal={Transactions on automatic control},
  volume={37},
  number={3},
  pages={332--341},
  year={1992}
}


@article{spall1997one,
  title={A one-measurement form of simultaneous perturbation stochastic approximation},
  author={{}Spall, James C},
  journal={Automatica},
  volume={33},
  pages={109--112},
  year={1997}
}


@article{nowak2007introduction,
  title={Introduction to stochastic search and optimization. estimation, simulation, and control},
  author={Nowak, W},
  journal={Transactions on neural networks},
  volume={18},
  pages={964--965},
  year={2007}
}


@article{spall2000adaptive,
  title={Adaptive stochastic approximation by the simultaneous perturbation method},
  author={{}{}Spall, James C},
  journal={Transactions on automatic control},
  volume={45},
  pages={1839--1853},
  year={2000}
}

@inproceedings{spall1997accelerated,
  title={Accelerated second-order stochastic optimization using only function measurements},
  author={{}{}{}Spall, James C},
  booktitle={Conference on decision and control},
  volume={2},
  pages={1417--1424},
  year={1997}
}


@inproceedings{nesterov1983method,
  title={A method of solving a convex programming problem with convergence rate \{O\}(1/k \{2\})},
  author={Nesterov, Yurii Evgen'evich},
  booktitle={Doklady akademii nauk},
  volume={269},
  pages={543--547},
  year={1983}
}


@inproceedings{lin2014microsoft,
  title={Microsoft coco: Common objects in context},
  author={Lin, Tsung-Yi and Maire, Michael and Belongie, Serge and Hays, James and Perona, Pietro and Ramanan, Deva and Doll{\'a}r, Piotr and Zitnick, C Lawrence},
  booktitle={European conference on computer vision},
  pages={740--755},
  year={2014}
}


@inproceedings{zhu2019dm,
  title={Dm-gan: Dynamic memory generative adversarial networks for text-to-image synthesis},
  author={Zhu, Minfeng and Pan, Pingbo and Chen, Wei and Yang, Yi},
  booktitle={conference on computer vision and pattern recognition},
  pages={5802--5810},
  year={2019}
}


@inproceedings{tao2022df,
  title={Df-gan: A simple and effective baseline for text-to-image synthesis},
  author={Tao, Ming and Tang, Hao and Wu, Fei and Jing, Xiao-Yuan and Bao, Bing-Kun and Xu, Changsheng},
  booktitle={conference on computer vision and pattern recognition},
  pages={16515--16525},
  year={2022}
}


@article{xia2015learning,
  title={Learning similarity with cosine similarity ensemble},
  author={Xia, Peipei and Zhang, Li and Li, Fanzhang},
  journal={Information sciences},
  volume={307},
  pages={39--52},
  year={2015},
  publisher={Elsevier}
}


@article{touvron2023llama,
  title={Llama: Open and efficient foundation language models},
  author={Touvron, Hugo and Lavril, Thibaut and Izacard, Gautier and Martinet, Xavier and Lachaux, Marie-Anne and Lacroix, Timoth{\'e}e and Rozi{\`e}re, Baptiste and Goyal, Naman and Hambro, Eric and Azhar, Faisal and others},
  journal={arXiv preprint arXiv:2302.13971},
  year={2023}
}


@inproceedings{gao2018black,
  title={Black-box generation of adversarial text sequences to evade deep learning classifiers},
  author={Gao, Ji and Lanchantin, Jack and Soffa, Mary Lou and Qi, Yanjun},
  booktitle={security and privacy workshops},
  pages={50--56},
  year={2018}
}


@article{trummer2022baboons,
  title={BABOONS: Black-box optimization of data summaries in natural language},
  author={Trummer, Immanuel},
  journal={VLDB Endowment},
  volume={15},
  number={11},
  pages={2980--2993},
  year={2022},
  publisher={VLDB Endowment}
}


@article{gil2019white,
  title={White-to-black: Efficient distillation of black-box adversarial attacks},
  author={Gil, Yotam and Chai, Yoav and Gorodissky, Or and Berant, Jonathan},
  journal={arXiv preprint arXiv:1904.02405},
  year={2019}
}


@inproceedings{vijayaraghavan2020generating,
  title={Generating black-box adversarial examples for text classifiers using a deep reinforced model},
  author={Vijayaraghavan, Prashanth and Roy, Deb},
  booktitle={machine learning and knowledge discovery in databases: european conference},
  pages={711--726},
  year={2020},
  organization={Springer}
}


@article{radford2019language,
  title={Language models are unsupervised multitask learners},
  author={Radford, Alec and Wu, Jeffrey and Child, Rewon and Luan, David and Amodei, Dario and Sutskever, Ilya and others},
  journal={OpenAI blog},
  volume={1},
  pages={9},
  year={2019}
}


@article{cer2018universal,
  title={Universal sentence encoder},
  author={Cer, Daniel and Yang, Yinfei and Kong, Sheng-yi and Hua, Nan and Limtiaco, Nicole and John, Rhomni St and Constant, Noah and Guajardo-Cespedes, Mario and Yuan, Steve and Tar, Chris and others},
  journal={arXiv preprint arXiv:1803.11175},
  year={2018}
}


@inproceedings{kim2021vilt,
  title={Vilt: Vision-and-language transformer without convolution or region supervision},
  author={Kim, Wonjae and Son, Bokyung and Kim, Ildoo},
  booktitle={International conference on machine learning},
  pages={5583--5594},
  year={2021}
}


@article{galetin2022review,
  title={Review of the standpoints regarding the content of the article 5 of the proposal for the European Union's artificial intelligence act: The challenge of finding the balance},
  author={Galetin, Milena and {\v{S}}kori{\'c}, Jovana and Mihajlovi{\'c}, Milan},
  journal={Univerzitetska misao-{\v{c}}asopis za nauku, kulturu i umjetnost, Novi Pazar},
  number={21},
  pages={164--175},
  year={2022}
}


@article{zhang2021ethics,
  title={Ethics and governance of artificial intelligence: Evidence from a survey of machine learning researchers},
  author={Zhang, Baobao and Anderljung, Markus and Kahn, Lauren and Dreksler, Noemi and Horowitz, Michael C and Dafoe, Allan},
  journal={Journal of Artificial Intelligence Research},
  volume={71},
  pages={591--666},
  year={2021}
}



@article{daly2020ai,
  title={AI, governance and ethics: global perspectives},
  author={Daly, Angela and Hagendorff, Thilo and Li, Hui and Mann, Monique and Marda, Vidushi and Wagner, Ben and Wang, Wayne Wei},
  journal={University of Hong Kong Faculty of Law Research Paper},
  year={2020}
}


@inproceedings{huang2023towards,
  title={Towards Making the Most of LLM for Translation Quality Estimation},
  author={Huang, Hui and Wu, Shuangzhi and Liang, Xinnian and Wang, Bing and Shi, Yanrui and Wu, Peihao and Yang, Muyun and Zhao, Tiejun},
  booktitle={International conference on natural language processing and chinese computing},
  pages={375--386},
  year={2023}
}


@inproceedings{choquette2021label,
  title={Label-only membership inference attacks},
  author={Choquette-Choo, Christopher A and Tramer, Florian and Carlini, Nicholas and Papernot, Nicolas},
  booktitle={International conference on machine learning},
  pages={1964--1974},
  year={2021},
  organization={PMLR}
}

@article{zhu2022label,
  title={Label-only model inversion attacks: Attack with the least information},
  author={Zhu, Tianqing and Ye, Dayong and Zhou, Shuai and Liu, Bo and Zhou, Wanlei},
  journal={Transactions on information forensics and security},
  volume={18},
  pages={991--1005},
  year={2022}
}


@inproceedings{finlay2019logbarrier,
  title={The logbarrier adversarial attack: making effective use of decision boundary information},
  author={Finlay, Chris and Pooladian, Aram-Alexandre and Oberman, Adam},
  booktitle={International conference on computer vision},
  year={2019}
}



@article{shafahi2019adversarial,
  title={Adversarial training for free!},
  author={Shafahi, Ali and Najibi, Mahyar and Ghiasi, Mohammad Amin and Xu, Zheng and Dickerson, John and Studer, Christoph and Davis, Larry S and Taylor, Gavin and Goldstein, Tom},
  journal={Advances in neural information processing systems},
  volume={32},
  year={2019}
}


@article{goodfellow2014explaining,
  title={Explaining and harnessing adversarial examples},
  author={Goodfellow, Ian J and Shlens, Jonathon and Szegedy, Christian},
  journal={arXiv:1412.6572},
  year={2014}
}


@article{wang2023continual,
  title={Continual Adversarial Defense},
  author={Wang, Qian and Liu, Yaoyao and Ling, Hefei and Li, Yingwei and Liu, Qihao and Li, Ping and Chen, Jiazhong and Yuille, Alan and Yu, Ning},
  journal={arXiv preprint arXiv:2312.09481},
  year={2023}
}


@inproceedings{marchant2022hard,
  title={Hard to forget: Poisoning attacks on certified machine unlearning},
  author={Marchant, Neil G and Rubinstein, Benjamin IP and Alfeld, Scott},
  booktitle={AAAI conference on artificial intelligence},
  volume={36},
  pages={7691--7700},
  year={2022}
}

@inproceedings{liu2022backdoor,
  title={Backdoor defense with machine unlearning},
  author={Liu, Yang and Fan, Mingyuan and Chen, Cen and Liu, Ximeng and Ma, Zhuo and Wang, Li and Ma, Jianfeng},
  booktitle={Conference on computer communications},
  year={2022}
}


@article{daoud2023gradient,
  title={Gradient-based optimizer (GBO): a review, theory, variants, and applications},
  author={Daoud, Mohammad Sh and Shehab, Mohammad and Al-Mimi, Hani M and Abualigah, Laith and Zitar, Raed Abu and Shambour, Mohd Khaled Yousef},
  journal={Archives of computational methods in engineering},
  volume={30},
  number={4},
  pages={2431--2449},
  year={2023},
  publisher={Springer}
}


@article{zhou2021random,
  title={Random learning gradient based optimization for efficient design of photovoltaic models},
  author={Zhou, Wei and Wang, Pengjun and Heidari, Ali Asghar and Zhao, Xuehua and Turabieh, Hamza and Chen, Huiling},
  journal={Energy conversion and management},
  volume={230},
  pages={113751},
  year={2021}
}


@article{stephan2017stochastic,
  title={Stochastic gradient descent as approximate bayesian inference},
  author={Stephan, Mandt and Hoffman, Matthew D and Blei, David M and others},
  journal={Journal of machine learning research},
  volume={18},
  number={134},
  pages={1--35},
  year={2017}
}

@article{kingma2014adam,
  title={Adam: A method for stochastic optimization},
  author={Kingma, Diederik P and Ba, Jimmy},
  journal={arXiv preprint arXiv:1412.6980},
  year={2014}
}

@inproceedings{golovin2017google,
  title={Google vizier: A service for black-box optimization},
  author={Golovin, Daniel and Solnik, Benjamin and Moitra, Subhodeep and Kochanski, Greg and Karro, John and Sculley, David},
  booktitle={ACM SIGKDD international conference on knowledge discovery and data mining},
  pages={1487--1495},
  year={2017}
}


@article{gao2023evaluating,
  title={Evaluating the Robustness of Text-to-image Diffusion Models against Real-world Attacks},
  author={Gao, Hongcheng and Zhang, Hao and Dong, Yinpeng and Deng, Zhijie},
  journal={arXiv preprint arXiv:2306.13103},
  year={2023}
}


@article{dong2022survey,
  title={A survey for in-context learning},
  author={Dong, Qingxiu and Li, Lei and Dai, Damai and Zheng, Ce and Wu, Zhiyong and Chang, Baobao and Sun, Xu and Xu, Jingjing and Sui, Zhifang},
  journal={arXiv preprint arXiv:2301.00234},
  year={2022}
}


@article{yang2023mma,
  title={MMA-Diffusion: MultiModal Attack on Diffusion Models},
  author={Yang, Yijun and Gao, Ruiyuan and Wang, Xiaosen and Xu, Nan and Xu, Qiang},
  journal={arXiv:2311.17516},
  year={2023}
}


@article{KALYAN2024100048,
title = {A survey of GPT-3 family large language models including ChatGPT and GPT-4},
journal = {Natural language processing journal},
volume = {6},
pages = {100048},
year = {2024},
author = {Katikapalli Subramanyam Kalyan}
}


@book{chien2018source,
  title={Source separation and machine learning},
  author={Chien, Jen-Tzung},
  year={2018},
  publisher={Academic Press}
}

@article{raiaan2023review,
  title={A Review on Large Language Models: Architectures, Applications, Taxonomies, Open Issues and Challenges},
  author={Raiaan, Mohaimenul Azam Khan and Mukta, Md Saddam Hossain and Fatema, Kaniz and Fahad, Nur Mohammad and Sakib, Sadman and Mim, Most Marufatul Jannat and Ahmad, Jubaer and Ali, Mohammed Eunus and Azam, Sami},
  journal={Authorea Preprints},
  year={2023},
  publisher={Authorea}
}


@inproceedings{yang2024sneakyprompt,
  title={Sneakyprompt: Jailbreaking text-to-image generative models},
  author={Yang, Yuchen and Hui, Bo and Yuan, Haolin and Gong, Neil and Cao, Yinzhi},
  booktitle={Symposium on security and privacy},
  pages={123--123},
  year={2024}
}


@article{rando2022red,
  title={Red-teaming the stable diffusion safety filter},
  author={Rando, Javier and Paleka, Daniel and Lindner, David and Heim, Lennart and Tram{\`e}r, Florian},
  journal={arXiv preprint arXiv:2210.04610},
  year={2022}
}


@inproceedings{papernot2017practical,
  title={Practical black-box attacks against machine learning},
  author={Papernot, Nicolas and McDaniel, Patrick and Goodfellow, Ian and Jha, Somesh and Celik, Z Berkay and Swami, Ananthram},
  booktitle={ACM on asia conference on computer and communications security},
  pages={506--519},
  year={2017}
}


@article{liu2016delving,
  title={Delving into transferable adversarial examples and black-box attacks},
  author={Liu, Yanpei and Chen, Xinyun and Liu, Chang and Song, Dawn},
  journal={arXiv preprint arXiv:1611.02770},
  year={2016}
}


@inproceedings{li2022blacklight,
  title={Blacklight: Scalable Defense for Neural Networks against Query-Based Black-Box Attacks},
  author={Li, Huiying and Shan, Shawn and Wenger, Emily and Zhang, Jiayun and Zheng, Haitao and Zhao, Ben Y},
  booktitle={USENIX security symposium},
  year={2022}
}


@inproceedings{DeepFloydIF,
  title={DeepFloyd IF},
  organization={https://github.com/deep-floyd/IF}
}


@inproceedings{stablestudio,
  title={StableStudio},
  organization={https://github.com/Stability-AI/StableStudio}
}



@inproceedings{InvokeAI,
  title={InvokeAI},
  organization={https://github.com/invoke-ai/InvokeAI}
}


@inproceedings{Dreamlike,
  title={Dreamlike},
  organization={https://huggingface.co/dreamlike-art/dreamlike-photoreal-2.0}
}

@inproceedings{openjourney,
  title={OpenJourney},
  organization={https://huggingface.co/prompthero/openjourney}
}


@inproceedings{waifu,
  title={Waifu},
  organization={https://huggingface.co/hakurei/waifu-diffusion}
}



@inproceedings{reed2016generative,
  title={Generative adversarial text to image synthesis},
  author={Reed, Scott and Akata, Zeynep and Yan, Xinchen and Logeswaran, Lajanugen and Schiele, Bernt and Lee, Honglak},
  booktitle={International conference on machine learning},
  pages={1060--1069},
  year={2016},
  organization={PMLR}
}

@article{goodfellow2014generative,
  title={Generative adversarial nets},
  author={Goodfellow, Ian and Pouget-Abadie, Jean and Mirza, Mehdi and Xu, Bing and Warde-Farley, David and Ozair, Sherjil and Courville, Aaron and Bengio, Yoshua},
  journal={Advances in neural information processing systems},
  volume={27},
  year={2014}
}

@article{ho2020denoising,
  title={Denoising diffusion probabilistic models},
  author={Ho, Jonathan and Jain, Ajay and Abbeel, Pieter},
  journal={Advances in neural information processing systems},
  volume={33},
  pages={6840--6851},
  year={2020}
}


@article{mansimov2015generating,
  title={Generating images from captions with attention},
  author={Mansimov, Elman and Parisotto, Emilio and Ba, Jimmy Lei and Salakhutdinov, Ruslan},
  journal={arXiv preprint arXiv:1511.02793},
  year={2015}
}


@inproceedings{carlini2017towards,
  title={Towards evaluating the robustness of neural networks},
  author={Carlini, Nicholas and Wagner, David},
  booktitle={Symposium on security and privacy},
  year={2017}
}

@article{costa2024deep,
  title={How deep learning sees the world: A survey on adversarial attacks \& defenses},
  author={Costa, Joana C and Roxo, Tiago and Proen{\c{c}}a, Hugo and In{\'a}cio, Pedro RM},
  journal={IEEE Access},
  year={2024}
}


@article{szegedy2013intriguing,
  title={Intriguing properties of neural networks},
  author={Szegedy, Christian and Zaremba, Wojciech and Sutskever, Ilya and Bruna, Joan and Erhan, Dumitru and Goodfellow, Ian and Fergus, Rob},
  journal={arXiv preprint arXiv:1312.6199},
  year={2013}
}

@inproceedings{moosavi2016deepfool,
  title={Deepfool: a simple and accurate method to fool deep neural networks},
  author={Moosavi-Dezfooli, Seyed-Mohsen and Fawzi, Alhussein and Frossard, Pascal},
  booktitle={Conference on computer vision and pattern recognition},
  year={2016}
}

@article{wong2020fast,
  title={Fast is better than free: Revisiting adversarial training},
  author={Wong, Eric and Rice, Leslie and Kolter, J Zico},
  journal={arXiv preprint arXiv:2001.03994},
  year={2020}
}


@article{madry2017towards,
  title={Towards deep learning models resistant to adversarial attacks},
  author={Madry, Aleksander and Makelov, Aleksandar and Schmidt, Ludwig and Tsipras, Dimitris and Vladu, Adrian},
  journal={arXiv preprint arXiv:1706.06083},
  year={2017}
}

@inproceedings{dong2018boosting,
  title={Boosting adversarial attacks with momentum},
  author={Dong, Yinpeng and Liao, Fangzhou and Pang, Tianyu and Su, Hang and Zhu, Jun and Hu, Xiaolin and Li, Jianguo},
  booktitle={Conference on computer vision and pattern recognition},
  pages={9185--9193},
  year={2018}
}

@article{amari1993backpropagation,
  title={Backpropagation and stochastic gradient descent method},
  author={Amari, Shun-ichi},
  journal={Neurocomputing},
  volume={5},
  number={4-5},
  pages={185--196},
  year={1993},
  publisher={Elsevier}
}

@inproceedings{andriushchenko2020square,
  title={Square attack: a query-efficient black-box adversarial attack via random search},
  author={Andriushchenko, Maksym and Croce, Francesco and Flammarion, Nicolas and Hein, Matthias},
  booktitle={European conference on computer vision},
  year={2020}
}

@inproceedings{wicker2018feature,
  title={Feature-guided black-box safety testing of deep neural networks},
  author={Wicker, Matthew and Huang, Xiaowei and Kwiatkowska, Marta},
  booktitle={Tools and algorithms for the Construction and analysis of systems: international conference},
  pages={408--426},
  year={2018}
}



@inproceedings{peng2024UPAM,
  title={UPAM: Unified Prompt Attack in Text-to-Image Generation Models Against Both Textual Filters and Visual Checkers},
  author={Peng, Duo and Ke, Qiuhong and Liu, Jun},
  booktitle={International conference on machine learning},
  year={2024}
}


@inproceedings{oh2023blackvip,
  title={Blackvip: Black-box visual prompting for robust transfer learning},
  author={Oh, Changdae and Hwang, Hyeji and Lee, Hee-young and Lim, YongTaek and Jung, Geunyoung and Jung, Jiyoung and Choi, Hosik and Song, Kyungwoo},
  booktitle={Conference on computer vision and pattern recognition},
  pages={24224--24235},
  year={2023}
}



@phdthesis{yan2010personal,
  title={Personal Information Privacy: Investigating the need of amending the Personal Data (Privacy) Ordinance},
  author={Yan, Lam Hoi},
  year={2010},
  school={Hong Kong Baptist University Hong Kong}
}

@article{fournier2021towards,
  title={Towards a United Nations internal regulation for artificial intelligence},
  author={Fournier-Tombs, Eleonore},
  journal={Big data \& society},
  volume={8},
  year={2021}
}


@article{witze2018nsf,
  title={NSF rolls out stringent anti-harassment policy},
  author={Witze, ALEXANDRA},
  journal={Nature},
  volume={561},
  pages={444--445},
  year={2018}
}


@article{lee2020dynamic,
  title={A dynamic-key based secure scan architecture for manufacturing and in-field IC testing},
  author={Lee, Kuen-Jong and Liu, Ching-An and Wu, Chia-Chi},
  journal={Transactions on emerging topics in computing},
  volume={10},
  pages={373--385},
  year={2020}
}


@article{zou2023universal,
  title={Universal and transferable adversarial attacks on aligned language models},
  author={Zou, Andy and Wang, Zifan and Carlini, Nicholas and Nasr, Milad and Kolter, J Zico and Fredrikson, Matt},
  journal={arXiv preprint arXiv:2307.15043},
  year={2023}
}

@article{wei2024jailbroken,
  title={Jailbroken: How does llm safety training fail?},
  author={Wei, Alexander and Haghtalab, Nika and Steinhardt, Jacob},
  journal={Advances in neural information processing systems},
  volume={36},
  year={2024}
}

@article{liu2023jailbreaking,
  title={Jailbreaking chatgpt via prompt engineering: An empirical study},
  author={Liu, Yi and Deng, Gelei and Xu, Zhengzi and Li, Yuekang and Zheng, Yaowen and Zhang, Ying and Zhao, Lida and Zhang, Tianwei and Wang, Kailong and Liu, Yang},
  journal={arXiv preprint arXiv:2305.13860},
  year={2023}
}


@article{li2023multi,
  title={Multi-step jailbreaking privacy attacks on chatgpt},
  author={Li, Haoran and Guo, Dadi and Fan, Wei and Xu, Mingshi and Huang, Jie and Meng, Fanpu and Song, Yangqiu},
  journal={arXiv preprint arXiv:2304.05197},
  year={2023}
}

@article{deng2023jailbreaker,
  title={MasterKey: Automated Jailbreak Across Multiple Large Language Model Chatbots},
  author={Deng, Gelei and Liu, Yi and Li, Yuekang and Wang, Kailong and Zhang, Ying and Li, Zefeng and Wang, Haoyu and Zhang, Tianwei and Liu, Yang},
  journal={arXiv preprint arXiv:2307.08715},
  year={2023}
}


@inproceedings{tu2025many,
  title={How Many Are in This Image A Safety Evaluation Benchmark for Vision LLMs},
  author={Tu, Haoqin and Cui, Chenhang and Wang, Zijun and Zhou, Yiyang and Zhao, Bingchen and Han, Junlin and Zhou, Wangchunshu and Yao, Huaxiu and Xie, Cihang},
  booktitle={European conference on computer vision},
  pages={37--55},
  year={2025},
  organization={Springer}
}

@inproceedings{qi2024visual,
  title={Visual adversarial examples jailbreak aligned large language models},
  author={Qi, Xiangyu and Huang, Kaixuan and Panda, Ashwinee and Henderson, Peter and Wang, Mengdi and Mittal, Prateek},
  booktitle={AAAI conference on artificial intelligence},
  volume={38},
  number={19},
  pages={21527--21536},
  year={2024}
}

@inproceedings{shayegani2023jailbreak,
  title={Jailbreak in pieces: Compositional adversarial attacks on multi-modal language models},
  author={Shayegani, Erfan and Dong, Yue and Abu-Ghazaleh, Nael},
  booktitle={International conference on learning representations},
  year={2023}
}

@article{hubinger2024sleeper,
  title={Sleeper agents: Training deceptive llms that persist through safety training},
  author={Hubinger, Evan and Denison, Carson and Mu, Jesse and Lambert, Mike and Tong, Meg and MacDiarmid, Monte and Lanham, Tamera and Ziegler, Daniel M and Maxwell, Tim and Cheng, Newton and others},
  journal={arXiv preprint arXiv:2401.05566},
  year={2024}
}

@article{yang2024watch,
  title={Watch out for your agents! investigating backdoor threats to llm-based agents},
  author={Yang, Wenkai and Bi, Xiaohan and Lin, Yankai and Chen, Sishuo and Zhou, Jie and Sun, Xu},
  journal={arXiv preprint arXiv:2402.11208},
  year={2024}
}

@article{chung2024scaling,
  title={Scaling instruction-finetuned language models},
  author={Chung, Hyung Won and Hou, Le and Longpre, Shayne and Zoph, Barret and Tay, Yi and Fedus, William and Li, Yunxuan and Wang, Xuezhi and Dehghani, Mostafa and Brahma, Siddhartha and others},
  journal={Journal of machine learning research},
  volume={25},
  pages={1--53},
  year={2024}
}

@article{miao2024t2vsafetybench,
  title={T2vsafetybench: Evaluating the safety of text-to-video generative models},
  author={Miao, Yibo and Zhu, Yifan and Dong, Yinpeng and Yu, Lijia and Zhu, Jun and Gao, Xiao-Shan},
  journal={arXiv preprint arXiv:2407.05965},
  year={2024}
}

@inproceedings{yeh2021attack,
  title={Attack as the best defense: Nullifying image-to-image translation gans via limit-aware adversarial attack},
  author={Yeh, Chin-Yuan and Chen, Hsi-Wen and Shuai, Hong-Han and Yang, De-Nian and Chen, Ming-Syan},
  booktitle={International conference on computer vision},
  pages={16188--16197},
  year={2021}
}

@inproceedings{li2021adversarial,
  title={Adversarial attack on deep cross-modal Hamming retrieval},
  author={Li, Chao and Gao, Shangqian and Deng, Cheng and Liu, Wei and Huang, Heng},
  booktitle={International conference on computer vision},
  pages={2218--2227},
  year={2021}
}