@inproceedings{CLIP,
  title={Learning transferable visual models from natural language supervision},
  author={Radford, Alec and Kim, Jong Wook and Hallacy, Chris and Ramesh, Aditya and Goh, Gabriel and Agarwal, Sandhini and Sastry, Girish and Askell, Amanda and Mishkin, Pamela and Clark, Jack and others},
  booktitle={International conference on machine learning},
  pages={8748--8763},
  year={2021},
  organization={PMLR}
}

@inproceedings{KDD-Survey,
  title={Foundation models for time series analysis: A tutorial and survey},
  author={Liang, Yuxuan and Wen, Haomin and Nie, Yuqi and Jiang, Yushan and Jin, Ming and Song, Dongjin and Pan, Shirui and Wen, Qingsong},
  booktitle={Proceedings of the 30th ACM SIGKDD Conference on Knowledge Discovery and Data Mining},
  pages={6555--6565},
  year={2024}
}

@inproceedings{MOIRAI,
title={Unified Training of Universal Time Series Forecasting Transformers},
author={Gerald Woo and Chenghao Liu and Akshat Kumar and Caiming Xiong and Silvio Savarese and Doyen Sahoo},
booktitle={Forty-first International Conference on Machine Learning},
year={2024},
url={https://openreview.net/forum?id=Yd8eHMY1wz}
}

@misc{TimeGPT,
      title={TimeGPT-1}, 
      author={Azul Garza and Cristian Challu and Max Mergenthaler-Canseco},
      year={2024},
      eprint={2310.03589},
      archivePrefix={arXiv},
      primaryClass={cs.LG},
      url={https://arxiv.org/abs/2310.03589}, 
}

@article{Transformer-in-TSA,
  title={Transformers in time-series analysis: A tutorial},
  author={Ahmed, Sabeen and Nielsen, Ian E and Tripathi, Aakash and Siddiqui, Shamoon and Ramachandran, Ravi P and Rasool, Ghulam},
  journal={Circuits, Systems, and Signal Processing},
  volume={42},
  number={12},
  pages={7433--7466},
  year={2023},
  publisher={Springer}
}

