@article{hendrycks2016baseline,
  title={A baseline for detecting misclassified and out-of-distribution examples in neural networks},
  author={Hendrycks, Dan and Gimpel, Kevin},
  journal={arXiv preprint arXiv:1610.02136},
  year={2016}
}

@article{liang2017enhancing,
  title={Enhancing the reliability of out-of-distribution image detection in neural networks},
  author={Liang, Shiyu and Li, Yixuan and Srikant, Rayadurgam},
  journal={arXiv preprint arXiv:1706.02690},
  year={2017}
}

@article{liu2020energy,
  title={Energy-based out-of-distribution detection},
  author={Liu, Weitang and Wang, Xiaoyun and Owens, John and Li, Yixuan},
  journal={Advances in neural information processing systems},
  volume={33},
  pages={21464--21475},
  year={2020}
}

@inproceedings{lin2021mood,
  title={Mood: Multi-level out-of-distribution detection},
  author={Lin, Ziqian and Roy, Sreya Dutta and Li, Yixuan},
  booktitle={Proceedings of the IEEE/CVF Conference on Computer Vision and Pattern Recognition},
  pages={15313--15323},
  year={2021}
}

@article{wang2021can,
  title={Can multi-label classification networks know what they donâ€™t know?},
  author={Wang, Haoran and Liu, Weitang and Bocchieri, Alex and Li, Yixuan},
  journal={Advances in Neural Information Processing Systems},
  volume={34},
  pages={29074--29087},
  year={2021}
}


@article{chen2021adversarial,
  title={Adversarial reciprocal points learning for open set recognition},
  author={Chen, Guangyao and Peng, Peixi and Wang, Xiangqian and Tian, Yonghong},
  journal={IEEE Transactions on Pattern Analysis and Machine Intelligence},
  volume={44},
  number={11},
  pages={8065--8081},
  year={2021},
  publisher={}
}

@inproceedings{chen2020learning,
  title={Learning open set network with discriminative reciprocal points},
  author={Chen, Guangyao and Qiao, Limeng and Shi, Yemin and Peng, Peixi and Li, Jia and Huang, Tiejun and Pu, Shiliang and Tian, Yonghong},
  booktitle={16th European Conference on Computer Vision, ECCV 2020},
  pages={507--522},
  year={2020},
  organization={}
}

@inproceedings{zhou2021learning,
  title={Learning placeholders for open-set recognition},
  author={Zhou, Da-Wei and Ye, Han-Jia and Zhan, De-Chuan},
  booktitle={Proceedings of the IEEE/CVF conference on computer vision and pattern recognition},
  pages={4401--4410},
  year={2021}
}

@article{DBLP:journals/corr/abs-2110-06207,
  author       = {Sagar Vaze and
                  Kai Han and
                  Andrea Vedaldi and
                  Andrew Zisserman},
  title        = {Open-Set Recognition: {A} Good Closed-Set Classifier is All You Need},
  journal      = {CoRR},
  volume       = {abs/2110.06207},
  year         = {2021}
}

@article{scheirer2012toward,
  title={Toward open set recognition},
  author={Scheirer, Walter J and de Rezende Rocha, Anderson and Sapkota, Archana and Boult, Terrance E},
  journal={IEEE transactions on pattern analysis and machine intelligence},
  volume={35},
  number={7},
  pages={1757--1772},
  year={2012}
}

@article{khosla2020supervised,
  title={Supervised contrastive learning},
  author={Khosla, Prannay and Teterwak, Piotr and Wang, Chen and Sarna, Aaron and Tian, Yonglong and Isola, Phillip and Maschinot, Aaron and Liu, Ce and Krishnan, Dilip},
  journal={Advances in neural information processing systems},
  volume={33},
  pages={18661--18673},
  year={2020}
}

@inproceedings{nguyen2015deep,
  title={Deep neural networks are easily fooled: High confidence predictions for unrecognizable images},
  author={Nguyen, Anh and Yosinski, Jason and Clune, Jeff},
  booktitle={Proceedings of the IEEE conference on computer vision and pattern recognition},
  pages={427--436},
  year={2015}
}

@article{lakshminarayanan2017simple,
  title={Simple and scalable predictive uncertainty estimation using deep ensembles},
  author={Lakshminarayanan, Balaji and Pritzel, Alexander and Blundell, Charles},
  journal={Advances in neural information processing systems},
  volume={30},
  year={2017}
}

@article{lee2018simple,
  title={A simple unified framework for detecting out-of-distribution samples and adversarial attacks},
  author={Lee, Kimin and Lee, Kibok and Lee, Honglak and Shin, Jinwoo},
  journal={Advances in neural information processing systems},
  volume={31},
  year={2018}
}

@article{ren2021simple,
  title={A simple fix to mahalanobis distance for improving near-ood detection},
  author={Ren, Jie and Fort, Stanislav and Liu, Jeremiah and Roy, Abhijit Guha and Padhy, Shreyas and Lakshminarayanan, Balaji},
  journal={arXiv preprint arXiv:2106.09022},
  year={2021}
}

@inproceedings{morteza2022provable,
  title={Provable guarantees for understanding out-of-distribution detection},
  author={Morteza, Peyman and Li, Yixuan},
  booktitle={Proceedings of the AAAI Conference on Artificial Intelligence},
  volume={36},
  number={7},
  pages={7831--7840},
  year={2022}
}

@article{huang2021importance,
  title={On the importance of gradients for detecting distributional shifts in the wild},
  author={Huang, Rui and Geng, Andrew and Li, Yixuan},
  journal={Advances in Neural Information Processing Systems},
  volume={34},
  pages={677--689},
  year={2021}
}

@article{lee2017training,
  title={Training confidence-calibrated classifiers for detecting out-of-distribution samples},
  author={Lee, Kimin and Lee, Honglak and Lee, Kibok and Shin, Jinwoo},
  journal={ICLR},
  year={2018}
}

@inproceedings{geifman2019selectivenet,
  title={Selectivenet: A deep neural network with an integrated reject option},
  author={Geifman, Yonatan and El-Yaniv, Ran},
  booktitle={International conference on machine learning},
  pages={2151--2159},
  year={2019},
  organization={PMLR}
}

@inproceedings{hein2019relu,
  title={Why relu networks yield high-confidence predictions far away from the training data and how to mitigate the problem},
  author={Hein, Matthias and Andriushchenko, Maksym and Bitterwolf, Julian},
  booktitle={Proceedings of the IEEE/CVF Conference on Computer Vision and Pattern Recognition},
  pages={41--50},
  year={2019}
}

@inproceedings{yang2021semantically,
  title={Semantically coherent out-of-distribution detection},
  author={Yang, Jingkang and Wang, Haoqi and Feng, Litong and Yan, Xiaopeng and Zheng, Huabin and Zhang, Wayne and Liu, Ziwei},
  booktitle={Proceedings of the IEEE/CVF International Conference on Computer Vision},
  pages={8301--8309},
  year={2021}
}

@inproceedings{wei2022mitigating,
  title={Mitigating neural network overconfidence with logit normalization},
  author={Wei, Hongxin and Xie, Renchunzi and Cheng, Hao and Feng, Lei and An, Bo and Li, Yixuan},
  booktitle={International Conference on Machine Learning},
  pages={23631--23644},
  year={2022},
  organization={PMLR}
}

@inproceedings{ming2022poem,
  title={Poem: Out-of-distribution detection with posterior sampling},
  author={Ming, Yifei and Fan, Ying and Li, Yixuan},
  booktitle={International Conference on Machine Learning},
  pages={15650--15665},
  year={2022},
  organization={PMLR}
}

@inproceedings{katz2022training,
  title={Training ood detectors in their natural habitats},
  author={Katz-Samuels, Julian and Nakhleh, Julia B and Nowak, Robert and Li, Yixuan},
  booktitle={International Conference on Machine Learning},
  pages={10848--10865},
  year={2022},
  organization={PMLR}
}

@article{winkens2020contrastive,
  title={Contrastive training for improved out-of-distribution detection},
  author={Winkens, Jim and Bunel, Rudy and Roy, Abhijit Guha and Stanforth, Robert and Natarajan, Vivek and Ledsam, Joseph R and MacWilliams, Patricia and Kohli, Pushmeet and Karthikesalingam, Alan and Kohl, Simon and others},
  journal={arXiv preprint arXiv:2007.05566},
  year={2020}
}

@article{sehwag2021ssd,
  title={Ssd: A unified framework for self-supervised outlier detection},
  author={Sehwag, Vikash and Chiang, Mung and Mittal, Prateek},
  journal={arXiv preprint arXiv:2103.12051},
  year={2021}
}

@article{ming2022cider,
  title={Cider: Exploiting hyperspherical embeddings for out-of-distribution detection},
  author={Ming, Yifei and Sun, Yiyou and Dia, Ousmane and Li, Yixuan},
  journal={arXiv preprint arXiv:2203.04450},
  volume={7},
  number={10},
  year={2022}
}

@article{cao2020benchmark,
  title={A benchmark of medical out of distribution detection},
  author={Cao, Tianshi and Huang, Chin-Wei and Hui, David Yu-Tung and Cohen, Joseph Paul},
  journal={arXiv preprint arXiv:2007.04250},
  year={2020}
}

@article{vasiliuk2023redesigning,
  title={Redesigning Out-of-Distribution Detection on 3D Medical Images},
  author={Vasiliuk, Anton and Frolova, Daria and Belyaev, Mikhail and Shirokikh, Boris},
  journal={arXiv preprint arXiv:2308.07324},
  year={2023}
}

@article{sun2022exploring,
  title={Exploring example influence in continual learning},
  author={Sun, Qing and Lyu, Fan and Shang, Fanhua and Feng, Wei and Wan, Liang},
  journal={Advances in Neural Information Processing Systems},
  volume={35},
  pages={27075--27086},
  year={2022}
}

@inproceedings{pelosin2022towards,
  title={Towards exemplar-free continual learning in vision transformers: an account of attention, functional and weight regularization},
  author={Pelosin, Francesco and Jha, Saurav and Torsello, Andrea and Raducanu, Bogdan and van de Weijer, Joost},
  booktitle={Proceedings of the IEEE/CVF Conference on Computer Vision and Pattern Recognition},
  pages={3820--3829},
  year={2022}
}

@inproceedings{kang2022class,
  title={Class-incremental learning by knowledge distillation with adaptive feature consolidation},
  author={Kang, Minsoo and Park, Jaeyoo and Han, Bohyung},
  booktitle={Proceedings of the IEEE/CVF conference on computer vision and pattern recognition},
  pages={16071--16080},
  year={2022}
}



@misc{rsna-breast-cancer-detection,
    author = {Chris Carr and Felipe Kitamura and George Partridge and Jayashree Kalpathy-Cramer and John Mongan and Katherine Andriole and Maryam Vazirabad, Michelle Riopel and Robyn Ball and Sohier Dane and Yan Chen},
    title = {RSNA Screening Mammography Breast Cancer Detection},
    publisher = {Kaggle},
    year = {2022},
    url = {https://kaggle.com/competitions/rsna-breast-cancer-detection}
}

@article{jeong2023emory,
  title={The EMory BrEast imaging Dataset ({EMBED}): A racially diverse, granular dataset of 3.4 million screening and diagnostic mammographic images},
  author={Jeong, Jiwoong J and Vey, Brianna L and Bhimireddy, Ananth and Kim, Thomas and Santos, Thiago and Correa, Ramon and Dutt, Raman and Mosunjac, Marina and Oprea-Ilies, Gabriela and Smith, Geoffrey and others},
  journal={Radiology: Artificial Intelligence},
  volume={5},
  number={1},
  pages={e220047},
  year={2023},
  publisher={Radiological Society of North America}
}

@inproceedings{liu2022convnet,
  title={A convnet for the 2020s},
  author={Liu, Zhuang and Mao, Hanzi and Wu, Chao-Yuan and Feichtenhofer, Christoph and Darrell, Trevor and Xie, Saining},
  booktitle={Proceedings of the IEEE/CVF Conference on Computer Vision and Pattern Recognition},
  pages={11976--11986},
  year={2022}
}

@article{newman2017health,
  title={Health disparities and triple-negative breast cancer in African American women: a review},
  author={Newman, Lisa A and Kaljee, Linda M},
  journal={JAMA surgery},
  volume={152},
  number={5},
  pages={485--493},
  year={2017},
  publisher={American Medical Association}
}

@article{yedjou2019health,
  title={Health and racial disparity in breast cancer},
  author={Yedjou, Clement G and Sims, Jennifer N and Miele, Lucio and Noubissi, Felicite and Lowe, Leroy and Fonseca, Duber D and Alo, Richard A and Payton, Marinelle and Tchounwou, Paul B},
  journal={Breast Cancer Metastasis and Drug Resistance: Challenges and Progress},
  pages={31--49},
  year={2019},
  publisher={Springer}
}

@article{halling2020optimam,
  title={OPTIMAM mammography image database: a large-scale resource of mammography images and clinical data},
  author={Halling-Brown, Mark D and Warren, Lucy M and Ward, Dominic and Lewis, Emma and Mackenzie, Alistair and Wallis, Matthew G and Wilkinson, Louise S and Given-Wilson, Rosalind M and McAvinchey, Rita and Young, Kenneth C},
  journal={Radiology: Artificial Intelligence},
  volume={3},
  number={1},
  pages={e200103},
  year={2020},
  publisher={Radiological Society of North America}
}

@article{pham2022vindr,
  title={VinDr-Mammo: A large-scale benchmark dataset for computer-aided detection and diagnosis in full-field digital mammography},
  author={Pham, Hieu Huy and Trung, Hieu Nguyen and Nguyen, Ha Quy},
  journal={Sci Data},
  year={2022}
}

@inproceedings{lekamlage2020mini,
  title={Mini-DDSM: Mammography-based automatic age estimation},
  author={Lekamlage, Charitha Dissanayake and Afzal, Fabia and Westerberg, Erik and Cheddad, Abbas},
  booktitle={Proceedings of the 3rd International Conference on Digital Medicine and Image Processing},
  pages={1--6},
  year={2020}
}

@article{azamjah2019global,
  title={Global trend of breast cancer mortality rate: a 25-year study},
  author={Azamjah, Nasrindokht and Soltan-Zadeh, Yasaman and Zayeri, Farid},
  journal={Asian Pacific Journal of Cancer Prevention},
  volume={20},
  number={7},
  pages={2015},
  year={2019},
  publisher={Shahid Beheshti University of Medical Sciences}
}

@article{parkin2006use,
  title={Use of statistics to assess the global burden of breast cancer},
  author={Parkin, D Maxwell and Fern{\'a}ndez, Leticia MG},
  journal={The Breast Journal},
  volume={12},
  pages={S70--S80},
  year={2006},
  publisher={Wiley Online Library}
}

@inproceedings{coleman2017early,
  title={Early detection and screening for breast cancer},
  author={Coleman, Cathy},
  booktitle={Seminars in Oncology Nursing},
  volume={33},
  pages={141--155},
  year={2017},
  organization={Elsevier}
}

@article{ginsburg2020breast,
  title={Breast cancer early detection: A phased approach to implementation},
  author={Ginsburg, Ophira and Yip, Cheng-Har and Brooks, Ari and Cabanes, Anna and Caleffi, Maira and Dunstan Yataco, Jorge Antonio and Gyawali, Bishal and McCormack, Valerie and McLaughlin de Anderson, Myrna and Mehrotra, Ravi and others},
  journal={Cancer},
  volume={126},
  pages={2379--2393},
  year={2020},
  publisher={Wiley Online Library}
}

@article{sahu2023recent,
  title={Recent advancements in machine learning and deep learning-based breast cancer detection using mammograms},
  author={Sahu, Adyasha and Das, Pradeep Kumar and Meher, Sukadev},
  journal={Physica Medica},
  volume={114},
  pages={103138},
  year={2023},
  publisher={Elsevier}
}

@incollection{heath1998current,
  title={Current status of the digital database for screening mammography},
  author={Heath, Michael and Bowyer, Kevin and Kopans, Daniel and Kegelmeyer Jr, P and Moore, Richard and Chang, Kyong and Munishkumaran, S},
  booktitle={Digital Mammography: Nijmegen, 1998},
  pages={457--460},
  year={1998},
  publisher={Springer}
}

@article{sweeney2022machine,
  title={How machine learning classification accuracy changes in a happiness dataset with different demographic groups},
  author={Sweeney, Colm and Ennis, Edel and Mulvenna, Maurice and Bond, Raymond and Oâ€™Neill, Siobhan},
  journal={Computers},
  volume={11},
  number={5},
  pages={83},
  year={2022},
  publisher={MDPI}
}

@article{farria2004screening,
  title={Screening mammography practice essentials},
  author={Farria, Dione M and Monsees, Barbara},
  journal={Radiologic Clinics},
  volume={42},
  number={5},
  pages={831--843},
  year={2004},
  publisher={Elsevier}
}

@article{wing2009workforce,
  title={Workforce shortages in breast imaging: impact on mammography utilization},
  author={Wing, Paul and Langelier, Margaret H},
  journal={American Journal of Roentgenology},
  volume={192},
  number={2},
  pages={370--378},
  year={2009},
  publisher={Am Roentgen Ray Soc}
}

@article{konstantinidis2024shortage,
  title={The shortage of radiographers: A global crisis in healthcare},
  author={Konstantinidis, Kleanthis},
  journal={Journal of Medical Imaging and Radiation Sciences},
  volume={55},
  number={4},
  pages={101333},
  year={2024},
  publisher={Elsevier}
}

@misc{dangnh0611,
  author = {H. D. Nguyen},
  title = {Kaggle RSNA Breast Cancer Detection},
  year = {2023},
  howpublished = {\url{https://github.com/dangnh0611/kaggle_rsna_breast_cancer}},
  note = {Accessed on August 15, 2024},
}

@article{mann1947test,
  title={On a test of whether one of two random variables is stochastically larger than the other},
  author={Mann, Henry B and Whitney, Donald R},
  journal={The annals of mathematical statistics},
  pages={50--60},
  year={1947},
  publisher={JSTOR}
}

@article{tukey1949comparing,
  title={Comparing individual means in the analysis of variance},
  author={Tukey, John W},
  journal={Biometrics},
  pages={99--114},
  year={1949},
  publisher={JSTOR}
}

@article{sun2022performance,
  title={Performance of a chest radiograph ai diagnostic tool for covid-19: A prospective observational study},
  author={Sun, Ju and Peng, Le and Li, Taihui and Adila, Dyah and Zaiman, Zach and Melton-Meaux, Genevieve B and Ingraham, Nicholas E and Murray, Eric and Boley, Daniel and Switzer, Sean and others},
  journal={Radiology: Artificial Intelligence},
  volume={4},
  number={4},
  pages={e210217},
  year={2022},
  publisher={Radiological Society of North America}
}

@article{sickles2013acr,
  title={{ACR} {BI-RADS} Atlas, Breast imaging reporting and data system.},
  author={Sickles, Edward A},
  journal={American College of Radiology},
  pages={39},
  year={2013}
}

@article{kruskal1952use,
  title={Use of ranks in one-criterion variance analysis},
  author={Kruskal, William H and Wallis, W Allen},
  journal={Journal of the American statistical Association},
  volume={47},
  number={260},
  pages={583--621},
  year={1952},
  publisher={Taylor \& Francis}
}

@article{dunn1964multiple,
  title={Multiple comparisons using rank sums},
  author={Dunn, Olive Jean},
  journal={Technometrics},
  volume={6},
  number={3},
  pages={241--252},
  year={1964},
  publisher={Taylor \& Francis}
}

@inproceedings{gal2016dropout,
  title={Dropout as a bayesian approximation: Representing model uncertainty in deep learning},
  author={Gal, Yarin and Ghahramani, Zoubin},
  booktitle={International Conference on Machine Learning},
  pages={1050--1059},
  year={2016},
  organization={PMLR}
}

@inproceedings{afzal2023towards,
  title={Towards Equitable Kidney Tumor Segmentation: Bias Evaluation and Mitigation},
  author={Afzal, Muhammad Muneeb and Khan, Muhammad Osama and Mirza, Shujaat},
  booktitle={Machine Learning for Health (ML4H)},
  pages={13--26},
  year={2023},
  organization={PMLR}
}

@inproceedings{oguguo2023comparative,
  title={A Comparative Study of Fairness in Medical Machine Learning},
  author={Oguguo, Tochi and Zamzmi, Ghada and Rajaraman, Sivaramakrishnan and Yang, Feng and Xue, Zhiyun and Antani, Sameer},
  booktitle={20th International Symposium on Biomedical Imaging (ISBI)},
  pages={1--5},
  year={2023},
  organization={IEEE}
}

@misc{cui2021chinese,
  title={The Chinese Mammography Database ({CMMD}): An online mammography database with biopsy confirmed types for machine diagnosis of breast},
  author={Cui, Chunyan and Li, Li and Cai, Hongmin and Fan, Zhihao and Zhang, Ling and Dan, Tingting and Li, Jiao and Wang, Jinghua},
  journal={The Cancer Imaging Archive},
  year={2021}
}

@misc{khaled2021categorized,
  title = {Categorized Digital Database for Low energy and Subtracted Contrast Enhanced Spectral Mammography images [Dataset]},
  author = {Khaled, R. and Helal, M. and Alfarghaly, O. and Mokhtar, O. and Elkorany, A. and El Kassas, H. and Fahmy, A.},
  year = {2021},
  howpublished = {The Cancer Imaging Archive},
  doi = {10.7937/29kw-ae92}
}

@inproceedings{mehta2024evaluating,
  title={Evaluating the fairness of deep learning uncertainty estimates in medical image analysis},
  author={Mehta, Raghav and Shui, Changjian and Arbel, Tal},
  booktitle={Medical Imaging with Deep Learning},
  pages={1453--1492},
  year={2024},
  organization={PMLR}
}

@article{loizidou2021digital,
  title={Digital subtraction of temporally sequential mammograms for improved detection and classification of microcalcifications},
  author={Loizidou, Kosmia and Skouroumouni, Galateia and Pitris, Costas and Nikolaou, Christos},
  journal={European Radiology Experimental},
  volume={5},
  pages={1--12},
  year={2021},
  publisher={Springer}
}


@article{sahu2024efficient,
  title={An efficient deep learning scheme to detect breast cancer using mammogram and ultrasound breast images},
  author={Sahu, Adyasha and Das, Pradeep Kumar and Meher, Sukadev},
  journal={Biomedical Signal Processing and Control},
  volume={87},
  pages={105377},
  year={2024},
  publisher={Elsevier}
}

@article{raiaan2024mammo,
  title={Mammo-Light: A lightweight convolutional neural network for diagnosing breast cancer from mammography images},
  author={Raiaan, Mohaimenul Azam Khan and Fahad, Nur Mohammad and Mukta, Md Saddam Hossain and Shatabda, Swakkhar},
  journal={Biomedical Signal Processing and Control},
  volume={94},
  pages={106279},
  year={2024},
  publisher={Elsevier}
}

@article{abhisheka2023comprehensive,
  title={A comprehensive review on breast cancer detection, classification and segmentation using deep learning},
  author={Abhisheka, Barsha and Biswas, Saroj Kumar and Purkayastha, Biswajit},
  journal={Archives of Computational Methods in Engineering},
  volume={30},
  number={8},
  pages={5023--5052},
  year={2023},
  publisher={Springer}
}

@article{luo2024deep,
  title={Deep learning in breast cancer imaging: A decade of progress and future directions},
  author={Luo, Luyang and Wang, Xi and Lin, Yi and Ma, Xiaoqi and Tan, Andong and Chan, Ronald and Vardhanabhuti, Varut and Chu, Winnie CW and Cheng, Kwang-Ting and Chen, Hao},
  journal={IEEE Reviews in Biomedical Engineering},
  year={2024},
  publisher={IEEE}
}

@article{loizidou2023computer,
  title={Computer-aided breast cancer detection and classification in mammography: A comprehensive review},
  author={Loizidou, Kosmia and Elia, Rafaella and Pitris, Costas},
  journal={Computers in Biology and Medicine},
  volume={153},
  pages={106554},
  year={2023},
  publisher={Elsevier}
}

@article{abdelrahman2021convolutional,
  title={Convolutional neural networks for breast cancer detection in mammography: A survey},
  author={Abdelrahman, Leila and Al Ghamdi, Manal and Collado-Mesa, Fernando and Abdel-Mottaleb, Mohamed},
  journal={Computers in Biology and Medicine},
  volume={131},
  pages={104248},
  year={2021},
  publisher={Elsevier}
}

@article{lotter2021robust,
  title={Robust breast cancer detection in mammography and digital breast tomosynthesis using an annotation-efficient deep learning approach},
  author={Lotter, William and Diab, Abdul Rahman and Haslam, Bryan and Kim, Jiye G and Grisot, Giorgia and Wu, Eric and Wu, Kevin and Onieva, Jorge Onieva and Boyer, Yun and Boxerman, Jerrold L and others},
  journal={Nature medicine},
  volume={27},
  number={2},
  pages={244--249},
  year={2021},
  publisher={Nature Publishing Group US New York}
}

@article{mahoro2022applying,
  title={Applying deep learning for breast cancer detection in radiology},
  author={Mahoro, Ella and Akhloufi, Moulay A},
  journal={Current Oncology},
  volume={29},
  number={11},
  pages={8767--8793},
  year={2022},
  publisher={MDPI}
}

@article{petrini2022breast,
  title={Breast cancer diagnosis in two-view mammography using end-to-end trained efficientnet-based convolutional network},
  author={Petrini, Daniel GP and Shimizu, Carlos and Roela, Rosimeire A and Valente, Gabriel Vansuita and Folgueira, Maria Aparecida Azevedo Koike and Kim, Hae Yong},
  journal={IEEE ACCESS},
  volume={10},
  pages={77723--77731},
  year={2022},
  publisher={IEEE}
}


@article{qureshi2024breast,
  title={Breast Cancer Detection using Mammography: Image Processing to Deep Learning},
  author={Qureshi, Shahzad Ahmad and Hussain, Lal and Shah, Syed Taimoor Hussain and Mir, Adil Aslam and Williams, Darnell K Adrian and Duong, Tim Q and Habib, Natasha and Ahmad, Asrar and Shah, Syed Adil Hussain and others},
  year={2024},
  publisher={Preprints}
}

@inproceedings{wang2023evaluating,
  title={Evaluating Mammogram Image Classification: Impact of Model Architectures, Pretraining, and Finetuning},
  author={Wang, Kaier and Tikhonov, Aristarkh and Hill, Melissa and Litchfield, Lester},
  booktitle={Pacific-Rim Symposium on Image and Video Technology},
  pages={1--14},
  year={2023},
  organization={Springer}
}

@inproceedings{hepsaug2017using,
  title={Using deep learning for mammography classification},
  author={Hepsa{\u{g}}, P{\i}nar Uskaner and {\"O}zel, Selma Ay{\c{s}}e and Yaz{\i}c{\i}, Adnan},
  booktitle={International Conference on Computer Science and Engineering (UBMK)},
  pages={418--423},
  year={2017},
  organization={IEEE}
}

@article{altameem2022breast,
  title={Breast cancer detection in mammography images using deep convolutional neural networks and fuzzy ensemble modeling techniques},
  author={Altameem, Ayman and Mahanty, Chandrakanta and Poonia, Ramesh Chandra and Saudagar, Abdul Khader Jilani and Kumar, Raghvendra},
  journal={Diagnostics},
  volume={12},
  number={8},
  pages={1812},
  year={2022},
  publisher={MDPI}
}

@article{shen2019deep,
  title={Deep learning to improve breast cancer detection on screening mammography},
  author={Shen, Li and Margolies, Laurie R and Rothstein, Joseph H and Fluder, Eugene and McBride, Russell and Sieh, Weiva},
  journal={Scientific reports},
  volume={9},
  number={1},
  pages={12495},
  year={2019},
  publisher={Nature Publishing Group UK London}
}

@article{novoa2020monitoring,
  title={Monitoring surgical quality: the cumulative sum ({CUSUM}) approach},
  author={Novoa, Nuria M and Varela, Gonzalo},
  journal={Mediastinum},
  volume={4},
  year={2020},
  publisher={AME Publications}
}

@article{crosier1986new,
  title={A new two-sided cumulative sum quality control scheme},
  author={Crosier, Ronald B},
  journal={Technometrics},
  volume={28},
  number={3},
  pages={187--194},
  year={1986},
  publisher={Taylor \& Francis}
}

@inproceedings{verma2018fairness,
  title={Fairness definitions explained},
  author={Verma, Sahil and Rubin, Julia},
  booktitle={Proceedings of the International Workshop on Software Fairness},
  pages={1--7},
  year={2018}
}

@article{correa2024efficient,
  title={Efficient adversarial debiasing with concept activation vectorâ€”Medical image case-studies},
  author={Correa, Ramon and Pahwa, Khushbu and Patel, Bhavik and Vachon, Celine M and Gichoya, Judy W and Banerjee, Imon},
  journal={Journal of Biomedical Informatics},
  volume={149},
  pages={104548},
  year={2024},
  publisher={Elsevier}
}

@article{donnelly2024asymmirai,
  title={{AsymMirai}: Interpretable Mammography-based Deep Learning Model for 1--5-year Breast Cancer Risk Prediction},
  author={Donnelly, Jon and Moffett, Luke and Barnett, Alina Jade and Trivedi, Hari and Schwartz, Fides and Lo, Joseph and Rudin, Cynthia},
  journal={Radiology},
  volume={310},
  number={3},
  pages={e232780},
  year={2024},
  publisher={Radiological Society of North America}
}

@article{khara2024generalisable,
  title={Generalisable deep learning method for mammographic density prediction across imaging techniques and self-reported race},
  author={Khara, Galvin and Trivedi, Hari and Newell, Mary S and Patel, Ravi and Rijken, Tobias and Kecskemethy, Peter and Glocker, Ben},
  journal={Communications Medicine},
  volume={4},
  number={1},
  pages={21},
  year={2024},
  publisher={Nature Publishing Group UK London}
}

@article{hwang2023impact,
  title={Impact of multi-source data augmentation on performance of convolutional neural networks for abnormality classification in mammography},
  author={Hwang, In Chan and Trivedi, Hari and Brown-Mulry, Beatrice and Zhang, Linglin and Nalla, Vineela and Gastounioti, Aimilia and Gichoya, Judy and Seyyed-Kalantari, Laleh and Banerjee, Imon and Woo, MinJae},
  journal={Frontiers in Radiology},
  volume={3},
  pages={1181190},
  year={2023},
  publisher={Frontiers Media SA}
}

@article{zhang2023multivariate,
  title={Multivariate Analysis on Performance Gaps of Artificial Intelligence Models in Screening Mammography},
  author={Zhang, Linglin and Brown-Mulry, Beatrice and Nalla, Vineela and Hwang, In Chan and Gichoya, Judy Wawira and Gastounioti, Aimilia and Banerjee, Imon and Seyyed-Kalantari, Laleh and Woo, MinJae and Trivedi, Hari},
  journal={arXiv preprint arXiv:2305.04422},
  year={2023}
}

@article{evans2013if,
  title={If you donâ€™t find it often, you often donâ€™t find it: why some cancers are missed in breast cancer screening},
  author={Evans, Karla K and Birdwell, Robyn L and Wolfe, Jeremy M},
  journal={PloS one},
  volume={8},
  number={5},
  pages={e64366},
  year={2013},
  publisher={Public Library of Science San Francisco, USA}
}

@article{maxwell1999breast,
  title={Breast cancers missed in the prevalent screening round: effect upon the size distribution of incident round detected cancers},
  author={Maxwell, A J},
  journal={Journal of Medical Screening},
  volume={6},
  number={1},
  pages={28--29},
  year={1999},
  publisher={SAGE Publications UK: London, England}
}

@inproceedings{de2019does,
  title={Does object recognition work for everyone?},
  author={De Vries, Terrance and Misra, Ishan and Wang, Changhan and Van der Maaten, Laurens},
  booktitle={Proceedings of the IEEE/CVF Conference on Computer Vision and Pattern Recognition Workshops},
  pages={52--59},
  year={2019}
}

@article{wilson2019predictive,
  title={Predictive inequity in object detection},
  author={Wilson, Benjamin and Hoffman, Judy and Morgenstern, Jamie},
  journal={arXiv preprint arXiv:1902.11097},
  year={2019}
}

@article{zamzmi2024out,
  title={Out-of-Distribution Detection and Data Drift Monitoring using Statistical Process Control},
  author={Zamzmi, Ghada and Venkatesh, Kesavan and Nelson, Brandon and Prathapan, Smriti and Yi, Paul H and Sahiner, Berkman and Delfino, Jana G},
  journal={arXiv preprint arXiv:2402.08088},
  year={2024}
}

@inproceedings{prathapan2024quantifying,
  title={Quantifying input data drift in medical machine learning models by detecting change-points in time-series data},
  author={Prathapan, Smriti and Samala, Ravi K and Hadjiyski, Nathan and Dâ€™Haese, Pierre-Fran{\c{c}}ois and Maldonado, Fabien and Nguyen, Phuong and Yesha, Yelena and Sahiner, Berkman},
  booktitle={Medical Imaging 2024: Computer-Aided Diagnosis},
  volume={12927},
  pages={67--76},
  year={2024},
  organization={SPIE}
}

@article{feng2022clinical,
  title={Clinical artificial intelligence quality improvement: towards continual monitoring and updating of {AI} algorithms in healthcare},
  author={Feng, Jean and Phillips, Rachael V and Malenica, Ivana and Bishara, Andrew and Hubbard, Alan E and Celi, Leo A and Pirracchio, Romain},
  journal={NPJ Digital Medicine},
  volume={5},
  number={1},
  pages={66},
  year={2022},
  publisher={Nature Publishing Group UK London}
}

@article{azin2023racial,
  title={Racial, ethnic and socioeconomic disparities in diagnosis, treatment, and survival of patients with breast cancer},
  author={Azin, Arash and Tahmasebi, Houman and Brar, Amanpreet and Azin, Sam and Ko, Gary and Covelli, Andrea and Cil, Tulin},
  journal={The American Journal of Surgery},
  volume={225},
  number={1},
  pages={154--161},
  year={2023},
  publisher={Elsevier}
}

@article{hershman2005racial,
  title={Racial disparities in treatment and survival among women with early-stage breast cancer},
  author={Hershman, Dawn and McBride, Russell and Jacobson, Judith S and Lamerato, Lois and Roberts, Kevin and Grann, Victor R and Neugut, Alfred I},
  journal={Journal of Clinical Oncology},
  volume={23},
  number={27},
  pages={6639--6646},
  year={2005},
  publisher={American Society of Clinical Oncology}
}

@article{hussain2004ethnic,
  title={Why ethnic minority groups are under-represented in clinical trials: a review of the literature},
  author={Hussain-Gambles, Mahvash and Atkin, Karl and Leese, Brenda},
  journal={Health \& Social Care in the Community},
  volume={12},
  number={5},
  pages={382--388},
  year={2004},
  publisher={Wiley Online Library}
}

@article{obermeyer2019dissecting,
  title={Dissecting racial bias in an algorithm used to manage the health of populations},
  author={Obermeyer, Ziad and Powers, Brian and Vogeli, Christine and Mullainathan, Sendhil},
  journal={Science},
  volume={366},
  number={6464},
  pages={447--453},
  year={2019},
  publisher={American Association for the Advancement of Science}
}

@article{ge2021yolox,
  title={{YOLOX}: Exceeding {YOLO} series in 2021},
  author={Ge, Z},
  journal={arXiv preprint arXiv:2107.08430},
  year={2021}
}

@article{DBLP:journals/corr/FriedlerSV16,
  author       = {Sorelle A. Friedler and
                  Carlos Scheidegger and
                  Suresh Venkatasubramanian},
  title        = {On the (im)possibility of fairness},
  journal      = {arXiv},
  volume       = {abs/1609.07236},
  year         = {2016}
}

@article{nguyen2024patient,
  title={Patient Characteristics Impact Performance of AI Algorithm in Interpreting Negative Screening Digital Breast Tomosynthesis Studies},
  author={Nguyen, Derek L and Ren, Yinhao and Jones, Tyler M and Thomas, Samantha M and Lo, Joseph Y and Grimm, Lars J},
  journal={Radiology},
  volume={311},
  number={2},
  pages={e232286},
  year={2024},
  publisher={Radiological Society of North America}
}

@article{nicholson2024screening,
  title={Screening for Breast Cancer: US Preventive Services Task Force Recommendation Statement},
  author={Nicholson, Wanda K and Silverstein, Michael and Wong, John B and Barry, Michael J and Chelmow, David and Coker, Tumaini Rucker and Davis, Esa M and Ja{\'e}n, Carlos Roberto and Krousel-Wood, Marie and Lee, Sei and others},
  journal={JAMA},
  year={2024}
}

@inproceedings{huang2016deep,
  title={Deep networks with stochastic depth},
  author={Huang, Gao and Sun, Yu and Liu, Zhuang and Sedra, Daniel and Weinberger, Kilian Q},
  booktitle={Computer Vision--ECCV 2016: 14th European Conference, Amsterdam, The Netherlands, October 11--14, 2016, Proceedings, Part IV 14},
  pages={646--661},
  year={2016},
  organization={Springer}
}

@inproceedings{lukasik2020does,
  title={Does label smoothing mitigate label noise?},
  author={Lukasik, Michal and Bhojanapalli, Srinadh and Menon, Aditya and Kumar, Sanjiv},
  booktitle={International Conference on Machine Learning},
  pages={6448--6458},
  year={2020},
  organization={PMLR}
}

@article{loshchilov2016sgdr,
  title={Sgdr: Stochastic gradient descent with warm restarts},
  author={Loshchilov, Ilya and Hutter, Frank},
  journal={arXiv preprint arXiv:1608.03983},
  year={2016}
}

@article{morales2024exponential,
  title={Exponential moving average of weights in deep learning: Dynamics and benefits},
  author={Morales-Brotons, Daniel and Vogels, Thijs and Hendrikx, Hadrien},
  journal={Transactions on Machine Learning Research},
  year={2024}
}

@article{vela2022temporal,
  title={Temporal quality degradation in AI models},
  author={Vela, Daniel and Sharp, Andrew and Zhang, Richard and Nguyen, Trang and Hoang, An and Pianykh, Oleg S},
  journal={Scientific Reports},
  volume={12},
  number={1},
  pages={11654},
  year={2022},
  publisher={Nature Publishing Group UK London}
}

@article{sahiner2023data,
  title={Data drift in medical machine learning: implications and potential remedies},
  author={Sahiner, Berkman and Chen, Weijie and Samala, Ravi K and Petrick, Nicholas},
  journal={The British Journal of Radiology},
  volume={96},
  number={1150},
  pages={20220878},
  year={2023},
  publisher={Oxford University Press}
}

@inproceedings{nestor2019feature,
  title={Feature robustness in non-stationary health records: caveats to deployable model performance in common clinical machine learning tasks},
  author={Nestor, Bret and McDermott, Matthew BA and Boag, Willie and Berner, Gabriela and Naumann, Tristan and Hughes, Michael C and Goldenberg, Anna and Ghassemi, Marzyeh},
  booktitle={Machine Learning for Healthcare Conference},
  pages={381--405},
  year={2019},
  organization={PMLR}
}