@inproceedings{afzal2023towards,
  title={Towards Equitable Kidney Tumor Segmentation: Bias Evaluation and Mitigation},
  author={Afzal, Muhammad Muneeb and Khan, Muhammad Osama and Mirza, Shujaat},
  booktitle={Machine Learning for Health (ML4H)},
  pages={13--26},
  year={2023},
  organization={PMLR}
}

@article{altameem2022breast,
  title={Breast cancer detection in mammography images using deep convolutional neural networks and fuzzy ensemble modeling techniques},
  author={Altameem, Ayman and Mahanty, Chandrakanta and Poonia, Ramesh Chandra and Saudagar, Abdul Khader Jilani and Kumar, Raghvendra},
  journal={Diagnostics},
  volume={12},
  number={8},
  pages={1812},
  year={2022},
  publisher={MDPI}
}

@article{correa2024efficient,
  title={Efficient adversarial debiasing with concept activation vector—Medical image case-studies},
  author={Correa, Ramon and Pahwa, Khushbu and Patel, Bhavik and Vachon, Celine M and Gichoya, Judy W and Banerjee, Imon},
  journal={Journal of Biomedical Informatics},
  volume={149},
  pages={104548},
  year={2024},
  publisher={Elsevier}
}

@misc{cui2021chinese,
  title={The Chinese Mammography Database ({CMMD}): An online mammography database with biopsy confirmed types for machine diagnosis of breast},
  author={Cui, Chunyan and Li, Li and Cai, Hongmin and Fan, Zhihao and Zhang, Ling and Dan, Tingting and Li, Jiao and Wang, Jinghua},
  journal={The Cancer Imaging Archive},
  year={2021}
}

@article{donnelly2024asymmirai,
  title={{AsymMirai}: Interpretable Mammography-based Deep Learning Model for 1--5-year Breast Cancer Risk Prediction},
  author={Donnelly, Jon and Moffett, Luke and Barnett, Alina Jade and Trivedi, Hari and Schwartz, Fides and Lo, Joseph and Rudin, Cynthia},
  journal={Radiology},
  volume={310},
  number={3},
  pages={e232780},
  year={2024},
  publisher={Radiological Society of North America}
}

@article{halling2020optimam,
  title={OPTIMAM mammography image database: a large-scale resource of mammography images and clinical data},
  author={Halling-Brown, Mark D and Warren, Lucy M and Ward, Dominic and Lewis, Emma and Mackenzie, Alistair and Wallis, Matthew G and Wilkinson, Louise S and Given-Wilson, Rosalind M and McAvinchey, Rita and Young, Kenneth C},
  journal={Radiology: Artificial Intelligence},
  volume={3},
  number={1},
  pages={e200103},
  year={2020},
  publisher={Radiological Society of North America}
}

@incollection{heath1998current,
  title={Current status of the digital database for screening mammography},
  author={Heath, Michael and Bowyer, Kevin and Kopans, Daniel and Kegelmeyer Jr, P and Moore, Richard and Chang, Kyong and Munishkumaran, S},
  booktitle={Digital Mammography: Nijmegen, 1998},
  pages={457--460},
  year={1998},
  publisher={Springer}
}

@article{hwang2023impact,
  title={Impact of multi-source data augmentation on performance of convolutional neural networks for abnormality classification in mammography},
  author={Hwang, In Chan and Trivedi, Hari and Brown-Mulry, Beatrice and Zhang, Linglin and Nalla, Vineela and Gastounioti, Aimilia and Gichoya, Judy and Seyyed-Kalantari, Laleh and Banerjee, Imon and Woo, MinJae},
  journal={Frontiers in Radiology},
  volume={3},
  pages={1181190},
  year={2023},
  publisher={Frontiers Media SA}
}

@article{jeong2023emory,
  title={The EMory BrEast imaging Dataset ({EMBED}): A racially diverse, granular dataset of 3.4 million screening and diagnostic mammographic images},
  author={Jeong, Jiwoong J and Vey, Brianna L and Bhimireddy, Ananth and Kim, Thomas and Santos, Thiago and Correa, Ramon and Dutt, Raman and Mosunjac, Marina and Oprea-Ilies, Gabriela and Smith, Geoffrey and others},
  journal={Radiology: Artificial Intelligence},
  volume={5},
  number={1},
  pages={e220047},
  year={2023},
  publisher={Radiological Society of North America}
}

@misc{khaled2021categorized,
  title = {Categorized Digital Database for Low energy and Subtracted Contrast Enhanced Spectral Mammography images [Dataset]},
  author = {Khaled, R. and Helal, M. and Alfarghaly, O. and Mokhtar, O. and Elkorany, A. and El Kassas, H. and Fahmy, A.},
  year = {2021},
  howpublished = {The Cancer Imaging Archive},
  doi = {10.7937/29kw-ae92}
}

@article{khara2024generalisable,
  title={Generalisable deep learning method for mammographic density prediction across imaging techniques and self-reported race},
  author={Khara, Galvin and Trivedi, Hari and Newell, Mary S and Patel, Ravi and Rijken, Tobias and Kecskemethy, Peter and Glocker, Ben},
  journal={Communications Medicine},
  volume={4},
  number={1},
  pages={21},
  year={2024},
  publisher={Nature Publishing Group UK London}
}

@inproceedings{lekamlage2020mini,
  title={Mini-DDSM: Mammography-based automatic age estimation},
  author={Lekamlage, Charitha Dissanayake and Afzal, Fabia and Westerberg, Erik and Cheddad, Abbas},
  booktitle={Proceedings of the 3rd International Conference on Digital Medicine and Image Processing},
  pages={1--6},
  year={2020}
}

@article{loizidou2021digital,
  title={Digital subtraction of temporally sequential mammograms for improved detection and classification of microcalcifications},
  author={Loizidou, Kosmia and Skouroumouni, Galateia and Pitris, Costas and Nikolaou, Christos},
  journal={European Radiology Experimental},
  volume={5},
  pages={1--12},
  year={2021},
  publisher={Springer}
}

@article{mahoro2022applying,
  title={Applying deep learning for breast cancer detection in radiology},
  author={Mahoro, Ella and Akhloufi, Moulay A},
  journal={Current Oncology},
  volume={29},
  number={11},
  pages={8767--8793},
  year={2022},
  publisher={MDPI}
}

@inproceedings{mehta2024evaluating,
  title={Evaluating the fairness of deep learning uncertainty estimates in medical image analysis},
  author={Mehta, Raghav and Shui, Changjian and Arbel, Tal},
  booktitle={Medical Imaging with Deep Learning},
  pages={1453--1492},
  year={2024},
  organization={PMLR}
}

@inproceedings{nestor2019feature,
  title={Feature robustness in non-stationary health records: caveats to deployable model performance in common clinical machine learning tasks},
  author={Nestor, Bret and McDermott, Matthew BA and Boag, Willie and Berner, Gabriela and Naumann, Tristan and Hughes, Michael C and Goldenberg, Anna and Ghassemi, Marzyeh},
  booktitle={Machine Learning for Healthcare Conference},
  pages={381--405},
  year={2019},
  organization={PMLR}
}

@article{nguyen2024patient,
  title={Patient Characteristics Impact Performance of AI Algorithm in Interpreting Negative Screening Digital Breast Tomosynthesis Studies},
  author={Nguyen, Derek L and Ren, Yinhao and Jones, Tyler M and Thomas, Samantha M and Lo, Joseph Y and Grimm, Lars J},
  journal={Radiology},
  volume={311},
  number={2},
  pages={e232286},
  year={2024},
  publisher={Radiological Society of North America}
}

@article{petrini2022breast,
  title={Breast cancer diagnosis in two-view mammography using end-to-end trained efficientnet-based convolutional network},
  author={Petrini, Daniel GP and Shimizu, Carlos and Roela, Rosimeire A and Valente, Gabriel Vansuita and Folgueira, Maria Aparecida Azevedo Koike and Kim, Hae Yong},
  journal={IEEE ACCESS},
  volume={10},
  pages={77723--77731},
  year={2022},
  publisher={IEEE}
}

@article{pham2022vindr,
  title={VinDr-Mammo: A large-scale benchmark dataset for computer-aided detection and diagnosis in full-field digital mammography},
  author={Pham, Hieu Huy and Trung, Hieu Nguyen and Nguyen, Ha Quy},
  journal={Sci Data},
  year={2022}
}

@inproceedings{prathapan2024quantifying,
  title={Quantifying input data drift in medical machine learning models by detecting change-points in time-series data},
  author={Prathapan, Smriti and Samala, Ravi K and Hadjiyski, Nathan and D’Haese, Pierre-Fran{\c{c}}ois and Maldonado, Fabien and Nguyen, Phuong and Yesha, Yelena and Sahiner, Berkman},
  booktitle={Medical Imaging 2024: Computer-Aided Diagnosis},
  volume={12927},
  pages={67--76},
  year={2024},
  organization={SPIE}
}

@article{qureshi2024breast,
  title={Breast Cancer Detection using Mammography: Image Processing to Deep Learning},
  author={Qureshi, Shahzad Ahmad and Hussain, Lal and Shah, Syed Taimoor Hussain and Mir, Adil Aslam and Williams, Darnell K Adrian and Duong, Tim Q and Habib, Natasha and Ahmad, Asrar and Shah, Syed Adil Hussain and others},
  year={2024},
  publisher={Preprints}
}

@article{raiaan2024mammo,
  title={Mammo-Light: A lightweight convolutional neural network for diagnosing breast cancer from mammography images},
  author={Raiaan, Mohaimenul Azam Khan and Fahad, Nur Mohammad and Mukta, Md Saddam Hossain and Shatabda, Swakkhar},
  journal={Biomedical Signal Processing and Control},
  volume={94},
  pages={106279},
  year={2024},
  publisher={Elsevier}
}

@misc{rsna-breast-cancer-detection,
    author = {Chris Carr and Felipe Kitamura and George Partridge and Jayashree Kalpathy-Cramer and John Mongan and Katherine Andriole and Maryam Vazirabad, Michelle Riopel and Robyn Ball and Sohier Dane and Yan Chen},
    title = {RSNA Screening Mammography Breast Cancer Detection},
    publisher = {Kaggle},
    year = {2022},
    url = {https://kaggle.com/competitions/rsna-breast-cancer-detection}
}

@article{sahiner2023data,
  title={Data drift in medical machine learning: implications and potential remedies},
  author={Sahiner, Berkman and Chen, Weijie and Samala, Ravi K and Petrick, Nicholas},
  journal={The British Journal of Radiology},
  volume={96},
  number={1150},
  pages={20220878},
  year={2023},
  publisher={Oxford University Press}
}

@article{sahu2023recent,
  title={Recent advancements in machine learning and deep learning-based breast cancer detection using mammograms},
  author={Sahu, Adyasha and Das, Pradeep Kumar and Meher, Sukadev},
  journal={Physica Medica},
  volume={114},
  pages={103138},
  year={2023},
  publisher={Elsevier}
}

@article{shen2019deep,
  title={Deep learning to improve breast cancer detection on screening mammography},
  author={Shen, Li and Margolies, Laurie R and Rothstein, Joseph H and Fluder, Eugene and McBride, Russell and Sieh, Weiva},
  journal={Scientific reports},
  volume={9},
  number={1},
  pages={12495},
  year={2019},
  publisher={Nature Publishing Group UK London}
}

@article{sun2022performance,
  title={Performance of a chest radiograph ai diagnostic tool for covid-19: A prospective observational study},
  author={Sun, Ju and Peng, Le and Li, Taihui and Adila, Dyah and Zaiman, Zach and Melton-Meaux, Genevieve B and Ingraham, Nicholas E and Murray, Eric and Boley, Daniel and Switzer, Sean and others},
  journal={Radiology: Artificial Intelligence},
  volume={4},
  number={4},
  pages={e210217},
  year={2022},
  publisher={Radiological Society of North America}
}

@article{vela2022temporal,
  title={Temporal quality degradation in AI models},
  author={Vela, Daniel and Sharp, Andrew and Zhang, Richard and Nguyen, Trang and Hoang, An and Pianykh, Oleg S},
  journal={Scientific Reports},
  volume={12},
  number={1},
  pages={11654},
  year={2022},
  publisher={Nature Publishing Group UK London}
}

@inproceedings{wang2023evaluating,
  title={Evaluating Mammogram Image Classification: Impact of Model Architectures, Pretraining, and Finetuning},
  author={Wang, Kaier and Tikhonov, Aristarkh and Hill, Melissa and Litchfield, Lester},
  booktitle={Pacific-Rim Symposium on Image and Video Technology},
  pages={1--14},
  year={2023},
  organization={Springer}
}

@article{zamzmi2024out,
  title={Out-of-Distribution Detection and Data Drift Monitoring using Statistical Process Control},
  author={Zamzmi, Ghada and Venkatesh, Kesavan and Nelson, Brandon and Prathapan, Smriti and Yi, Paul H and Sahiner, Berkman and Delfino, Jana G},
  journal={arXiv preprint arXiv:2402.08088},
  year={2024}
}

@article{zhang2023multivariate,
  title={Multivariate Analysis on Performance Gaps of Artificial Intelligence Models in Screening Mammography},
  author={Zhang, Linglin and Brown-Mulry, Beatrice and Nalla, Vineela and Hwang, In Chan and Gichoya, Judy Wawira and Gastounioti, Aimilia and Banerjee, Imon and Seyyed-Kalantari, Laleh and Woo, MinJae and Trivedi, Hari},
  journal={arXiv preprint arXiv:2305.04422},
  year={2023}
}

