@inproceedings{bojchevski2020efficient,
  title={Efficient robustness certificates for discrete data: Sparsity-aware randomized smoothing for graphs, images and more},
  author={Bojchevski, Aleksandar and Gasteiger, Johannes and G{\"u}nnemann, Stephan},
  booktitle={ICML},
  year={2020}
}

@inproceedings{chenunderstanding,
  title={Understanding and Improving Graph Injection Attack by Promoting Unnoticeability},
  author={Chen, Yongqiang and Yang, Han and Zhang, Yonggang and KAILI, MA and Liu, Tongliang and Han, Bo and Cheng, James},
  booktitle={ICLR},
  year={2022},
}

@inproceedings{cohen2019certified,
  title={Certified adversarial robustness via randomized smoothing},
  author={Cohen, Jeremy M and Rosenfeld, Elan and Kolter, J Zico},
  booktitle={ICML},
  year={2019}
}

@inproceedings{dai2018adversarial,
  title={Adversarial attack on graph structured data},
  author={Dai, Hanjun and Li, Hui and Tian, Tian and Huang, Xin and Wang, Lin and Zhu, Jun and Song, Le},
  booktitle={ICML},
  year={2018}
}

@inproceedings{dietterich2000ensemble,
  title={Ensemble methods in machine learning},
  author={Dietterich, Thomas G},
  booktitle={International workshop on multiple classifier systems},
  pages={1--15},
  year={2000},
  organization={Springer}
}

@inproceedings{entezari2020all,
  title={All you need is low (rank) defending against adversarial attacks on graphs},
  author={Entezari, Negin and Al-Sayouri, Saba and Darvishzadeh, Amirali and Papalexakis, Evangelos},
  booktitle={WSDM},
  year={2020}
}

@inproceedings{hong2022unicr,
  title={Unicr: Universally approximated certified robustness via randomized smoothing},
  author={Hong, Hanbin and Wang, Binghui and Hong, Yuan},
  booktitle={ECCV},
  year={2022}
}

@inproceedings{jia2020certified,
  title={Certified robustness of community detection against adversarial structural perturbation via randomized smoothing},
  author={Jia, Jinyuan and Wang, Binghui and Cao, Xiaoyu and Gong, Neil Zhenqiang},
  booktitle={WWW},
  year={2020}
}

@inproceedings{jia2021intrinsic,
  title={Intrinsic certified robustness of bagging against data poisoning attacks},
  author={Jia, Jinyuan and Cao, Xiaoyu and Gong, Neil Zhenqiang},
  booktitle={AAAI},
  year={2021}
}

@inproceedings{jia2022certified,
  title={Certified robustness of nearest neighbors against data poisoning and backdoor attacks},
  author={Jia, Jinyuan and Liu, Yupei and Cao, Xiaoyu and Gong, Neil Zhenqiang},
  booktitle={AAAI},
  year={2022}
}

@inproceedings{jin2020certified,
  title={Certified robustness of graph convolution networks for graph classification under topological attacks},
  author={Jin, Hongwei and Shi, Zhan and Peruri, Venkata Jaya Shankar Ashish and Zhang, Xinhua},
  booktitle={NeurIPS},
  year={2020}
}

@inproceedings{ju2023let,
  title={Let graph be the go board: gradient-free node injection attack for graph neural networks via reinforcement learning},
  author={Ju, Mingxuan and Fan, Yujie and Zhang, Chuxu and Ye, Yanfang},
  booktitle={AAAI},
  year={2023}
}

@inproceedings{lai2023nodeawarebismoothingcertifiedrobustness,
      title={Node-aware Bi-smoothing: Certified Robustness against Graph Injection Attacks}, 
      author={Yuni Lai and Yulin Zhu and Bailin Pan and Kai Zhou},
      year={2024},
      booktitle={IEEE SP}}

@inproceedings{lecuyer2019certified,
  title={Certified robustness to adversarial examples with differential privacy},
  author={Lecuyer, Mathias and Atlidakis, Vaggelis and Geambasu, Roxana and Hsu, Daniel and Jana, Suman},
  booktitle={IEEE SP},
  year={2019}
}

@inproceedings{levine2020deep,
  title={Deep Partition Aggregation: Provable Defenses against General Poisoning Attacks},
  author={Levine, Alexander and Feizi, Soheil},
  booktitle={ICLR},
  year={2020}
}

@inproceedings{levine2020randomized,
  title={(De) Randomized smoothing for certifiable defense against patch attacks},
  author={Levine, Alexander and Feizi, Soheil},
  booktitle={NeurIPS},
  year={2020}
}

@inproceedings{levine2020robustness,
  title={Robustness certificates for sparse adversarial attacks by randomized ablation},
  author={Levine, Alexander and Feizi, Soheil},
  booktitle={AAAI},
  year={2020}
}

@inproceedings{li2025provably,
title={Provably Robust Explainable Graph Neural Networks against Graph Perturbation Attacks},
author={Li, Jiate and Pang, Meng and Dong, Yun and Jia, Jinyuan and Wang, Binghui},
  booktitle={ICLR},
  year={2025}
}

@inproceedings{ma2020towards,
  title={Towards more practical adversarial attacks on graph neural networks},
  author={Ma, Jiaqi and Ding, Shuangrui and Mei, Qiaozhu},
  booktitle={NeurIPS},
  year={2020}
}

@inproceedings{mu2021a,
  title={A Hard Label Black-box Adversarial Attack Against Graph Neural Networks},
  author={Mu, Jiaming and Wang, Binghui and Li, Qi and Sun, Kun and Xu, Mingwei and Liu, Zhuotao},
  booktitle={CCS},
  year={2021}
}

@inproceedings{mujkanovic2022defenses,
  title={Are Defenses for Graph Neural Networks Robust?},
  author={Mujkanovic, Felix and Geisler, Simon and G{\"u}nnemann, Stephan and Bojchevski, Aleksandar},
  booktitle={NeurIPS},
  year={2022}
}

@inproceedings{pei2023textguard,
  title={Textguard: Provable defense against backdoor attacks on text classification},
  author={Pei, Hengzhi and Jia, Jinyuan and Guo, Wenbo and Li, Bo and Song, Dawn},
  booktitle={NDSS},
  year={2023}
}

@inproceedings{sun2020adversarial,
  title={Adversarial Attacks on Graph Neural Networks via Node Injections: A Hierarchical Reinforcement Learning Approach},
  author={Sun, Yiwei and Wang, Suhang and Tang, Xianfeng and Hsieh, Tsung-Yu and Honavar, Vasant},
  booktitle={WWW},
  year={2020}
}

@inproceedings{tao2021adversarial,
  title={Adversarial Immunization for Certifiable Robustness on Graphs},
  author={Tao, Shuchang and Shen, Huawei and Cao, Qi and Hou, Liang and Cheng, Xueqi},
  booktitle={WSDM},
  year={2021}
}

@inproceedings{wan2021adversarial,
  title={Adversarial attacks on graph classifiers via bayesian optimisation},
  author={Wan, Xingchen and Kenlay, Henry and Ru, Robin and Blaas, Arno and Osborne, Michael A and Dong, Xiaowen},
  booktitle={NeurIPS},
  year={2021}
}

@inproceedings{wang2019attacking,
  title={Attacking graph-based classification via manipulating the graph structure},
  author={Wang, Binghui and Gong, Neil Zhenqiang},
  booktitle={CCS},
  year={2019}
}

@inproceedings{wang2021certified,
  title={Certified robustness of graph neural networks against adversarial structural perturbation},
  author={Wang, Binghui and Jia, Jinyuan and Cao, Xiaoyu and Gong, Neil},
  booktitle={KDD},
  year={2021}
}

@inproceedings{wang2022bandits,
  title={Bandits for Structure Perturbation-based Black-box Attacks to Graph Neural Networks with Theoretical Guarantees},
  author={Wang, Binghui and Li, Youqi and Zhou, Pan},
  booktitle={CVPR},
  year={2022}
}

@inproceedings{wang2023turning,
  title={Turning Strengths into Weaknesses: A Certified Robustness Inspired Attack Framework against Graph Neural Networks},
  author={Wang, Binghui and Pang, Meng and Dong, Yun},
  booktitle={CVPR},
  year={2023}
}

@inproceedings{wang2024efficient,
  title={Efficient, direct, and restricted black-box graph evasion attacks to any-layer graph neural networks via influence function},
  author={Wang, Binghui and Lin, Minhua and Zhou, Tianxiang and more},
  booktitle={WSDM},
  year={2024}
}

@inproceedings{wu2019adversarial,
  title={Adversarial examples on graph data: Deep insights into attack and defense},
  author={Wu, Huijun and Wang, Chen and Tyshetskiy, Yuriy and more},
  booktitle={IJCAI},
  year={2019}
}

@inproceedings{xia2024gnncert,
title={Deterministic Certification of Graph Neural Networks against Adversarial Perturbations},
author={Zaishuo Xia and Han Yang and Binghui Wang and Jinyuan Jia},
booktitle={ICLR},
year={2024}
}

@inproceedings{xiang2021patchguard,
  title={$\{$PatchGuard$\}$: A provably robust defense against adversarial patches via small receptive fields and masking},
  author={Xiang, Chong and Bhagoji, Arjun Nitin and Sehwag, Vikash and Mittal, Prateek},
  booktitle={USENIX Security},
  year={2021}
}

@inproceedings{xu2019topology,
  title={Topology attack and defense for graph neural networks: An optimization perspective},
  author={Xu, Kaidi and Chen, Hongge and Liu, Sijia and more},
  booktitle={IJCAI},
  year={2019}
}

@inproceedings{yang2024distributed,
  title={Distributed backdoor attacks on federated graph learning and certified defenses},
  author={Yang, Yuxin and Li, Qiang and Jia, Jinyuan and Hong, Yuan and Wang, Binghui},
  booktitle={CCS},
  year={2024}
}

@inproceedings{zhang2021backdoor,
  title={Backdoor attacks to graph neural networks},
  author={Zhang, Zaixi and Jia, Jinyuan and Wang, Binghui and Gong, Neil Zhenqiang},
  booktitle={SACMAT},
  year={2021}
}

@article{zhang2022projective,
  title={Projective ranking-based gnn evasion attacks},
  author={Zhang, He and Yuan, Xingliang and Zhou, Chuan and Pan, Shirui},
  journal={IEEE TKDE},
  year={2022},
  publisher={IEEE}
}

@inproceedings{zhang2024text,
  title={Text-crs: A generalized certified robustness framework against textual adversarial attacks},
  author={Zhang, Xinyu and Hong, Hanbin and Hong, Yuan and Huang, Peng and Wang, Binghui and Ba, Zhongjie and Ren, Kui},
  booktitle={IEEE SP},
  year={2024}
}

@inproceedings{zhao2021expressive,
  title={Expressive 1-lipschitz neural networks for robust multiple graph learning against adversarial attacks},
  author={Zhao, Xin and Zhang, Zeru and Zhang, Zijie and Wu, Lingfei and Jin, Jiayin and Zhou, Yang and Dou, Dejing and Yan, Da},
  booktitle={ICML},
  year={2021}
}

@inproceedings{zhu2019robust,
  title={Robust Graph Convolutional Networks Against Adversarial Attacks},
  author={Zhu, Dingyuan and Zhang, Ziwei and Cui, Peng and Zhu, Wenwu},
  booktitle={KDD},
  year={2019}
}

@inproceedings{zugner2018adversarial,
  title={Adversarial attacks on neural networks for graph data},
  author={Z{\"u}gner, Daniel and Akbarnejad, Amir and G{\"u}nnemann, Stephan},
  booktitle={KDD},
  year={2018}
}

