




@article{wang2024ofgst,
  title={OFGST-Swin: Swin Transformer utilizing Overlap Fusion-based Generalized S-Transform for Respiratory Cycle Classification},
  author={Wang, Fan and Yuan, Xiaochen and Bao, Junqi and Lam, Chan-Tong and Huang, Guoheng and Chen, Hai},
  journal={IEEE Transactions on Instrumentation and Measurement},
  year={2024},
  publisher={IEEE}
}




@inproceedings{kim2023adversarial,
  title={Adversarial Fine-tuning using Generated Respiratory Sound to Address Class Imbalance},
  author={Kim, June-Woo and Yoon, Chihyeon and Toikkanen, Miika and Bae, Sangmin and Jung, Ho-Young},
  booktitle={Deep Generative Models for Health Workshop NeurIPS 2023},
  publisher={NEURAL INFORMATION PROCESSING SYSTEMS},
  year={2023}
}





@article{mang2024classification,
  title={Classification of Adventitious Sounds Combining Cochleogram and Vision Transformers},
  author={Mang, Loredana Daria and Gonz{\'a}lez Mart{\'\i}nez, Francisco David and Martinez Mu{\~n}oz, Damian and Garc{\'\i}a Gal{\'a}n, Sebasti{\'a}n and Cortina, Raquel},
  journal={Sensors},
  volume={24},
  number={2},
  pages={682},
  year={2024},
  publisher={MDPI}
}



@article{kim2024repaugment,
  title={RepAugment: Input-Agnostic Representation-Level Augmentation for Respiratory Sound Classification},
  author={Kim, June-Woo and Toikkanen, Miika and Bae, Sangmin and Kim, Minseok and Jung, Ho-Young},
  journal={arXiv e-prints},
  pages={arXiv--2405},
  year={2024}
}



@inproceedings{kim2024stethoscope,
  title={Stethoscope-Guided Supervised Contrastive Learning for Cross-Domain Adaptation on Respiratory Sound Classification},
  author={Kim, June-Woo and Bae, Sangmin and Cho, Won-Yang and Lee, Byungjo and Jung, Ho-Young},
  booktitle={ICASSP 2024-2024 IEEE International Conference on Acoustics, Speech and Signal Processing (ICASSP)},
  pages={1431--1435},
  year={2024},
  organization={IEEE}
}





@article{chua2024towards,
  title={Towards Enhanced Classification of Abnormal Lung sound in Multi-breath: A Light Weight Multi-label and Multi-head Attention Classification Method},
  author={Chua, Yi-Wei and Cheng, Yun-Chien},
  journal={arXiv e-prints},
  pages={arXiv--2407},
  year={2024}
}





@inproceedings{cai2023efficientvit,
  title={Efficientvit: Lightweight multi-scale attention for high-resolution dense prediction},
  author={Cai, Han and Li, Junyan and Hu, Muyan and Gan, Chuang and Han, Song},
  booktitle={Proceedings of the IEEE/CVF International Conference on Computer Vision},
  pages={17302--17313},
  year={2023}
}



@article{huang2023deep,
  title={Deep learning-based lung sound analysis for intelligent stethoscope},
  author={Huang, Dong-Min and Huang, Jia and Qiao, Kun and Zhong, Nan-Shan and Lu, Hong-Zhou and Wang, Wen-Jin},
  journal={Military Medical Research},
  volume={10},
  number={1},
  pages={44},
  year={2023},
  publisher={Springer}
}




1.   World Health Statistics 2021: Monitoring Health for The Sdgs, Sustainable Development Goals; World Health Organization: Geneva,

@article{world2022world,
  title={World health statistics 2022: monitoring health for the SDGs, sustainable development goals},
  author={World Health Organization and others},
  year={2022},
  publisher={World Health Organization}
}




2. C. D. Mathers and D. Loncar, “Projections of global mortality and burden
of disease from 2002 to 2030,” PLoS Med., vol. 3, no. 11, 2006, Art. no.
e 442.

@article{mathers2006projections,
  title={Projections of global mortality and burden of disease from 2002 to 2030},
  author={Mathers, Colin D and Loncar, Dejan},
  journal={PLoS medicine},
  volume={3},
  number={11},
  pages={e442},
  year={2006},
  publisher={Public Library of Science}
}



3.  “WHO—Global Tuberculosis Report 2019,” 2019. [Online]. Available:
https://www.who.int/tb/publications/global_report/en/


@article{harding2020global,
  title={WHO global progress report on tuberculosis elimination},
  author={Harding, Emilia},
  journal={The Lancet Respiratory Medicine},
  volume={8},
  number={1},
  pages={19},
  year={2020},
  publisher={Elsevier}
}




4. “Global Impact of Respiratory Disease - Second Edition| CHEST
Physician,” 2017. [Online]. Available: https://www.mdedge.com/
chestphysician/article/140055/society-news/global-impact-respiratorydisease-second-edition

@article{forum2017global,
  title={The Global Impact of Respiratory Disease--Second Edition. Sheffield, European Respiratory Society},
  author={Forum of International Respiratory Societies},
  year={2017}
}





5.A. Bohadana, G. Izbicki, and S. S. Kraman, “Fundamentals of lung
auscultation,” New Engl. J. Med., vol. 370, no. 8, pp. 744–751, 2014.

@article{bohadana2014fundamentals,
  title={Fundamentals of lung auscultation},
  author={Bohadana, Abraham and Izbicki, Gabriel and Kraman, Steve S},
  journal={New England Journal of Medicine},
  volume={370},
  number={8},
  pages={744--751},
  year={2014},
  publisher={Mass Medical Soc}
}



6. R. X. A. Pramono, S. Bowyer, and E. Rodriguez-Villegas, “Automatic
adventitious respiratory sound analysis: A systematic review,” PloS one,
vol. 12, no. 5, p. e0177926, 2017.

@article{pramono2017automatic,
  title={Automatic adventitious respiratory sound analysis: A systematic review},
  author={Pramono, Renard Xaviero Adhi and Bowyer, Stuart and Rodriguez-Villegas, Esther},
  journal={PloS one},
  volume={12},
  number={5},
  pages={e0177926},
  year={2017},
  publisher={Public Library of Science San Francisco, CA USA}
}






7. S. Reichert, R. Gass, C. Brandt, and E. Andrés, 
“Analysis of respiratory sounds: State of the art,” Clin. Med. Circ.,Respir. Pulm. Med., vol. 2, pp.45–58, 2008					
@article{reichert2008analysis,
  title={Analysis of respiratory sounds: state of the art},
  author={Reichert, Sandra and Gass, Raymond and Brandt, Christian and Andr{\`e}s, Emmanuel},
  journal={Clinical medicine. Circulatory, respiratory and pulmonary medicine},
  volume={2},
  pages={CCRPM--S530},
  year={2008},
  publisher={SAGE Publications Sage UK: London, England}
}





8. M. Bahoura and C. Pelletier, “New parameters for respiratory sound classi-
fication,” in Proc. Can. Conf. Elect. Comput. Eng., 2003, vol. 3, pp. 1457–
1460 
@inproceedings{bahoura2003new,
  title={New parameters for respiratory sound classification},
  author={Bahoura, Mohammed and Pelletier, Charles},
  booktitle={CCECE 2003-Canadian Conference on Electrical and Computer Engineering. Toward a Caring and Humane Technology (Cat. No. 03CH37436)},
  volume={3},
  pages={1457--1460},
  year={2003},
  organization={IEEE}
}

																	

9.  respira: S. Gairola, F. Tom, N. Kwatra, and M. Jain, “Respirenet: A deep
neural network for accurately detecting abnormal lung sounds in
limited data setting,
@inproceedings{gairola2021respirenet,
  title={Respirenet: A deep neural network for accurately detecting abnormal lung sounds in limited data setting},
  author={Gairola, Siddhartha and Tom, Francis and Kwatra, Nipun and Jain, Mohit},
  booktitle={2021 43rd Annual International Conference of the IEEE Engineering in Medicine \& Biology Society (EMBC)},
  pages={527--530},
  year={2021},
  organization={IEEE}
}






10.HS-Gen: a hypersphere-constrained generation mechanism to improve synthetic minority oversampling for imbalanced classification

@article{he2023hs,
  title={HS-Gen: a hypersphere-constrained generation mechanism to improve synthetic minority oversampling for imbalanced classification},
  author={He, Zuowei and Tao, Jiaqing and Leng, Qiangkui and Zhai, Junchang and Wang, Changzhong},
  journal={Complex \& Intelligent Systems},
  volume={9},
  number={4},
  pages={3971--3988},
  year={2023},
  publisher={Springer}
}


11. LungRN+NL: An Improved Adventitiou**

@inproceedings{ma2020lungrn+,
  title={LungRN+ NL: An Improved Adventitious Lung Sound Classification Using Non-Local Block ResNet Neural Network with Mixup Data Augmentation.},
  author={Ma, Yi and Xu, Xinzi and Li, Yongfu},
  booktitle={Interspeech},
  pages={2902--2906},
  year={2020}
}



12.  Automated Lung Sound Classification Using a Hybrid CNN-LSTM Network and Focal Loss Function


@article{petmezas2022automated,
  title={Automated Lung Sound Classification Using a Hybrid CNN-LSTM Network and Focal Loss Function},
  author={Petmezas, Georgios and Cheimariotis, Grigorios-Aris and Stefanopoulos, Leandros and Rocha, Bruno and Paiva, Rui Pedro and Katsaggelos, Aggelos K and Maglaveras, Nicos},
  journal={Sensors},
  volume={22},
  number={3},
  pages={1232},
  year={2022},
  publisher={MDPI}
}




13: LungAttn: Advanced Lung Sound Classification  Using Attention Mechanism with Dual TQWT and Triple STFT Spectrogram 

@article{li2021lungattn,
  title={LungAttn: advanced lung sound classification using attention mechanism with dual TQWT and triple STFT spectrogram},
  author={Li, Jizuo and Yuan, Jiajun and Wang, Hansong and Liu, Shijian and Guo, Qianyu and Ma, Yi and Li, Yongfu and Zhao, Liebin and Wang, Guoxing},
  journal={Physiological Measurement},
  volume={42},
  number={10},
  pages={105006},
  year={2021},
  publisher={IOP Publishing}
}




14:A Lightweight CNN Model for Detecting Respiratory Diseases From Lung Auscultation  Sounds Using EMD-CWT-Based  Hybrid Scalogram  

@article{shuvo2020lightweight,
  title={A lightweight cnn model for detecting respiratory diseases from lung auscultation sounds using emd-cwt-based hybrid scalogram},
  author={Shuvo, Samiul Based and Ali, Shams Nafisa and Swapnil, Soham Irtiza and Hasan, Taufiq and Bhuiyan, Mohammed Imamul Hassan},
  journal={IEEE Journal of Biomedical and Health Informatics},
  volume={25},
  number={7},
  pages={2595--2603},
  year={2020},
  publisher={IEEE}
}



15. S. Gupta, M. Agrawal, and D. Deepak, “Classification of auscultation
sounds into objective spirometry findings using mvmd and 3d cnn,” in
2022 National Conference on Communications (NCC), pp. 42–47, IEEE, 2022.



@inproceedings{gupta2022classification,
  title={Classification of Auscultation Sounds into Objective Spirometry Findings using MVMD and 3D CNN},
  author={Gupta, Sonia and Agrawal, Monika and Deepak, Desh},
  booktitle={2022 National Conference on Communications (NCC)},
  pages={42--47},
  year={2022},
  organization={IEEE}
}


16.Triple-Classification of Respiratory Sounds Using Optimized S-Transform and
Deep Residual Networks
@article{chen2019triple,
  title={Triple-classification of respiratory sounds using optimized s-transform and deep residual networks},
  author={Chen, Hai and Yuan, Xiaochen and Pei, Zhiyuan and Li, Mianjie and Li, Jianqing},
  journal={IEEE Access},
  volume={7},
  pages={32845--32852},
  year={2019},
  publisher={IEEE}
}


17: Automatic Classification of Large-Scale Respiratory Sound Dataset 
Based on Convolutional Neural Network;  Koki Minami1
, Huimin Lu1, Hyoungseop Kim1Shingo Mabu

@inproceedings{minami2019automatic,
  title={Automatic classification of large-scale respiratory sound dataset based on convolutional neural network},
  author={Minami, Koki and Lu, Huimin and Kim, Hyoungseop and Mabu, Shingo and Hirano, Yasushi and Kido, Shoji},
  booktitle={2019 19th International Conference on Control, Automation and Systems (ICCAS)},
  pages={804--807},
  year={2019},
  organization={IEEE}
}



18:LungBRN: A Smart Digital Stethoscope for
Detecting Respiratory Disease Using bi-ResNet
Deep Learning Algorithm;

@inproceedings{ma2019lungbrn,
  title={LungBRN: A smart digital stethoscope for detecting respiratory disease using bi-resnet deep learning algorithm},
  author={Ma, Yi and Xu, Xinzi and Yu, Qing and Zhang, Yuhang and Li, Yongfu and Zhao, Jian and Wang, Guoxing},
  booktitle={2019 IEEE Biomedical Circuits and Systems Conference (BioCAS)},
  pages={1--4},
  year={2019},
  organization={IEEE}
}





19:ARSC-Net: Adventitious Respiratory Sound
Classification Network Using Parallel Paths with
Channel-Spatial Attention

@inproceedings{xu2021arsc,
  title={ARSC-Net: Adventitious Respiratory Sound Classification Network Using Parallel Paths with Channel-Spatial Attention},
  author={Xu, Lei and Cheng, Jianhong and Liu, Jin and Kuang, Hulin and Wu, Fan and Wang, Jianxin},
  booktitle={2021 IEEE International Conference on Bioinformatics and Biomedicine (BIBM)},
  pages={1125--1130},
  year={2021},
  organization={IEEE}
}



20: Lung sounds classification using convolutional neural networks
Dalal Bardoua,∗, Kun Zhanga,∗, Sayed Mohammad Ahmadb

@article{bardou2018lung,
  title={Lung sounds classification using convolutional neural networks},
  author={Bardou, Dalal and Zhang, Kun and Ahmad, Sayed Mohammad},
  journal={Artificial intelligence in medicine},
  volume={88},
  pages={58--69},
  year={2018},
  publisher={Elsevier}
}




21: Gammatonegram based triple classification of lung sounds using deep 
convolutional neural network with transfer learning

@article{gupta2021gammatonegram,
  title={Gammatonegram based triple classification of lung sounds using deep convolutional neural network with transfer learning},
  author={Gupta, Sonia and Agrawal, Monika and Deepak, Desh},
  journal={Biomedical Signal Processing and Control},
  volume={70},
  pages={102947},
  year={2021},
  publisher={Elsevier}
}




22:Feature Extraction of Lung Sounds Based on Bispectrum Analysis

@inproceedings{li2010feature,
  title={Feature extraction of lung sounds based on bispectrum analysis},
  author={Li, Shengjun and Liu, Yi},
  booktitle={2010 Third International Symposium on Information Processing},
  pages={393--397},
  year={2010},
  organization={IEEE}
}




23:C. Pinho, A. Oliveira, C. Jácome, J. Rodrigues, and A. Marques, ‘‘Automatic crackle detection algorithm based on fractal dimension and boxfiltering,’’ Procedia Comput. Sci., vol. 64, pp. 705–712, Oct. 2015.  

@article{pinho2015automatic,
  title={Automatic crackle detection algorithm based on fractal dimension and box filtering},
  author={Pinho, C{\'a}tia and Oliveira, Ana and J{\'a}come, Cristina and Rodrigues, Jo{\~a}o and Marques, Alda},
  journal={Procedia Computer Science},
  volume={64},
  pages={705--712},
  year={2015},
  publisher={Elsevier}
}




24:S. Emrani, T. Gentimis, and H. Krim, ‘‘Persistent homology of delay
embeddings and its application to wheeze detection,’’ IEEE Signal Process.
Lett., vol. 21, no. 4, pp. 459–463, Apr. 2014.

@article{emrani2014persistent,
  title={Persistent homology of delay embeddings and its application to wheeze detection},
  author={Emrani, Saba and Gentimis, Thanos and Krim, Hamid},
  journal={IEEE Signal Processing Letters},
  volume={21},
  number={4},
  pages={459--463},
  year={2014},
  publisher={IEEE}
}



25: I. Sen, M. Saraclar, and Y. P. Kahya, ‘‘A comparison of SVM and GMMbased classifier configurations for diagnostic classification of pulmonary
sounds,’’ IEEE Trans. Biomed. Eng., vol. 62, no. 7, pp. 1768–1776,
Jul. 2015.

@article{sen2015comparison,
  title={A comparison of SVM and GMM-based classifier configurations for diagnostic classification of pulmonary sounds},
  author={Sen, Ipek and Saraclar, Murat and Kahya, Yasemin P},
  journal={IEEE Transactions on Biomedical Engineering},
  volume={62},
  number={7},
  pages={1768--1776},
  year={2015},
  publisher={IEEE}
}




26: A. McCallum, D. Freitag, and F. C. N. Pereira, ‘‘Maximum entropy Markov
models for information extraction and segmentation,’’ in Proc. ICML,
vol. 17, Stanford, CA, USA, 2000, pp. 591–598.

@inproceedings{mccallum2000maximum,
  title={Maximum entropy Markov models for information extraction and segmentation.},
  author={McCallum, Andrew and Freitag, Dayne and Pereira, Fernando CN},
  booktitle={Icml},
  volume={17},
  number={2000},
  pages={591--598},
  year={2000}
}


27: K. Q. Weinberger and L. K. Saul, ‘‘Distance metric learning for large
margin nearest neighbor classification,’’ J. Mach. Learn. Res., vol. 10,
pp. 207–244, Feb. 2009.

@article{weinberger2009distance,
  title={Distance metric learning for large margin nearest neighbor classification.},
  author={Weinberger, Kilian Q and Saul, Lawrence K},
  journal={Journal of machine learning research},
  volume={10},
  number={2},
  year={2009}
}



28:  G.-B. Huang, Q.-Y. Zhu, and C.-K. Siew, ‘‘Extreme learning machine:
Theory and applications,’’ Neurocomputing, vol. 70, nos. 1–3,
pp. 489–501, 2006.

@article{huang2006extreme,
  title={Extreme learning machine: theory and applications},
  author={Huang, Guang-Bin and Zhu, Qin-Yu and Siew, Chee-Kheong},
  journal={Neurocomputing},
  volume={70},
  number={1-3},
  pages={489--501},
  year={2006},
  publisher={Elsevier}
}



29.  Automatic Lung Health Screening Using Respiratory Sounds,  MUKHERJEE H, SREERAMA P, DHAR A, et al. Automatic Lung Health Screening Using Respiratory Sounds[J/OL]. Journal of Medical Systems, 2021. http://dx.doi.org/10.1007/s10916-020-01681-9. DOI:10.1007/s10916-020-01681-9.

@article{mukherjee2021automatic,
  title={Automatic lung health screening using respiratory sounds},
  author={Mukherjee, Himadri and Sreerama, Priyanka and Dhar, Ankita and Obaidullah, Sk Md and Roy, Kaushik and Mahmud, Mufti and Santosh, KC},
  journal={Journal of Medical Systems},
  volume={45},
  pages={1--9},
  year={2021},
  publisher={Springer}
}



30. Convolutional neural networks based efficient approach for classification of lung diseases, DEMIR F, SENGUR A, BAJAJ V. Convolutional neural networks based efficient approach for classification of lung diseases[J/OL]. Health Information Science and Systems, 2020. http://dx.doi.org/10.1007/s13755-019-0091-3. DOI:10.1007/s13755-019-0091-3.


@article{demir2019convolutional,
  title={Convolutional neural networks based efficient approach for classification of lung diseases},
  author={Demir, Fatih and Sengur, Abdulkadir and Bajaj, Varun},
  journal={Health information science and systems},
  volume={8},
  number={1},
  pages={4},
  year={2019},
  publisher={Springer}
}



31.  早稻田，Liu, B., Zhang, S., Takeuchi, D., Niizumi, D., Harada, N., & Makino, S. MASKED MODELING DUO VISION TRANSFORMER WITH MULTI-LAYER FEATURE FUSION ON RESPIRATORY SOUND CLASSIFICATION.


@article{liumasked,
  title={MASKED MODELING DUO VISION TRANSFORMER WITH MULTI-LAYER FEATURE FUSION ON RESPIRATORY SOUND CLASSIFICATION},
  author={Liu, Boxin and Zhang, Shiqi and Takeuchi, Daiki and Niizumi, Daisuke and Harada, Noboru and Makino, Shoji}
}



32.  XIE J Y, GIRSHICK R, FARHADI A. Unsupervised Deep Em
bedding for Clustering Analysis / / Proc of the 33rd International
Conference on Machine Learning. New York, USA: ACM, 2016:
478-487.


@inproceedings{xie2016unsupervised,
  title={Unsupervised deep embedding for clustering analysis},
  author={Xie, Junyuan and Girshick, Ross and Farhadi, Ali},
  booktitle={International conference on machine learning},
  pages={478--487},
  year={2016},
  organization={PMLR}
}



 33.深度K-means (DKM)、FARD M M, THONET T, GAUSSIER E. Deep kmeans: JointlyClustering with kmeans and Learning Representations. Pattern Recognition Letters, 2020, 138: 185-192.
 
@article{fard2020deep,
  title={Deep k-means: Jointly clustering with k-means and learning representations},
  author={Fard, Maziar Moradi and Thonet, Thibaut and Gaussier, Eric},
  journal={Pattern Recognition Letters},
  volume={138},
  pages={185--192},
  year={2020},
  publisher={Elsevier}
}



34.  Joint unsupervised learning, JULE)[12]：YANG J W, PARIKH D, BATRA D. Joint Unsupervised Learning
of Deep Representations and Image Clusters / / Proc of the IEEE
Conference on Computer Vision and Pattern Recognition. Washington, USA: IEEE, 2016: 5147-5156.

@inproceedings{yang2016joint,
  title={Joint unsupervised learning of deep representations and image clusters},
  author={Yang, Jianwei and Parikh, Devi and Batra, Dhruv},
  booktitle={Proceedings of the IEEE conference on computer vision and pattern recognition},
  pages={5147--5156},
  year={2016}
}


35. Chang et al  CHANG J L, WANG L F, MENG G F, et al. Deep Adaptive Image Clustering / / Proc of the IEEE International Conference on
Computer Vision. Washington, USA: IEEE, 2017: 5880-5888.


@inproceedings{chang2017deep,
  title={Deep adaptive image clustering},
  author={Chang, Jianlong and Wang, Lingfeng and Meng, Gaofeng and Xiang, Shiming and Pan, Chunhong},
  booktitle={Proceedings of the IEEE international conference on computer vision},
  pages={5879--5887},
  year={2017}
}



36.  自适应自定步长聚类(ASPC)[19]借鉴硬加权自定步长学习方法：GUO X F, LIU X W, ZHU E, et al. Adaptive Selfpaced Deep
Clustering with Data Augmentation. IEEE Transactions on Knowledge and Data Engineering, 2020, 32(9): 1680-1693.


@article{guo2019adaptive,
  title={Adaptive self-paced deep clustering with data augmentation},
  author={Guo, Xifeng and Liu, Xinwang and Zhu, En and Zhu, Xinzhong and Li, Miaomiao and Xu, Xin and Yin, Jianping},
  journal={IEEE Transactions on Knowledge and Data Engineering},
  volume={32},
  number={9},
  pages={1680--1693},
  year={2019},
  publisher={IEEE}
}




37.Zhang, H., Zhan, T., Basu, S., & Davidson, I. (2021). A framework for deep constrained clustering. Data Mining and Knowledge Discovery, 35, 593-620.

@article{zhang2021framework,
  title={A framework for deep constrained clustering},
  author={Zhang, Hongjing and Zhan, Tianyang and Basu, Sugato and Davidson, Ian},
  journal={Data Mining and Knowledge Discovery},
  volume={35},
  pages={593--620},
  year={2021},
  publisher={Springer}
}




38.  Agglomerative Constrained Clustering Through Similarity and Distance，

@inproceedings{gonzalez2020agglomerative,
  title={Agglomerative Constrained Clustering Through Similarity and Distance Recalculation},
  author={Gonz{\'a}lez-Almagro, Germ{\'a}n and Suarez, Juan Luis and Luengo, Juli{\'a}n and Cano, Jos{\'e}-Ram{\'o}n and Garc{\'\i}a, Salvador},
  booktitle={International Conference on Hybrid Artificial Intelligence Systems},
  pages={424--436},
  year={2020}
}



39. Patch-level contrastive embedding learning for respiratory sound classification,

@article{song2023patch,
  title={Patch-level contrastive embedding learning for respiratory sound classification},
  author={Song, Wenjie and Han, Jiqing},
  journal={Biomedical Signal Processing and Control},
  volume={80},
  pages={104338},
  year={2023},
  publisher={Elsevier}
}




40.CONTRASTIVE EMBEDDIND LEARNING METHOD FOR RESPIRATORY SOUND CLASSIFICATION； Wenjie Song,】 
@inproceedings{song2021contrastive,
  title={Contrastive embeddind learning method for respiratory sound classification},
  author={Song, Wenjie and Han, Jiqing and Song, Hongwei},
  booktitle={ICASSP 2021-2021 IEEE International Conference on Acoustics, Speech and Signal Processing (ICASSP)},
  pages={1275--1279},
  year={2021},
  organization={IEEE}
}




41.  Patch-Mix Contrastive Learning with Audio Spectrogram Transformer on Respiratory Sound Classification

@article{bae2023patch,
  title={Patch-Mix Contrastive Learning with Audio Spectrogram Transformer on Respiratory Sound Classification},
  author={Bae, S and Kim, J and Cho, W and Baek, H and Son, S and Lee, B and Ha, C and Tae, K and Kim, S and Yun, S},
  year={2023}
}


42.   Moummad I, Farrugia N. Pretraining respiratory sound representations using metadata and contrastive learning[C]//2023 IEEE Workshop on Applications of Signal Processing to Audio and Acoustics (WASPAA). IEEE, 2023: 1-5.

@inproceedings{moummad2023pretraining,
  title={Pretraining respiratory sound representations using metadata and contrastive learning},
  author={Moummad, Ilyass and Farrugia, Nicolas},
  booktitle={2023 IEEE Workshop on Applications of Signal Processing to Audio and Acoustics (WASPAA)},
  pages={1--5},
  year={2023},
  organization={IEEE}
}


43.  SE+SA [] ResNet18 -  81.25 17.84 49.55   Z. Yang, S. Liu, M. Song, E. Parada-Cabaleiro, and B. W.  Schuller,
 “Adventitious respiratory classification using attentive  residual neural networks,” in Interspeech, 2020.

@article{yang2020adventitious,
  title={Adventitious respiratory classification using attentive residual neural networks},
  author={Yang, Zijiang and Liu, Shuo and Song, Meishu and Parada-Cabaleiro, Emilia and Schuller, Bj{\"o}rn W},
  year={2020}
}



44.  CNN-MoE, C-DNN - JBHI‘21 72.40 21.50 47.00
L. Pham, H. Phan, R. Palaniappan, A. Mertins, and I. McLoughlin, “Cnn-moe based framework for classification of respiratory
anomalies and lung disease detection,” IEEE journal of biomedical and health informatics, vol. 25, no. 8, pp. 2938–2947, 2021.

@article{pham2021cnn,
  title={CNN-MoE based framework for classification of respiratory anomalies and lung disease detection},
  author={Pham, Lam and Phan, Huy and Palaniappan, Ramaswamy and Mertins, Alfred and McLoughlin, Ian},
  journal={IEEE journal of biomedical and health informatics},
  volume={25},
  number={8},
  pages={2938--2947},
  year={2021},
  publisher={IEEE}
}



45.  Ren et al.  CNN8-Pt - ICASSP‘22 72.96 27.78 50.37
Z. Ren, T. T. Nguyen, and W. Nejdl, “Prototype learning for interpretable respiratory sound analysis,” in ICASSP 2022-2022 IEEE
International Conference on Acoustics, Speech and Signal Processing (ICASSP). IEEE, 2022, pp. 9087–9091

@inproceedings{ren2022prototype,
  title={Prototype learning for interpretable respiratory sound analysis},
  author={Ren, Zhao and Nguyen, Thanh Tam and Nejdl, Wolfgang},
  booktitle={ICASSP 2022-2022 IEEE International Conference on Acoustics, Speech and Signal Processing (ICASSP)},
  pages={9087--9091},
  year={2022},
  organization={IEEE}
}



46. Chang et al.  CNN8-dilated - INTERSPEECH‘22 69.92 35.85 52.89
Chang et al.  ResNet-dilated - INTERSPEECH‘22 50.22 51.83 51.02
Y. Chang, Z. Ren, T. T. Nguyen, W. Nejdl, and B. W. Schuller,
“Example-based Explanations with Adversarial Attacks for Respiratory Sound Analysis,” in Proc. Interspeech 2022, 2022, pp.
4003–4007.

@article{chang2022example,
  title={Example-based Explanations with Adversarial Attacks for Respiratory Sound Analysis},
  author={Chang, Yi and Ren, Zhao and Nguyen, Thanh Tam and Nejdl, Wolfgang and Schuller, Bj{\"o}rn W},
  year={2022}
}




47. Wang et al.  (Splice) ResNeSt IN ICASSP‘22 70.40 40.20 55.30
Z. Wang and Z. Wang, “A domain transfer based data augmentation method for automated respiratory classification,” in ICASSP
2022-2022 IEEE International Conference on Acoustics, Speech  and Signal Processing (ICASSP). IEEE, 2022, pp. 9017–9021
@inproceedings{wang2022domain,
  title={A domain transfer based data augmentation method for automated respiratory classification},
  author={Wang, Zijie and Wang, Zhao},
  booktitle={ICASSP 2022-2022 IEEE International Conference on Acoustics, Speech and Signal Processing (ICASSP)},
  pages={9017--9021},
  year={2022},
  organization={IEEE}
}


48. Late-Fusion Inc-03 + VGG14 IN EMBC‘22 85.60 30.00 57.30
L. Pham, D. Ngo, K. Tran, T. Hoang, A. Schindler, and
I. McLoughlin, “An ensemble of deep learning frameworks for
predicting respiratory anomalies,” in 2022 44th Annual International Conference of the IEEE Engineering in Medicine and Biology Society (EMBC), 2022, pp. 4595–4598.

@inproceedings{pham2022ensemble,
  title={An Ensemble of Deep Learning Frameworks for Predicting Respiratory Anomalies.},
  author={Pham, L and Ngo, D and Tran, K and Hoang, T and Schindler, A and McLoughlin, I},
  booktitle={Annual International Conference of the IEEE Engineering in Medicine and Biology Society. IEEE Engineering in Medicine and Biology Society. Annual International Conference},
  volume={2022},
  pages={4595--4598},
  year={2022}
}


49. Nguyen et al. (StochNorm) ResNet50 IN TBME‘22 78.86 36.40 57.63
Nguyen et al.  (CoTuning) ResNet50 IN TBME‘22 79.34 37.24 58.29*
T. Nguyen and F. Pernkopf, “Lung sound classification using co-tuning and stochastic normalization,” IEEE Transactions on
Biomedical Engineering, vol. 69, no. 9, pp. 2872–2882, 2022.

@article{nguyen2022lung,
  title={Lung sound classification using co-tuning and stochastic normalization},
  author={Nguyen, Truc and Pernkopf, Franz},
  journal={IEEE Transactions on Biomedical Engineering},
  volume={69},
  number={9},
  pages={2872--2882},
  year={2022},
  publisher={IEEE}
}



50.  Acharya et al. 84.1% 48.6% 66.3%
Jyotibdha Acharya and Arindam Basu. Deep neural network  for respiratory sound classification in wearable devices enabled by patient specific model tuning. IEEE Transactions on
Biomedical Circuits and Systems, PP:1–1, 03 2020.

@article{acharya2020deep,
  title={Deep neural network for respiratory sound classification in wearable devices enabled by patient specific model tuning},
  author={Acharya, Jyotibdha and Basu, Arindam},
  journal={IEEE transactions on biomedical circuits and systems},
  volume={14},
  number={3},
  pages={535--544},
  year={2020},
  publisher={IEEE}
}




51.  Kochetov et al.  73.0% 58.4% 65.7 %
Kirill Kochetov, Evgeny Putin, Maksim Balashov, Andrey
Filchenkov, and Anatoly Shalyto. Noise Masking Recurrent  Neural Network for Respiratory Sound Classification: 27th International Conference on Artificial Neural Networks, Rhodes, Greece, October 4–7, 2018, Proceedings, Part III, pages 208–217. 10 2018. ISBN 978-3-030-01423-0.

@inproceedings{kochetov2018noise,
  title={Noise masking recurrent neural network for respiratory sound classification},
  author={Kochetov, Kirill and Putin, Evgeny and Balashov, Maksim and Filchenkov, Andrey and Shalyto, Anatoly},
  booktitle={Artificial Neural Networks and Machine Learning--ICANN 2018: 27th International Conference on Artificial Neural Networks, Rhodes, Greece, October 4-7, 2018, Proceedings, Part III 27},
  pages={208--217},
  year={2018},
  organization={Springer}
}


52. Diagnosis of COVID-19 via acoustic analysis and artificial intelligence by 
monitoring breath sounds on smartphones 
@article{chen2022diagnosis,
  title={Diagnosis of COVID-19 via acoustic analysis and artificial intelligence by monitoring breath sounds on smartphones},
  author={Chen, Zhiang and Li, Muyun and Wang, Ruoyu and Sun, Wenzhuo and Liu, Jiayi and Li, Haiyang and Wang, Tianxin and Lian, Yuan and Zhang, Jiaqian and Wang, Xinheng},
  journal={Journal of Biomedical Informatics},
  volume={130},
  pages={104078},
  year={2022},
  publisher={Elsevier}
}



@article{shakeel2023survey,
  title={A survey on COVID-19 impact in the healthcare domain: worldwide market implementation, applications, security and privacy issues, challenges and future prospects},
  author={Shakeel, Tanzeela and Habib, Shaista and Boulila, Wadii and Koubaa, Anis and Javed, Abdul Rehman and Rizwan, Muhammad and Gadekallu, Thippa Reddy and Sufiyan, Mahmood},
  journal={Complex \& intelligent systems},
  volume={9},
  number={1},
  pages={1027--1058},
  year={2023},
  publisher={Springer}
}


53. Abnormal respiratory event detection in sleep: A prescreening system with
smart wearables。

@article{camci2019abnormal,
  title={Abnormal respiratory event detection in sleep: A prescreening system with smart wearables},
  author={Camc{\i}, Bur{\c{c}}in and Ersoy, Cem and Kaynak, Hakan},
  journal={Journal of biomedical informatics},
  volume={95},
  pages={103218},
  year={2019},
  publisher={Elsevier}
}


54. Y. Chu, P. Li, Y. Bai, Z. Hu, Y. Chen, and J. Lu, “Group channel pruning
and spatial attention distilling for object detection,” Applied Intelligence,
pp. 1–19, 2022.


@article{chu2022group,
  title={Group channel pruning and spatial attention distilling for object detection},
  author={Chu, Yun and Li, Pu and Bai, Yong and Hu, Zhuhua and Chen, Yongqing and Lu, Jiafeng},
  journal={Applied Intelligence},
  volume={52},
  number={14},
  pages={16246--16264},
  year={2022},
  publisher={Springer}
}

13: J. Gnitecki and Z. M. Moussavi, ‘‘Separating heart sounds from lung
sounds,’’ IEEE Eng. Med. Biol. Mag., vol. 26, no. 1, p. 20, Jun. 2007

@article{gnitecki2007separating,
  title={Separating heart sounds from lung sounds},
  author={Gnitecki, January and Moussavi, Zahra MK},
  journal={IEEE Engineering in medicine and biology magazine},
  volume={26},
  number={1},
  pages={20},
  year={2007},
  publisher={IEEE; 1999}
}




14:Extraction of Adventitious Sounds from Noisy  Lung Sound using VMD-KLD and VMD-JSD
@inproceedings{gupta2019extraction,
  title={Extraction of Adventitious Sounds from Noisy Lung Sound using VMD-KLD and VMD-JSD},
  author={Gupta, Sonia and Agrawal, Monika and Deepak, Desh},
  booktitle={TENCON 2019-2019 IEEE Region 10 Conference (TENCON)},
  pages={1071--1075},
  year={2019},
  organization={IEEE}
}


.

@inproceedings{perna2019deep,
  title={Deep auscultation: Predicting respiratory anomalies and diseases via recurrent neural networks},
  author={Perna, Diego and Tagarelli, Andrea},
  booktitle={2019 IEEE 32nd International Symposium on Computer-Based Medical Systems (CBMS)},
  pages={50--55},
  year={2019},
  organization={IEEE}
}
	







36: Lung Sound Recognition Algorithm
Based on VGGish-BiGRU;
@article{shi2019lung,
  title={Lung sound recognition algorithm based on vggish-bigru},
  author={Shi, Lukui and Du, Kang and Zhang, Chaozong and Ma, Hongqi and Yan, Wenjie},
  journal={IEEE Access},
  volume={7},
  pages={139438--139449},
  year={2019},
  publisher={IEEE}
}




16: A Lightweight CNN Model for Detecting
Respiratory Diseases From Lung Auscultation
Sounds Using EMD-CWT-Based
Hybrid Scalogram




															
35:Deep Neural Network for Respiratory Sound Classification in Wearable
Devices Enabled by Patient Specific Model Tuning




@article{chu2022group,
  title={Group channel pruning and spatial attention distilling for object detection},
  author={Chu, Yun and Li, Pu and Bai, Yong and Hu, Zhuhua and Chen, Yongqing and Lu, Jiafeng},
  journal={Applied Intelligence},
  pages={1--19},
  year={2022},
  publisher={Springer}
}




@inproceedings{zhang2022spectrogram,
  title={Spectrogram Transformers for Audio Classification},
  author={Zhang, Yixiao and Li, Baihua and Fang, Hui and Meng, Qinggang},
  booktitle={2022 IEEE International Conference on Imaging Systems and Techniques (IST)},
  pages={1--6},
  year={2022},
  organization={IEEE}
}



@inproceedings{jakovljevic2017hidden,
  title={Hidden markov model based respiratory sound classification},
  author={Jakovljevi{\'c}, Nik{\v{s}}a and Lon{\v{c}}ar-Turukalo, Tatjana},
  booktitle={International Conference on Biomedical and Health Informatics},
  pages={39--43},
  year={2017},
  organization={Springer}
}


@inproceedings{chambres2018automatic,
  title={Automatic detection of patient with respiratory diseases using lung sound analysis},
  author={Chambres, Ga{\"e}tan and Hanna, Pierre and Desainte-Catherine, Myriam},
  booktitle={2018 International Conference on Content-Based Multimedia Indexing (CBMI)},
  pages={1--6},
  year={2018},
  organization={IEEE}
}


@article{ulukaya2019wheeze,
  title={Wheeze type classification using non-dyadic wavelet transform based optimal energy ratio technique},
  author={Ulukaya, Sezer and Serbes, Gorkem and Kahya, Yasemin P},
  journal={Computers in biology and medicine},
  volume={104},
  pages={175--182},
  year={2019},
  publisher={Elsevier}
}



@article{deng2020one,
  title={One stone two birds: Zr-Fc metal--organic framework nanosheet for synergistic photothermal and chemodynamic cancer therapy},
  author={Deng, Zheng and Fang, Chao and Ma, Xu and Li, Xiang and Zeng, Yu-Jia and Peng, Xinsheng},
  journal={ACS applied materials \& interfaces},
  volume={12},
  number={18},
  pages={20321--20330},
  year={2020},
  publisher={ACS Publications}
}




