@article{bae2023patch,
  title={Patch-Mix Contrastive Learning with Audio Spectrogram Transformer on Respiratory Sound Classification},
  author={Bae, S and Kim, J and Cho, W and Baek, H and Son, S and Lee, B and Ha, C and Tae, K and Kim, S and Yun, S},
  year={2023}
}

@inproceedings{chang2017deep,
  title={Deep adaptive image clustering},
  author={Chang, Jianlong and Wang, Lingfeng and Meng, Gaofeng and Xiang, Shiming and Pan, Chunhong},
  booktitle={Proceedings of the IEEE international conference on computer vision},
  pages={5879--5887},
  year={2017}
}

@article{fard2020deep,
  title={Deep k-means: Jointly clustering with k-means and learning representations},
  author={Fard, Maziar Moradi and Thonet, Thibaut and Gaussier, Eric},
  journal={Pattern Recognition Letters},
  volume={138},
  pages={185--192},
  year={2020},
  publisher={Elsevier}
}

@inproceedings{gonzalez2020agglomerative,
  title={Agglomerative Constrained Clustering Through Similarity and Distance Recalculation},
  author={Gonz{\'a}lez-Almagro, Germ{\'a}n and Suarez, Juan Luis and Luengo, Juli{\'a}n and Cano, Jos{\'e}-Ram{\'o}n and Garc{\'\i}a, Salvador},
  booktitle={International Conference on Hybrid Artificial Intelligence Systems},
  pages={424--436},
  year={2020}
}

@article{guo2019adaptive,
  title={Adaptive self-paced deep clustering with data augmentation},
  author={Guo, Xifeng and Liu, Xinwang and Zhu, En and Zhu, Xinzhong and Li, Miaomiao and Xu, Xin and Yin, Jianping},
  journal={IEEE Transactions on Knowledge and Data Engineering},
  volume={32},
  number={9},
  pages={1680--1693},
  year={2019},
  publisher={IEEE}
}

@inproceedings{kim2024stethoscope,
  title={Stethoscope-Guided Supervised Contrastive Learning for Cross-Domain Adaptation on Respiratory Sound Classification},
  author={Kim, June-Woo and Bae, Sangmin and Cho, Won-Yang and Lee, Byungjo and Jung, Ho-Young},
  booktitle={ICASSP 2024-2024 IEEE International Conference on Acoustics, Speech and Signal Processing (ICASSP)},
  pages={1431--1435},
  year={2024},
  organization={IEEE}
}

@inproceedings{moummad2023pretraining,
  title={Pretraining respiratory sound representations using metadata and contrastive learning},
  author={Moummad, Ilyass and Farrugia, Nicolas},
  booktitle={2023 IEEE Workshop on Applications of Signal Processing to Audio and Acoustics (WASPAA)},
  pages={1--5},
  year={2023},
  organization={IEEE}
}

@inproceedings{song2021contrastive,
  title={Contrastive embeddind learning method for respiratory sound classification},
  author={Song, Wenjie and Han, Jiqing and Song, Hongwei},
  booktitle={ICASSP 2021-2021 IEEE International Conference on Acoustics, Speech and Signal Processing (ICASSP)},
  pages={1275--1279},
  year={2021},
  organization={IEEE}
}

@article{song2023patch,
  title={Patch-level contrastive embedding learning for respiratory sound classification},
  author={Song, Wenjie and Han, Jiqing},
  journal={Biomedical Signal Processing and Control},
  volume={80},
  pages={104338},
  year={2023},
  publisher={Elsevier}
}

@inproceedings{xie2016unsupervised,
  title={Unsupervised deep embedding for clustering analysis},
  author={Xie, Junyuan and Girshick, Ross and Farhadi, Ali},
  booktitle={International conference on machine learning},
  pages={478--487},
  year={2016},
  organization={PMLR}
}

@inproceedings{yang2016joint,
  title={Joint unsupervised learning of deep representations and image clusters},
  author={Yang, Jianwei and Parikh, Devi and Batra, Dhruv},
  booktitle={Proceedings of the IEEE conference on computer vision and pattern recognition},
  pages={5147--5156},
  year={2016}
}

@article{zhang2021framework,
  title={A framework for deep constrained clustering},
  author={Zhang, Hongjing and Zhan, Tianyang and Basu, Sugato and Davidson, Ian},
  journal={Data Mining and Knowledge Discovery},
  volume={35},
  pages={593--620},
  year={2021},
  publisher={Springer}
}

