@article{candes2014towards,
  title={Towards a mathematical theory of super-resolution},
  author={Cand{\`e}s, Emmanuel J and Fernandez-Granda, Carlos},
  journal={Communications on pure and applied Mathematics},
  volume={67},
  number={6},
  pages={906--956},
  year={2014},
  publisher={Wiley Online Library}
}

@article{cloninger2020cautious,
  title={Cautious active clustering},
  author={Cloninger, Alexander and Mhaskar, Hrushikesh Narhar},
  journal={Applied and Computational Harmonic Analysis},
  volume={54},
  pages={44--74},
  year={2021},
  publisher={Elsevier}
}

@article{dasgupta2011two,
  title={Two faces of active learning},
  author={Dasgupta, Sanjoy},
  journal={Theoretical computer science},
  volume={412},
  number={19},
  pages={1767--1781},
  year={2011},
  publisher={Elsevier}
}

@article{settles2009active,
  title={Active learning literature survey},
  author={Settles, Burr},
  year={2009},
  publisher={University of Wisconsin-Madison Department of Computer Sciences}
}

@article{tang2013compressed,
  title={Compressed sensing off the grid},
  author={Tang, Gongguo and Bhaskar, Badri Narayan and Shah, Parikshit and Recht, Benjamin},
  journal={IEEE transactions on information theory},
  volume={59},
  number={11},
  pages={7465--7490},
  year={2013},
  publisher={IEEE}
}

