@inproceedings{Zheng_2022, series={CHI ’22},
   title={UX Research on Conversational Human-AI Interaction: A Literature Review of the ACM Digital Library},
   url={http://dx.doi.org/10.1145/3491102.3501855},
   DOI={10.1145/3491102.3501855},
   booktitle={CHI Conference on Human Factors in Computing Systems},
   publisher={ACM},
   author={Zheng, Qingxiao and Tang, Yiliu and Liu, Yiren and Liu, Weizi and Huang, Yun},
   year={2022},
   month=apr, collection={CHI ’22} }

@misc{cotra2021Whyaialignmentcouldbehardwithmoderndeeplearning,  title={Why ai alignment could be hard with modern
deep learning}, 
author={
    Ajeya Cotra}, 
year={2021},
archivePrefix={Cold Takes},
url={https://www.cold-takes.com/why-ai-alignment-could-be-hard-with-modern-deep-learning/}
}

@misc{laban2024surechallengingllmsleads,
      title={Are You Sure? Challenging LLMs Leads to Performance Drops in The FlipFlop Experiment}, 
      author={Philippe Laban and Lidiya Murakhovs'ka and Caiming Xiong and Chien-Sheng Wu},
      year={2024},
      eprint={2311.08596},
      archivePrefix={arXiv},
      primaryClass={cs.CL},
      url={https://arxiv.org/abs/2311.08596}, 
}

@misc{lin2022truthfulqameasuringmodelsmimic,
      title={TruthfulQA: Measuring How Models Mimic Human Falsehoods}, 
      author={Stephanie Lin and Jacob Hilton and Owain Evans},
      year={2022},
      eprint={2109.07958},
      archivePrefix={arXiv},
      primaryClass={cs.CL},
      url={https://arxiv.org/abs/2109.07958}, 
}

@misc{malmqvist2024sycophancylargelanguagemodels,
      title={Sycophancy in Large Language Models: Causes and Mitigations}, 
      author={Lars Malmqvist},
      year={2024},
      eprint={2411.15287},
      archivePrefix={arXiv},
      primaryClass={cs.CL},
      url={https://arxiv.org/abs/2411.15287}, 
}

@misc{miehling2024languagemodelsdialogueconversational,
      title={Language Models in Dialogue: Conversational Maxims for Human-AI Interactions}, 
      author={Erik Miehling and Manish Nagireddy and Prasanna Sattigeri and Elizabeth M. Daly and David Piorkowski and John T. Richards},
      year={2024},
      eprint={2403.15115},
      archivePrefix={arXiv},
      primaryClass={cs.CL},
      url={https://arxiv.org/abs/2403.15115}, 
}

@misc{sharma2023understandingsycophancylanguagemodels,
      title={Towards Understanding Sycophancy in Language Models}, 
      author={Mrinank Sharma and Meg Tong and Tomasz Korbak and David Duvenaud and Amanda Askell and Samuel R. Bowman and Newton Cheng and Esin Durmus and Zac Hatfield-Dodds and Scott R. Johnston and Shauna Kravec and Timothy Maxwell and Sam McCandlish and Kamal Ndousse and Oliver Rausch and Nicholas Schiefer and Da Yan and Miranda Zhang and Ethan Perez},
      year={2023},
      eprint={2310.13548},
      archivePrefix={arXiv},
      primaryClass={cs.CL},
      url={https://arxiv.org/abs/2310.13548}, 
}

@misc{sirdeshmukh2025multichallengerealisticmultiturnconversation,
      title={MultiChallenge: A Realistic Multi-Turn Conversation Evaluation Benchmark Challenging to Frontier LLMs}, 
      author={Ved Sirdeshmukh and Kaustubh Deshpande and Johannes Mols and Lifeng Jin and Ed-Yeremai Cardona and Dean Lee and Jeremy Kritz and Willow Primack and Summer Yue and Chen Xing},
      year={2025},
      eprint={2501.17399},
      archivePrefix={arXiv},
      primaryClass={cs.CL},
      url={https://arxiv.org/abs/2501.17399}, 
}

@misc{wei2024simplesyntheticdatareduces,
      title={Simple synthetic data reduces sycophancy in large language models}, 
      author={Jerry Wei and Da Huang and Yifeng Lu and Denny Zhou and Quoc V. Le},
      year={2024},
      eprint={2308.03958},
      archivePrefix={arXiv},
      primaryClass={cs.CL},
      url={https://arxiv.org/abs/2308.03958}, 
}

