%%%%%%%%%%%%%%%%%%%%%%%%%%%%%%%%%%
% 0. Diffusion
% 1. Diffuser
% 2. MCTS
% 3. Offline RL (Baselines in ogbench)
% 4. Benchmark
% 5. etc


%%%%%%%%%%%%%%%%%%%%%%%%%%%%%%%%%%
% 0. Diffusion
@inproceedings{diffusion,
  title={Deep unsupervised learning using nonequilibrium thermodynamics},
  author={Sohl-Dickstein, Jascha and Weiss, Eric and Maheswaranathan, Niru and Ganguli, Surya},
  booktitle={International conference on machine learning},
  pages={2256--2265},
  year={2015},
  organization={PMLR}
}

@article{ddpm,
  title={Denoising diffusion probabilistic models},
  author={Ho, Jonathan and Jain, Ajay and Abbeel, Pieter},
  journal={Advances in neural information processing systems},
  volume={33},
  pages={6840--6851},
  year={2020}
}

@article{zhang2024rest,
  title={Rest-mcts*: Llm self-training via process reward guided tree search},
  author={Zhang, Dan and Zhoubian, Sining and Hu, Ziniu and Yue, Yisong and Dong, Yuxiao and Tang, Jie},
  journal={arXiv preprint arXiv:2406.03816},
  year={2024}
}

@article{ToT,
  title={Tree of thoughts: Deliberate problem solving with large language models},
  author={Yao, Shunyu and Yu, Dian and Zhao, Jeffrey and Shafran, Izhak and Griffiths, Tom and Cao, Yuan and Narasimhan, Karthik},
  journal={Advances in Neural Information Processing Systems},
  volume={36},
  year={2024}
}

@article{xiang2025towards,
  title={Towards System 2 Reasoning in LLMs: Learning How to Think With Meta Chain-of-Though},
  author={Xiang, Violet and Snell, Charlie and Gandhi, Kanishk and Albalak, Alon and Singh, Anikait and Blagden, Chase and Phung, Duy and Rafailov, Rafael and Lile, Nathan and Mahan, Dakota and others},
  journal={arXiv preprint arXiv:2501.04682},
  year={2025}
}

@article{ddim,
  title={Denoising diffusion implicit models},
  author={Song, Jiaming and Meng, Chenlin and Ermon, Stefano},
  journal={arXiv preprint arXiv:2010.02502},
  year={2020}
}

@article{classifier_guided,
  title={Diffusion models beat gans on image synthesis},
  author={Dhariwal, Prafulla and Nichol, Alexander},
  journal={Advances in neural information processing systems},
  volume={34},
  pages={8780--8794},
  year={2021}
}

@article{classifier_free,
  title={Classifier-free diffusion guidance},
  author={Ho, Jonathan and Salimans, Tim},
  journal={arXiv preprint arXiv:2207.12598},
  year={2022}
}

@inproceedings{0_latent_diffusion_model2022ldm,
  title={High-resolution image synthesis with latent diffusion models},
  author={Rombach, Robin and Blattmann, Andreas and Lorenz, Dominik and Esser, Patrick and Ommer, Bj{\"o}rn},
  booktitle={Proceedings of the IEEE/CVF conference on computer vision and pattern recognition},
  pages={10684--10695},
  year={2022}
}

@article{diffusion_inference_time_scaling,
  title={A General Framework for Inference-time Scaling and Steering of Diffusion Models},
  author={Singhal, Raghav and Horvitz, Zachary and Teehan, Ryan and Ren, Mengye and Yu, Zhou and McKeown, Kathleen and Ranganath, Rajesh},
  journal={arXiv preprint arXiv:2501.06848},
  year={2025}
}


%%%%%%%%%%%%%%%%%%%%%%%%%%%%%%%%%%
% 1. Diffusion-based Planners or Value Learning
@article{diffuser,
  title={Planning with diffusion for flexible behavior synthesis},
  author={Janner, Michael and Du, Yilun and Tenenbaum, Joshua B and Levine, Sergey},
  journal={arXiv preprint arXiv:2205.09991},
  year={2022}
}

@article{diffusion_forcing,
  title={Diffusion forcing: Next-token prediction meets full-sequence diffusion},
  author={Chen, Boyuan and Monso, Diego Marti and Du, Yilun and Simchowitz, Max and Tedrake, Russ and Sitzmann, Vincent},
  journal={arXiv preprint arXiv:2407.01392},
  year={2024}
}

@article{pgd,
  title={Policy-guided diffusion},
  author={Jackson, Matthew Thomas and Matthews, Michael Tryfan and Lu, Cong and Ellis, Benjamin and Whiteson, Shimon and Foerster, Jakob},
  journal={arXiv preprint arXiv:2404.06356},
  year={2024}
}

@article{1_imitating_diffuser,
  title={Imitating human behaviour with diffusion models},
  author={Pearce, Tim and Rashid, Tabish and Kanervisto, Anssi and Bignell, Dave and Sun, Mingfei and Georgescu, Raluca and Macua, Sergio Valcarcel and Tan, Shan Zheng and Momennejad, Ida and Hofmann, Katja and others},
  journal={arXiv preprint arXiv:2301.10677},
  year={2023}
}

@article{1_diffusion_policy,
  title={Diffusion policy: Visuomotor policy learning via action diffusion},
  author={Chi, Cheng and Xu, Zhenjia and Feng, Siyuan and Cousineau, Eric and Du, Yilun and Burchfiel, Benjamin and Tedrake, Russ and Song, Shuran},
  journal={The International Journal of Robotics Research},
  pages={02783649241273668},
  publisher={SAGE Publications Sage UK: London, England}
}

@article{dql,
  title={Diffusion policies as an expressive policy class for offline reinforcement learning},
  author={Wang, Zhendong and Hunt, Jonathan J and Zhou, Mingyuan},
  journal={arXiv preprint arXiv:2208.06193},
  year={2022}
}

% hierarchical
@article{hd,
  title={Simple hierarchical planning with diffusion},
  author={Chen, Chang and Deng, Fei and Kawaguchi, Kenji and Gulcehre, Caglar and Ahn, Sungjin},
  journal={arXiv preprint arXiv:2401.02644},
  year={2024}
}
@article{plandq,
  title={PlanDQ: Hierarchical Plan Orchestration via D-Conductor and Q-Performer},
  author={Chen, Chang and Baek, Junyeob and Deng, Fei and Kawaguchi, Kenji and Gulcehre, Caglar and Ahn, Sungjin},
  journal={arXiv preprint arXiv:2406.06793},
  year={2024}
}
@article{hmd,
  title={Hierarchical Multiscale Diffuser for Extendable Long-Horizon Planning},
  author={Chen, Chang and Hamed, Hany and Baek, Doojin and Bengio, Yoshua and Ahn, Sungjin}
}

% classifier-free, did do sample-score-rank
@article{d-mpc,
  title={Diffusion model predictive control},
  author={Zhou, Guangyao and Swaminathan, Sivaramakrishnan and Raju, Rajkumar Vasudeva and Guntupalli, J Swaroop and Lehrach, Wolfgang and Ortiz, Joseph and Dedieu, Antoine and L{\'a}zaro-Gredilla, Miguel and Murphy, Kevin},
  journal={arXiv preprint arXiv:2410.05364},
  year={2024}
}

% classifier-free
@article{decisiondiffuer,
  title={Is conditional generative modeling all you need for decision-making?},
  author={Ajay, Anurag and Du, Yilun and Gupta, Abhi and Tenenbaum, Joshua and Jaakkola, Tommi and Agrawal, Pulkit},
  journal={arXiv preprint arXiv:2211.15657},
  year={2022}
}

% implicit-mcts
@inproceedings{
anonymous2024implicit,
title={Implicit Search via Discrete Diffusion: A Study on Chess},
author={Anonymous},
booktitle={Submitted to The Thirteenth International Conference on Learning Representations},
year={2024},
url={https://openreview.net/forum?id=A9y3LFX4ds},
note={under review}
}

%%%%%%%%%%%%%%%%%%%%%%%%%%%%%%%%%%
% 2. MCTS
@inproceedings{mcts,
  title={Efficient selectivity and backup operators in Monte-Carlo tree search},
  author={Coulom, R{\'e}mi},
  booktitle={International conference on computers and games},
  pages={72--83},
  year={2006},
  organization={Springer}
}

@article{mcts_alphago,
  title={Mastering the game of Go with deep neural networks and tree search},
  author={Silver, David and Huang, Aja and Maddison, Chris J and Guez, Arthur and Sifre, Laurent and Van Den Driessche, George and Schrittwieser, Julian and Antonoglou, Ioannis and Panneershelvam, Veda and Lanctot, Marc and others},
  journal={nature},
  volume={529},
  number={7587},
  pages={484--489},
  year={2016},
  publisher={Nature Publishing Group}
}

@article{2_silver2017alphazero,
  title={Mastering chess and shogi by self-play with a general reinforcement learning algorithm},
  author={Silver, David and Hubert, Thomas and Schrittwieser, Julian and Antonoglou, Ioannis and Lai, Matthew and Guez, Arthur and Lanctot, Marc and Sifre, Laurent and Kumaran, Dharshan and Graepel, Thore and others},
  journal={arXiv preprint arXiv:1712.01815},
  year={2017}
}

@article{efficientmuzero,
  title={Mastering atari games with limited data},
  author={Ye, Weirui and Liu, Shaohuai and Kurutach, Thanard and Abbeel, Pieter and Gao, Yang},
  journal={Advances in neural information processing systems},
  volume={34},
  pages={25476--25488},
  year={2021}
}

@inproceedings{uct,
  title={Bandit based monte-carlo planning},
  author={Kocsis, Levente and Szepesv{\'a}ri, Csaba},
  booktitle={European conference on machine learning},
  pages={282--293},
  year={2006},
  organization={Springer}
}

%%%%%%%%%%%%%%%%%%%%%%%%%%%%%%%%%%
% 3. Offline RL (Baselines in ogbench)
@inproceedings{3_qrl,
  title={Optimal goal-reaching reinforcement learning via quasimetric learning},
  author={Wang, Tongzhou and Torralba, Antonio and Isola, Phillip and Zhang, Amy},
  booktitle={International Conference on Machine Learning},
  pages={36411--36430},
  year={2023},
  organization={PMLR}
}

@article{3_crl, 
  title={Contrastive learning as goal-conditioned reinforcement learning},
  author={Eysenbach, Benjamin and Zhang, Tianjun and Levine, Sergey and Salakhutdinov, Russ R},
  journal={Advances in Neural Information Processing Systems},
  volume={35},
  pages={35603--35620},
  year={2022}
}

@article{3_hiql,
  title={Hiql: Offline goal-conditioned rl with latent states as actions},
  author={Park, Seohong and Ghosh, Dibya and Eysenbach, Benjamin and Levine, Sergey},
  journal={Advances in Neural Information Processing Systems},
  volume={36},
  year={2024}
}




%%%%%%%%%%%%%%%%%%%%%%%%%%%%%%%%%%
% 4. Benchmark
@article{4_park2024ogbench,
  title={OGBench: Benchmarking Offline Goal-Conditioned RL},
  author={Park, Seohong and Frans, Kevin and Eysenbach, Benjamin and Levine, Sergey},
  journal={arXiv preprint arXiv:2410.20092},
  year={2024}
}

@article{4_fu2020d4rl,
  title={D4rl: Datasets for deep data-driven reinforcement learning},
  author={Fu, Justin and Kumar, Aviral and Nachum, Ofir and Tucker, George and Levine, Sergey},
  journal={arXiv preprint arXiv:2004.07219},
  year={2020}
}



%%%%%%%%%%%%%%%%%%%%%%%%%%%%%%%%%%
% 5. etc
@article{5_vae,
  title={Auto-encoding variational bayes},
  author={Kingma, Diederik P},
  journal={arXiv preprint arXiv:1312.6114},
  year={2013}
}

@inproceedings{5_esser2021taming_transformer,
  title={Taming transformers for high-resolution image synthesis},
  author={Esser, Patrick and Rombach, Robin and Ommer, Bjorn},
  booktitle={Proceedings of the IEEE/CVF conference on computer vision and pattern recognition},
  pages={12873--12883},
  year={2021}
}

@article{offlinerl,
  title={Offline reinforcement learning: Tutorial, review, and perspectives on open problems},
  author={Levine, Sergey and Kumar, Aviral and Tucker, George and Fu, Justin},
  journal={arXiv preprint arXiv:2005.01643},
  year={2020}
}

% looks related with mcts
@inproceedings{piche2018probabilistic,
  title={Probabilistic planning with sequential monte carlo methods},
  author={Pich{\'e}, Alexandre and Thomas, Valentin and Ibrahim, Cyril and Bengio, Yoshua and Pal, Chris},
  booktitle={International Conference on Learning Representations},
  year={2018}
}

@article{dt,
  title={Decision transformer: Reinforcement learning via sequence modeling},
  author={Chen, Lili and Lu, Kevin and Rajeswaran, Aravind and Lee, Kimin and Grover, Aditya and Laskin, Misha and Abbeel, Pieter and Srinivas, Aravind and Mordatch, Igor},
  journal={Advances in neural information processing systems},
  volume={34},
  pages={15084--15097},
  year={2021}
}


% planning
@inproceedings{hafner2019planet,
  title={Learning latent dynamics for planning from pixels},
  author={Hafner, Danijar and Lillicrap, Timothy and Fischer, Ian and Villegas, Ruben and Ha, David and Lee, Honglak and Davidson, James},
  booktitle={International conference on machine learning},
  pages={2555--2565},
  year={2019},
  organization={PMLR}
}

@article{hafner2019dream,
  title={Dream to control: Learning behaviors by latent imagination},
  author={Hafner, Danijar and Lillicrap, Timothy and Ba, Jimmy and Norouzi, Mohammad},
  journal={arXiv preprint arXiv:1912.01603},
  year={2019}
}


@article{drstrategy,
  title={Dr. Strategy: Model-Based Generalist Agents with Strategic Dreaming},
  author={Hamed, Hany and Kim, Subin and Kim, Dongyeong and Yoon, Jaesik and Ahn, Sungjin},
  journal={arXiv preprint arXiv:2402.18866},
  year={2024}
}

@article{karras2022elucidating,
  title={Elucidating the design space of diffusion-based generative models},
  author={Karras, Tero and Aittala, Miika and Aila, Timo and Laine, Samuli},
  journal={Advances in neural information processing systems},
  volume={35},
  pages={26565--26577},
  year={2022}
}


@article{song2020score,
  title={Score-based generative modeling through stochastic differential equations},
  author={Song, Yang and Sohl-Dickstein, Jascha and Kingma, Diederik P and Kumar, Abhishek and Ermon, Stefano and Poole, Ben},
  journal={arXiv preprint arXiv:2011.13456},
  year={2020}
}

@article{guan2025rstar,
  title={rStar-Math: Small LLMs Can Master Math Reasoning with Self-Evolved Deep Thinking},
  author={Guan, Xinyu and Zhang, Li Lyna and Liu, Yifei and Shang, Ning and Sun, Youran and Zhu, Yi and Yang, Fan and Yang, Mao},
  journal={arXiv preprint arXiv:2501.04519},
  year={2025}
}

@article{zhang2024accessing,
  title={Accessing gpt-4 level mathematical olympiad solutions via monte carlo tree self-refine with llama-3 8b},
  author={Zhang, Di and Huang, Xiaoshui and Zhou, Dongzhan and Li, Yuqiang and Ouyang, Wanli},
  journal={arXiv preprint arXiv:2406.07394},
  year={2024}
}

@article{luo2024improve,
  title={Improve Mathematical Reasoning in Language Models by Automated Process Supervision},
  author={Luo, Liangchen and Liu, Yinxiao and Liu, Rosanne and Phatale, Samrat and Lara, Harsh and Li, Yunxuan and Shu, Lei and Zhu, Yun and Meng, Lei and Sun, Jiao and others},
  journal={arXiv preprint arXiv:2406.06592},
  year={2024}
}

@inproceedings{brandfonbrener2024vermcts,
  title={VerMCTS: Synthesizing Multi-Step Programs using a Verifier, a Large Language Model, and Tree Search},
  author={Brandfonbrener, David and Henniger, Simon and Raja, Sibi and Prasad, Tarun and Loughridge, Chloe R and Cassano, Federico and Hu, Sabrina Ruixin and Yang, Jianang and Byrd, William E and Zinkov, Robert and others},
  booktitle={The 4th Workshop on Mathematical Reasoning and AI at NeurIPS'24},
  year={2024}
}

@misc{
yaari2023mctransformer,
title={{MCT}ransformer: Combining Transformers And Monte-Carlo Tree Search For Offline Reinforcement Learning},
author={Gur Yaari and Lior Rokach and Rami Puzis and Gilad Katz},
year={2023},
url={https://openreview.net/forum?id=-94tJCOo7OM}
}

@article{chen2021decision,
  title={Decision transformer: Reinforcement learning via sequence modeling},
  author={Chen, Lili and Lu, Kevin and Rajeswaran, Aravind and Lee, Kimin and Grover, Aditya and Laskin, Misha and Abbeel, Pieter and Srinivas, Aravind and Mordatch, Igor},
  journal={Advances in neural information processing systems},
  volume={34},
  pages={15084--15097},
  year={2021}
}

@article{janner2021offline,
  title={Offline reinforcement learning as one big sequence modeling problem},
  author={Janner, Michael and Li, Qiyang and Levine, Sergey},
  journal={Advances in neural information processing systems},
  volume={34},
  pages={1273--1286},
  year={2021}
}

@article{yaari2022mctransformer,
  title={MCTransformer: Combining Transformers And Monte-Carlo Tree Search For Offline Reinforcement Learning},
  author={Yaari, Gur and Rokach, Lior and Puzis, Rami and Katz, Gilad},
  year={2022}
}
