%%%%%%%%%%%%%%%%%%%%%%%%%%%%%%%%%%
% 0. Diffusion
% 1. Diffuser
% 2. MCTS
% 3. Offline RL (Baselines in ogbench)
% 4. Benchmark
% 5. etc


%%%%%%%%%%%%%%%%%%%%%%%%%%%%%%%%%%
% 0. Diffusion
@inproceedings{0_diffusion,
  title={Deep unsupervised learning using nonequilibrium thermodynamics},
  author={Sohl-Dickstein, Jascha and Weiss, Eric and Maheswaranathan, Niru and Ganguli, Surya},
  booktitle={International conference on machine learning},
  pages={2256--2265},
  year={2015},
  organization={PMLR}
}

@article{0_ho2020ddpm,
  title={Denoising diffusion probabilistic models},
  author={Ho, Jonathan and Jain, Ajay and Abbeel, Pieter},
  journal={Advances in neural information processing systems},
  volume={33},
  pages={6840--6851},
  year={2020}
}

@article{0_classifier_guidance2021cg,
  title={Diffusion models beat gans on image synthesis},
  author={Dhariwal, Prafulla and Nichol, Alexander},
  journal={Advances in neural information processing systems},
  volume={34},
  pages={8780--8794},
  year={2021}
}

@article{0_classifier_free_guidance2022cfg,
  title={Classifier-free diffusion guidance},
  author={Ho, Jonathan and Salimans, Tim},
  journal={arXiv preprint arXiv:2207.12598},
  year={2022}
}

@inproceedings{0_latent_diffusion_model2022ldm,
  title={High-resolution image synthesis with latent diffusion models},
  author={Rombach, Robin and Blattmann, Andreas and Lorenz, Dominik and Esser, Patrick and Ommer, Bj{\"o}rn},
  booktitle={Proceedings of the IEEE/CVF conference on computer vision and pattern recognition},
  pages={10684--10695},
  year={2022}
}




%%%%%%%%%%%%%%%%%%%%%%%%%%%%%%%%%%
% 1. Diffuser
@article{1_janner2022diffuser,
  title={Planning with diffusion for flexible behavior synthesis},
  author={Janner, Michael and Du, Yilun and Tenenbaum, Joshua B and Levine, Sergey},
  journal={arXiv preprint arXiv:2205.09991},
  year={2022}
}

@article{1_diffusionforcing2024df,
  title={Diffusion forcing: Next-token prediction meets full-sequence diffusion},
  author={Chen, Boyuan and Monso, Diego Marti and Du, Yilun and Simchowitz, Max and Tedrake, Russ and Sitzmann, Vincent},
  journal={arXiv preprint arXiv:2407.01392},
  year={2024}
}

@article{1_jackson2024pgd,
  title={Policy-guided diffusion},
  author={Jackson, Matthew Thomas and Matthews, Michael Tryfan and Lu, Cong and Ellis, Benjamin and Whiteson, Shimon and Foerster, Jakob},
  journal={arXiv preprint arXiv:2404.06356},
  year={2024}
}

@article{1_imitating_diffuser,
  title={Imitating human behaviour with diffusion models},
  author={Pearce, Tim and Rashid, Tabish and Kanervisto, Anssi and Bignell, Dave and Sun, Mingfei and Georgescu, Raluca and Macua, Sergio Valcarcel and Tan, Shan Zheng and Momennejad, Ida and Hofmann, Katja and others},
  journal={arXiv preprint arXiv:2301.10677},
  year={2023}
}

@article{1_diffusion_policy,
  title={Diffusion policy: Visuomotor policy learning via action diffusion},
  author={Chi, Cheng and Xu, Zhenjia and Feng, Siyuan and Cousineau, Eric and Du, Yilun and Burchfiel, Benjamin and Tedrake, Russ and Song, Shuran},
  journal={The International Journal of Robotics Research},
  pages={02783649241273668},
  publisher={SAGE Publications Sage UK: London, England}
}






%%%%%%%%%%%%%%%%%%%%%%%%%%%%%%%%%%
% 2. MCTS
@inproceedings{2_coulom2006mcts,
  title={Efficient selectivity and backup operators in Monte-Carlo tree search},
  author={Coulom, R{\'e}mi},
  booktitle={International conference on computers and games},
  pages={72--83},
  year={2006},
  organization={Springer}
}

@article{2_silver2016alphago,
  title={Mastering the game of Go with deep neural networks and tree search},
  author={Silver, David and Huang, Aja and Maddison, Chris J and Guez, Arthur and Sifre, Laurent and Van Den Driessche, George and Schrittwieser, Julian and Antonoglou, Ioannis and Panneershelvam, Veda and Lanctot, Marc and others},
  journal={nature},
  volume={529},
  number={7587},
  pages={484--489},
  year={2016},
  publisher={Nature Publishing Group}
}

@article{2_silver2017alphazero,
  title={Mastering chess and shogi by self-play with a general reinforcement learning algorithm},
  author={Silver, David and Hubert, Thomas and Schrittwieser, Julian and Antonoglou, Ioannis and Lai, Matthew and Guez, Arthur and Lanctot, Marc and Sifre, Laurent and Kumaran, Dharshan and Graepel, Thore and others},
  journal={arXiv preprint arXiv:1712.01815},
  year={2017}
}

@article{2_schrittwieser2020muzero,
  title={Mastering atari, go, chess and shogi by planning with a learned model},
  author={Schrittwieser, Julian and Antonoglou, Ioannis and Hubert, Thomas and Simonyan, Karen and Sifre, Laurent and Schmitt, Simon and Guez, Arthur and Lockhart, Edward and Hassabis, Demis and Graepel, Thore and others},
  journal={Nature},
  volume={588},
  number={7839},
  pages={604--609},
  year={2020},
  publisher={Nature Publishing Group}
}

@article{2_ye2021efficientzero,
  title={Mastering atari games with limited data},
  author={Ye, Weirui and Liu, Shaohuai and Kurutach, Thanard and Abbeel, Pieter and Gao, Yang},
  journal={Advances in neural information processing systems},
  volume={34},
  pages={25476--25488},
  year={2021}
}

%%%%%%%%%%%%%%%%%%%%%%%%%%%%%%%%%%
% 3. Offline RL (Baselines in ogbench)
@inproceedings{3_qrl,
  title={Optimal goal-reaching reinforcement learning via quasimetric learning},
  author={Wang, Tongzhou and Torralba, Antonio and Isola, Phillip and Zhang, Amy},
  booktitle={International Conference on Machine Learning},
  pages={36411--36430},
  year={2023},
  organization={PMLR}
}

@article{3_crl, 
  title={Contrastive learning as goal-conditioned reinforcement learning},
  author={Eysenbach, Benjamin and Zhang, Tianjun and Levine, Sergey and Salakhutdinov, Russ R},
  journal={Advances in Neural Information Processing Systems},
  volume={35},
  pages={35603--35620},
  year={2022}
}

@article{3_hiql,
  title={Hiql: Offline goal-conditioned rl with latent states as actions},
  author={Park, Seohong and Ghosh, Dibya and Eysenbach, Benjamin and Levine, Sergey},
  journal={Advances in Neural Information Processing Systems},
  volume={36},
  year={2024}
}




%%%%%%%%%%%%%%%%%%%%%%%%%%%%%%%%%%
% 4. Benchmark
@article{4_park2024ogbench,
  title={OGBench: Benchmarking Offline Goal-Conditioned RL},
  author={Park, Seohong and Frans, Kevin and Eysenbach, Benjamin and Levine, Sergey},
  journal={arXiv preprint arXiv:2410.20092},
  year={2024}
}

@article{4_fu2020d4rl,
  title={D4rl: Datasets for deep data-driven reinforcement learning},
  author={Fu, Justin and Kumar, Aviral and Nachum, Ofir and Tucker, George and Levine, Sergey},
  journal={arXiv preprint arXiv:2004.07219},
  year={2020}
}



%%%%%%%%%%%%%%%%%%%%%%%%%%%%%%%%%%
% 5. etc
@article{5_vae,
  title={Auto-encoding variational bayes},
  author={Kingma, Diederik P},
  journal={arXiv preprint arXiv:1312.6114},
  year={2013}
}

@inproceedings{5_esser2021taming_transformer,
  title={Taming transformers for high-resolution image synthesis},
  author={Esser, Patrick and Rombach, Robin and Ommer, Bjorn},
  booktitle={Proceedings of the IEEE/CVF conference on computer vision and pattern recognition},
  pages={12873--12883},
  year={2021}
}