@article{noisyMOBO,
	title={Parallel bayesian optimization of multiple noisy objectives with expected hypervolume improvement},
	author={Daulton, Samuel and Balandat, Maximilian and Bakshy, Eytan},
	journal={Advances in Neural Information Processing Systems},
	volume={34},
	pages={2187--2200},
	year={2021}
}

@article{EHVI,
	author={Daulton, Samuel and Balandat, Maximilian and Bakshy, Eytan},
	title={Differentiable expected hypervolume improvement for parallel multi-objective Bayesian optimization},
	journal={Advances in Neural Information Processing Systems},
	volume={33},
	pages={9851--9864},
	year={2020}
}
@article{wang2022CHPanalysis,
	title={Analysis of economy, energy efficiency, environment: A case study of the CHP system with both civil and industrial heat users},
	author={Wang, Congyu and Song, Jiwei and Zheng, Wei and Liu, Zhaozhao and Lin, Chengkun},
	journal={Case Stud. Therm. Eng.},
	volume={30},
	pages={101768},
	year={2022},
	publisher={Elsevier}
}

@ARTICLE{9826833,
	author={Li, Jianwei and Zou, Weitao and Yang, Qingqing and Wei, Zhongbao and He, Hongwen},
	journal={IEEE Trans. Smart Grid}, 
	title={A Dynamic Heat/Power Decoupling Strategy for the Fuel Cell CHP in the Community Energy System: A Real Case Study in South of China}, 
	year={2023},
	volume={14},
	number={1},
	pages={378-387},
	keywords={Cogeneration;Fuel cells;Energy management;Degradation;Resistance heating;Heating systems;Costs;Fuel cell;dynamic switching strategy;combined heat and power;game theory;fuel cell degradation},
	doi={10.1109/TSG.2022.3189973}}

@ARTICLE{9815530,
	author={Song, Yu and Shi, Libao},
	journal={IEEE Trans. Ind. Appl.}, 
	title={Dynamic Economic Dispatch With CHP and Wind Power Considering Different Time Scales}, 
	year={2022},
	volume={58},
	number={5},
	pages={5734-5746},
	keywords={Cogeneration;Heating systems;Wind power generation;Resistance heating;Heat transfer;Wind farms;Pipelines;Adaptive cuckoo search algorithm (ACSA);combined heat and power (CHP);copula theory;dynamic economic dispatch (DED);uncertainty;wind power},
	doi={10.1109/TIA.2022.3188603}}

@ARTICLE{9409901,
	author={Zhang, Dongming and Hu, Yong and Gao, Yaokui},
	journal={J. Mod. Power Syst. Clean Energy}, 
	title={Flexibility Improvement of CHP Unit for Wind Power Accommodation}, 
	year={2022},
	volume={10},
	number={3},
	pages={731-742},
	keywords={Cogeneration;Heating systems;Boilers;Wind power generation;Resistance heating;Turbines;Power generation;Combined heat and power (CHP);flexibility;bypass;low-pressure cylinder (LPC) removal;heat storage tank;electric boiler},
	doi={10.35833/MPCE.2020.000630}}
	
@ARTICLE{9990600,
	author={Tan, Jin and Wu, Qiuwei and Zhang, Xuan},
	journal={IEEE Trans. Smart Grid}, 
	title={Optimal Planning of Integrated Electricity and Heat System Considering Seasonal and Short-Term Thermal Energy Storage}, 
	year={2023},
	volume={14},
	number={4},
	pages={2697-2708},
	keywords={Heating systems;Uncertainty;Planning;Energy storage;Computational modeling;Resistance heating;Costs;Integrated electricity and heat system;optimal planning;seasonal thermal energy storage;short-term thermal energy storage},
	doi={10.1109/TSG.2022.3230016}}
	
@ARTICLE{10075469,
	author={Lu, Shuai and Gu, Wei and Xu, Yijun and Dong, Zhao Yang and Sun, Lingling and Zhang, Hao and Ding, Shixing},
	journal={IEEE Trans. Smart Grid}, 
	title={Unlock the Thermal Flexibility in Integrated Energy Systems: A Robust Nodal Pricing Approach for Thermal Loads}, 
	year={2023},
	volume={14},
	number={4},
	pages={2734-2746},
	keywords={Thermal loading;Buildings;Load modeling;Heating systems;Costs;Uncertainty;Optimization;Integrated energy systems;robust nodal pricing method;Stackelberg game;thermal flexibility;uncertainties},
	doi={10.1109/TSG.2023.3258441}}

@article{yi2021improving,
	title={Improving operational flexibility of combined heat and power system through numerous thermal controllable residents aggregation},
	author={Yi, Zhongkai and Xu, Yinliang and Wu, Chenyu},
	journal={Int. J. Electr. Power Energy Syst.},
	volume={130},
	pages={106841},
	year={2021},
	publisher={Elsevier}
}

@article{olabi2022renewable,
	title={Renewable energy and climate change},
	author={Olabi, AG and Abdelkareem, Mohammad Ali},
	journal={Renew. Sust. Energ. Rev.},
	volume={158},
	pages={112111},
	year={2022},
	publisher={Elsevier}
}

@article{lai2020operation,
	title={Operation optimization on the large-scale CHP station composed of multiple CHP units and a thermocline heat storage tank},
	author={Lai, Fen and Wang, Shan and Liu, Ming and Yan, Junjie},
	journal={Energy Conv. Manag.},
	volume={211},
	pages={112767},
	year={2020},
	publisher={Elsevier}
}

@ARTICLE{8832216,
	author={Wang, Yongcan and Lou, Suhua and Wu, Yaowu and Wang, Shaorong},
	journal={IEEE Trans. Power Syst.}, 
	title={Flexible Operation of Retrofitted Coal-Fired Power Plants to Reduce Wind Curtailment Considering Thermal Energy Storage}, 
	year={2020},
	volume={35},
	number={2},
	pages={1178-1187},
	doi={10.1109/TPWRS.2019.2940725}}

@ARTICLE{9844159,
	author={Rostamnezhad, Zohreh and Mary, Nicolas and Dessaint, Louis-A. and Monfet, Danielle},
	journal={IEEE Trans. Smart Grid}, 
	title={Electricity Consumption Optimization Using Thermal and Battery Energy Storage Systems in Buildings}, 
	year={2023},
	volume={14},
	number={1},
	pages={251-265},
	doi={10.1109/TSG.2022.3194815}}
	
@article{xu2020feasibility,
	title={Feasibility and performance study on hybrid air source heat pump system for ultra-low energy building in severe cold region of China},
	author={Xu, Wei and Liu, Changping and Li, Angui and Li, Ji and Qiao, Biao},
	journal={Renew. Energy},
	volume={146},
	pages={2124--2133},
	year={2020},
	publisher={Elsevier}
}

@ARTICLE{10102312,
	author={Li, Yinxiao and Chen, Qixin and Strbac, Goran and Hur, Kyeon and Kang, Chongqing},
	journal={IEEE Trans. Smart Grid}, 
	title={Active Distribution Network Expansion Planning With Dynamic Thermal Rating of Underground Cables and Transformers}, 
	year={2024},
	volume={15},
	number={1},
	pages={218-232},
	doi={10.1109/TSG.2023.3266782}}
	
@ARTICLE{9822978,
	author={Xuan, Ang and Shen, Xinwei and Guo, Qinglai and Sun, Hongbin},
	journal={IEEE Trans. Power Syst.}, 
	title={Two-Stage Planning for Electricity-Gas Coupled Integrated Energy System With Carbon Capture, Utilization, and Storage Considering Carbon Tax and Price Uncertainties}, 
	year={2023},
	volume={38},
	number={3},
	pages={2553-2565},
	doi={10.1109/TPWRS.2022.3189273}}
	
@ARTICLE{9920235,
	author={Tao, Yuechuan and Qiu, Jing and Lai, Shuying and Dong, Zhao Yang},
	journal={IEEE Trans. Power Syst.}, 
	title={Transportable Energy Storage System Planning for Mitigating Grid Vulnerability}, 
	year={2023},
	volume={38},
	number={5},
	pages={4462-4475},
	doi={10.1109/TPWRS.2022.3214443}}
	
@article{TIAN2024129612,
	title = {Enhancing operation flexibility of distributed energy systems: A flexible multi-objective optimization planning method considering long-term and temporary objectives},
	journal = {Energy},
	volume = {288},
	pages = {129612},
	year = {2024},
	issn = {0360-5442},
	doi = {https://doihtbprolorg-s.libremote.hit.edu.cn/10.1016/j.energy.2023.129612},
	author = {Zhe Tian and Xiaoyuan Li and Jide Niu and Ruoyu Zhou and Feng Li},
}

@ARTICLE{EAWS,
	author={Wang, Yuqi and Xu, Yinliang and Sun, Hongbin},
	journal={IEEE Trans. Power Syst.}, 
	title={Multi-Objective Planning of Distributed Energy Resources Based on Enhanced Adaptive Weighted-Sum Algorithm}, 
	year={2024},
	volume={39},
	number={2},
	pages={4624-4637},
	keywords={Carbon dioxide;Reactive power;Planning;Costs;Indexes;Economics;Distribution networks;Multi-objective planning;distributed energy resources;energy penetration rate;reactive power support;quasi-static time series},
	doi={10.1109/TPWRS.2023.3317782}}
	

@article{NSGAII,
	title = {Multi-objective stochastic expansion planning based on multi-dimensional correlation scenario generation method for regional integrated energy system integrated renewable energy},
	journal = {Appl. Energy},
	volume = {276},
	pages = {115395},
	year = {2020},
	issn = {0306-2619},
	doi = {https://doi.org/10.1016/j.apenergy.2020.115395},
	author = {Yang Lei and Dan Wang and Hongjie Jia and Jingcheng Chen and Jingru Li and Yi Song and Jiaxi Li},
}

@article{MOAVOA,
	author = {Yang, Lei and Dan, Wang and Hongjie, Jia and Jingcheng, Chen and Jingru, Li and Yi, Song and Jiaxi, Li},
	title = {Multi-objective stochastic expansion planning based on multi-dimensional correlation scenario generation method for regional integrated energy system integrated renewable energy},
	journal = {Appl. Energy},
	volume = {276},
	pages = {115395},
	year = {2020},
	issn = {0306-2619},
	doi = {https://doi.org/10.1016/j.apenergy.2020.115395}
}

@article{WANG2023121212,
	title = {Multi-objective distributionally robust optimization for hydrogen-involved total renewable energy CCHP planning under source-load uncertainties},
	journal = {Appl. Energy},
	volume = {342},
	pages = {121212},
	year = {2023},
	issn = {0306-2619},
	doi = {https://doi.org/10.1016/j.apenergy.2023.121212},
	author = {Yuwei Wang and Minghao Song and Mengyao Jia and Bingkang Li and Haoran Fei and Yiyue Zhang and Xuejie Wang}
}

@ARTICLE{9695353,
	author={Zhang, Ning and Jiang, Haiyang and Du, Ershun and Zhuo, Zhenyu and Wang, Peng and Wang, Zhidong and Zhang, Yan},
	journal={IEEE Trans. Power Syst.}, 
	title={An Efficient Power System Planning Model Considering Year-Round Hourly Operation Simulation}, 
	year={2022},
	volume={37},
	number={6},
	pages={4925-4935},
	doi={10.1109/TPWRS.2022.3146299}}
	
@ARTICLE{AWS,
	author={Zhang, Cuo and Xu, Yan and Dong, Zhao Yang and Zhang, Rui},
	journal={IEEE Trans. Smart Grid}, 
	title={Multi-Objective Adaptive Robust Voltage/VAR Control for High-PV Penetrated Distribution Networks}, 
	year={2020},
	volume={11},
	number={6},
	pages={5288-5300},
	doi={10.1109/TSG.2020.3000726}}
	
@ARTICLE{PBO,
	author={Knowles, J.},
	journal={IEEE Trans. Evol. Comput.}, 
	title={ParEGO: a hybrid algorithm with on-line landscape approximation for expensive multiobjective optimization problems}, 
	year={2006},
	volume={10},
	number={1},
	pages={50-66},
	doi={10.1109/TEVC.2005.851274}}

@ARTICLE{SAA,
	author={Zhao, Jiexing and Zhai, Qiaozhu and Zhou, Yuzhou and Wu, Lei and Guan, Xiaohong},
	journal={IEEE Trans. Sustain. Energy}, 
	title={Adaptive Characteristic Modeling of Long-Period Uncertainties: A Multi-Stage Robust Energy Storage Planning Approach Based on the Finite Covering Theorem}, 
	year={2024},
	volume={},
	number={},
	pages={1-11},
	doi={10.1109/TSTE.2024.3419097}}
	
@INPROCEEDINGS{conference,
	author={Yi, Rong and Yang, Haojie and Chen, Guiyu and Li, Tongqing and Shen, Miaozhe and Li, Jin and Gao, Haoxiang and Duan, Hongyu and Yang, Ruizhe and Yi, Zhongkai},
	booktitle={2024 IEEE 7th International Electrical and Energy Conference (CIEEC)}, 
	title={Evaluation Method of Renewable Energy Consumption Capacity of Integrated Heat and Power Energy System in Heating Season Based on Time Series Production Simulation}, 
	year={2024},
	volume={},
	number={},
	pages={4271-4276},
	keywords={Wind;Renewable energy sources;Cogeneration;Time series analysis;Production;Wind power generation;Planning;Wind Power accommodation;Wind curtailment;Time series production simulation model},
	doi={10.1109/CIEEC60922.2024.10583750}}

 
@article{WANG2023233602,
title = {Multi-objective optimization for fast charging design of lithium-ion batteries using constrained Bayesian optimization},
journal = {J. Power Sources},
volume = {584},
pages = {233602},
year = {2023},
issn = {0378-7753},
doi = {https://doi.org/10.1016/j.jpowsour.2023.233602},
author = {Xizhe Wang and Benben Jiang},
}
@ARTICLE{wang_high-dimensional_2024,
  author={Wang, Hongyan and Xu, Hua and Zhang, Zeqiu},
  journal={IEEE Trans. Intell. Transp. Syst.}, 
  title={High-Dimensional Multi-Objective Bayesian Optimization With Block Coordinate Updates: Case Studies in Intelligent Transportation System}, 
  year={2024},
  volume={25},
  number={1},
  pages={884-895},
  keywords={Bayes methods;Optimization;Transportation;Computational modeling;Gaussian processes;Additives;Dimensionality reduction;High-dimensional expensive multi-objective problems;multi-objective Bayesian optimization;Gaussian process;θ-dominance rank;convergence-diversity trade-offs},
  doi={10.1109/TITS.2023.3241069}}

@ARTICLE{jia_convopf-dop_2023,
  author={Jia, Yujing and Bai, Xiaoqing and Zheng, Liqin and Weng, Zonglong and Li, Yunyi},
  journal={IEEE Trans. Power Syst.}, 
  title={ConvOPF-DOP: A Data-Driven Method for Solving AC-OPF Based on CNN Considering Different Operation Patterns}, 
  year={2023},
  volume={38},
  number={1},
  pages={853-860},
  keywords={Network topology;Convolutional neural networks;Load modeling;Topology;Feature extraction;Data models;Mathematical models;Convolutional neural network;deep learning;Bayesian optimization method;AC-OPF},
  doi={10.1109/TPWRS.2022.3163381}}

@ARTICLE{kianpoor_home_2024,
  author={Kianpoor, Nasrin and Hoff, Bjarte and Østrem, Trond and Yousefi, Mojtaba},
  journal={IEEE Trans. Ind. Appl.}, 
  title={Home Energy Management System for a Residential Building in Arctic Climate of Norway Using Non-Intrusive Load Monitoring and Deep Learning}, 
  year={2024},
  volume={60},
  number={4},
  pages={5589-5598},
  keywords={Electricity;Power demand;Buildings;Costs;Long short term memory;Energy management systems;Load modeling;Smart home;home energy management system;load flexibility;non-intrusive load monitoring;load forecasting;Data-driven modeling},
  doi={10.1109/TIA.2024.3396797}}
  
@ARTICLE{shi_bayesian_2024,
  author={Shi, Jie and Wang, Yuming and Zhou, Yue and Ma, Yan and Gao, Jie and Wang, Shude and Fu, Zuan},
  journal={IEEE Trans. Ind. Appl.}, 
  title={Bayesian Optimization - LSTM Modeling and Time Frequency Correlation Mapping Based Probabilistic Forecasting of Ultra-short-term Photovoltaic Power Outputs}, 
  year={2024},
  volume={60},
  number={2},
  pages={2422-2430},
  keywords={Forecasting;Predictive models;Photovoltaic systems;Numerical models;Feature extraction;Data models;Analytical models;BO-LSTM;deep learning;feature extraction;photovoltaic power forecasting;time frequency correlation},
  doi={10.1109/TIA.2023.3334700}}
 
@inproceedings{NEURIPS2020_f5b1b89d,
 author = {Balandat, Maximilian and Karrer, Brian and Jiang, Daniel and Daulton, Samuel and Letham, Ben and Wilson, Andrew G and Bakshy, Eytan},
 booktitle = {Advances in Neural Information Processing Systems},
 editor = {H. Larochelle and M. Ranzato and R. Hadsell and M.F. Balcan and H. Lin},
 pages = {21524--21538},
 publisher = {Curran Associates, Inc.},
 title = {BoTorch: A Framework for Efficient Monte-Carlo Bayesian Optimization},
 volume = {33},
 year = {2020},
 }

@ARTICLE{Ding_Bayesian,
  author={Zhou, Yihong and Ding, Zhaohao and Wen, Qingsong and Wang, Yi},
  journal={IEEE Trans. Power Syst.}, 
  title={Robust Load Forecasting Towards Adversarial Attacks via Bayesian Learning}, 
  year={2023},
  volume={38},
  number={2},
  pages={1445-1459},
  keywords={Load forecasting;Load modeling;Predictive models;Robustness;Forecasting;Bayes methods;Power systems;Adversarial attacks;bayesian method;deep learning;load forecasting;robustness},
  doi={10.1109/TPWRS.2022.3175252}}

@ARTICLE{Ding_wind,
  author={Ding, Zhaohao and Yu, Kaiyuan and Wang, Cheng and Lee, Wei-Jen},
  journal={IEEE Trans. Sustain. Energy}, 
  title={Transmission Line Overload Risk Assessment Considering Dynamic Line Rating Mechanism in a High-Wind-Penetrated Power System: A Data-Driven Approach}, 
  year={2022},
  volume={13},
  number={2},
  pages={1112-1122},
  keywords={Uncertainty;Power transmission lines;Wind speed;Power systems;Correlation;Wind power generation;Power system dynamics;Convex hull;dynamic line rating;high-wind-penetrated power system;data-driven;overload risk assessment},
  doi={10.1109/TSTE.2022.3151921}}
@ARTICLE{scenario_compare,
  author={Huang, Wujing and Zhang, Xi and Li, Kangping and Zhang, Ning and Strbac, Goran and Kang, Chongqing},
  journal={IEEE Trans. Power Syst.}, 
  title={Resilience Oriented Planning of Urban Multi-Energy Systems With Generalized Energy Storage Sources}, 
  year={2022},
  volume={37},
  number={4},
  pages={2906-2918},
  keywords={Resilience;Planning;Power systems;Resistance heating;Energy storage;Load modeling;Power system reliability;Configuration planning;energy hub;energy storage;gas network;heat network;multi-energy systems;resilience assessment;thermal inertia},
  doi={10.1109/TPWRS.2021.3123074}}
