@article{bai2023qwen,
  title={Qwen-vl: A frontier large vision-language model with versatile abilities},
  author={Bai, Jinze and Bai, Shuai and Yang, Shusheng and Wang, Shijie and Tan, Sinan and Wang, Peng and Lin, Junyang and Zhou, Chang and Zhou, Jingren},
  journal={arXiv preprint arXiv:2308.12966},
  year={2023}
}

@inproceedings{bansal2022cloth,
  title={Cloth-changing person re-identification with self-attention},
  author={Bansal, Vaibhav and Foresti, Gian Luca and Martinel, Niki},
  booktitle={Proceedings of the IEEE/CVF Winter Conference on Applications of Computer Vision},
  pages={602--610},
  year={2022}
}

@article{feng2019learning,
  title={Learning modality-specific representations for visible-infrared person re-identification},
  author={Feng, Zhanxiang and Lai, Jianhuang and Xie, Xiaohua},
  journal={IEEE Transactions on Image Processing},
  volume={29},
  pages={579--590},
  year={2019},
  publisher={IEEE}
}

@inproceedings{guo2023semantic,
  title={Semantic-aware consistency network for cloth-changing person re-identification},
  author={Guo, Peini and Liu, Hong and Wu, Jianbing and Wang, Guoquan and Wang, Tao},
  booktitle={Proceedings of the 31st ACM International Conference on Multimedia},
  pages={8730--8739},
  year={2023}
}

@article{han2023text,
  title={Text-to-Image Person Re-identification Based on Multimodal Graph Convolutional Network},
  author={Han, Guang and Lin, Min and Li, Ziyang and Zhao, Haitao and Kwong, Sam},
  journal={IEEE Transactions on Multimedia},
  year={2023},
  publisher={IEEE}
}

@inproceedings{he2024instruct,
  title={Instruct-ReID: A Multi-purpose Person Re-identification Task with Instructions},
  author={He, Weizhen and Deng, Yiheng and Tang, Shixiang and Chen, Qihao and Xie, Qingsong and Wang, Yizhou and Bai, Lei and Zhu, Feng and Zhao, Rui and Ouyang, Wanli and others},
  booktitle={Proceedings of the IEEE/CVF Conference on Computer Vision and Pattern Recognition},
  pages={17521--17531},
  year={2024}
}

@article{hermans2017defense,
  title={In defense of the triplet loss for person re-identification},
  author={Hermans, Alexander and Beyer, Lucas and Leibe, Bastian},
  journal={arXiv preprint arXiv:1703.07737},
  year={2017}
}

@inproceedings{hong2021fine,
  title={Fine-grained shape-appearance mutual learning for cloth-changing person re-identification},
  author={Hong, Peixian and Wu, Tao and Wu, Ancong and Han, Xintong and Zheng, Wei-Shi},
  booktitle={Proceedings of the IEEE/CVF conference on computer vision and pattern recognition},
  pages={10513--10522},
  year={2021}
}

@article{huang2023deep8vc,
  title={Deep learning for visible-infrared cross-modality person re-identification: A comprehensive review},
  author={Huang, Nianchang and Liu, Jianan and Miao, Yunqi and Zhang, Qiang and Han, Jungong},
  journal={Information Fusion},
  volume={91},
  pages={396--411},
  year={2023},
  publisher={Elsevier}
}

@inproceedings{jin2022cloth,
  title={Cloth-changing person re-identification from a single image with gait prediction and regularization},
  author={Jin, Xin and He, Tianyu and Zheng, Kecheng and Yin, Zhiheng and Shen, Xu and Huang, Zhen and Feng, Ruoyu and Huang, Jianqiang and Chen, Zhibo and Hua, Xian-Sheng},
  booktitle={Proceedings of the IEEE/CVF conference on computer vision and pattern recognition},
  pages={14278--14287},
  year={2022}
}

@article{liu2024visual,
  title={Visual instruction tuning},
  author={Liu, Haotian and Li, Chunyuan and Wu, Qingyang and Lee, Yong Jae},
  journal={Advances in neural information processing systems},
  volume={36},
  year={2024}
}

@article{ning2020feature,
  title={Feature refinement and filter network for person re-identification},
  author={Ning, Xin and Gong, Ke and Li, Weijun and Zhang, Liping and Bai, Xiao and Tian, Shengwei},
  journal={IEEE Transactions on Circuits and Systems for Video Technology},
  volume={31},
  number={9},
  pages={3391--3402},
  year={2020},
  publisher={IEEE}
}

@inproceedings{qian2020long,
  title={Long-term cloth-changing person re-identification},
  author={Qian, Xuelin and Wang, Wenxuan and Zhang, Li and Zhu, Fangrui and Fu, Yanwei and Xiang, Tao and Jiang, Yu-Gang and Xue, Xiangyang},
  booktitle={Proceedings of the Asian Conference on Computer Vision},
  year={2020}
}

@inproceedings{shao2023unified,
  title={Unified pre-training with pseudo texts for text-to-image person re-identification},
  author={Shao, Zhiyin and Zhang, Xinyu and Ding, Changxing and Wang, Jian and Wang, Jingdong},
  booktitle={Proceedings of the IEEE/CVF International Conference on Computer Vision},
  pages={11174--11184},
  year={2023}
}

@article{tan2021incomplete,
  title={Incomplete descriptor mining with elastic loss for person re-identification},
  author={Tan, Hongchen and Liu, Xiuping and Bian, Yuhao and Wang, Huasheng and Yin, Baocai},
  journal={IEEE Transactions on Circuits and Systems for Video Technology},
  volume={32},
  number={1},
  pages={160--171},
  year={2021},
  publisher={IEEE}
}

@inproceedings{tan2024harnessing,
  title={Harnessing the Power of MLLMs for Transferable Text-to-Image Person ReID},
  author={Tan, Wentan and Ding, Changxing and Jiang, Jiayu and Wang, Fei and Zhan, Yibing and Tao, Dapeng},
  booktitle={Proceedings of the IEEE/CVF Conference on Computer Vision and Pattern Recognition},
  pages={17127--17137},
  year={2024}
}

@inproceedings{wang2019learning,
  title={Learning to reduce dual-level discrepancy for infrared-visible person re-identification},
  author={Wang, Zhixiang and Wang, Zheng and Zheng, Yinqiang and Chuang, Yung-Yu and Satoh, Shin'ichi},
  booktitle={Proceedings of the IEEE/CVF conference on computer vision and pattern recognition},
  pages={618--626},
  year={2019}
}

@article{wang2024content,
  title={Content and Salient Semantics Collaboration for Cloth-Changing Person Re-Identification},
  author={Wang, Qizao and Qian, Xuelin and Li, Bin and Chen, Lifeng and Fu, Yanwei and Xue, Xiangyang},
  journal={arXiv preprint arXiv:2405.16597},
  year={2024}
}

@article{wang2024qwen2,
  title={Qwen2-vl: Enhancing vision-language model's perception of the world at any resolution},
  author={Wang, Peng and Bai, Shuai and Tan, Sinan and Wang, Shijie and Fan, Zhihao and Bai, Jinze and Chen, Keqin and Liu, Xuejing and Wang, Jialin and Ge, Wenbin and others},
  journal={arXiv preprint arXiv:2409.12191},
  year={2024}
}

@article{yang2023dawn,
  title={The dawn of lmms: Preliminary explorations with gpt-4v (ision)},
  author={Yang, Zhengyuan and Li, Linjie and Lin, Kevin and Wang, Jianfeng and Lin, Chung-Ching and Liu, Zicheng and Wang, Lijuan},
  journal={arXiv preprint arXiv:2309.17421},
  volume={9},
  number={1},
  pages={1},
  year={2023}
}

@article{yang2024mllmreid,
  title={MLLMReID: Multimodal Large Language Model-based Person Re-identification},
  author={Yang, Shan and Zhang, Yongfei},
  journal={arXiv preprint arXiv:2401.13201},
  year={2024}
}

@inproceedings{ye2020dynamic,
  title={Dynamic dual-attentive aggregation learning for visible-infrared person re-identification},
  author={Ye, Mang and Shen, Jianbing and J. Crandall, David and Shao, Ling and Luo, Jiebo},
  booktitle={Computer Vision--ECCV 2020: 16th European Conference, Glasgow, UK, August 23--28, 2020, Proceedings, Part XVII 16},
  pages={229--247},
  year={2020},
  organization={Springer}
}

@inproceedings{yuan2020defense,
  title={In defense of the triplet loss again: Learning robust person re-identification with fast approximated triplet loss and label distillation},
  author={Yuan, Ye and Chen, Wuyang and Yang, Yang and Wang, Zhangyang},
  booktitle={CVPR Workshops},
  pages={354--355},
  year={2020}
}

@inproceedings{zhao2024unifying,
  title={Unifying Multi-Modal Uncertainty Modeling and Semantic Alignment for Text-to-Image Person Re-identification},
  author={Zhao, Zhiwei and Liu, Bin and Lu, Yan and Chu, Qi and Yu, Nenghai},
  booktitle={Proceedings of the AAAI Conference on Artificial Intelligence},
  volume={38},
  number={7},
  pages={7534--7542},
  year={2024}
}

@article{zheng2017discriminatively,
  title={A discriminatively learned cnn embedding for person reidentification},
  author={Zheng, Zhedong and Zheng, Liang and Yang, Yi},
  journal={ACM transactions on multimedia computing, communications, and applications (TOMM)},
  volume={14},
  number={1},
  pages={1--20},
  year={2017},
  publisher={ACM New York, NY, USA}
}

@inproceedings{zheng2017person,
  title={Person re-identification in the wild},
  author={Zheng, Liang and Zhang, Hengheng and Sun, Shaoyan and Chandraker, Manmohan and Yang, Yi and Tian, Qi},
  booktitle={CVPR},
  pages={1367--1376},
  year={2017}
}

