@String(PAMI = {IEEE Trans. Pattern Anal. Mach. Intell.})
@String(IJCV = {Int. J. Comput. Vis.})
@String(CVPR= {IEEE Conf. Comput. Vis. Pattern Recog.})
@String(ICCV= {Int. Conf. Comput. Vis.})
@String(ECCV= {Eur. Conf. Comput. Vis.})
@String(NIPS= {Adv. Neural Inform. Process. Syst.})
@String(ICPR = {Int. Conf. Pattern Recog.})
@String(BMVC= {Brit. Mach. Vis. Conf.})
@String(TOG= {ACM Trans. Graph.})
@String(TIP  = {IEEE Trans. Image Process.})
@String(TVCG  = {IEEE Trans. Vis. Comput. Graph.})
@String(TMM  = {IEEE Trans. Multimedia})
@String(ACMMM= {ACM Int. Conf. Multimedia})
@String(ICME = {Int. Conf. Multimedia and Expo})
@String(ICASSP=	{ICASSP})
@String(ICIP = {IEEE Int. Conf. Image Process.})
@String(ACCV  = {ACCV})
@String(ICLR = {Int. Conf. Learn. Represent.})
@String(IJCAI = {IJCAI})
@String(PR   = {Pattern Recognition})
@String(AAAI = {AAAI})
@String(CVPRW= {IEEE Conf. Comput. Vis. Pattern Recog. Worksh.})
@String(CSVT = {IEEE Trans. Circuit Syst. Video Technol.})

@String(SPL	= {IEEE Sign. Process. Letters})
@String(VR   = {Vis. Res.})
@String(JOV	 = {J. Vis.})
@String(TVC  = {The Vis. Comput.})
@String(JCST  = {J. Comput. Sci. Tech.})
@String(CGF  = {Comput. Graph. Forum})
@String(CVM = {Computational Visual Media})


@String(PAMI  = {IEEE TPAMI})
@String(IJCV  = {IJCV})
@String(CVPR  = {CVPR})
@String(ICCV  = {ICCV})
@String(ECCV  = {ECCV})
@String(NIPS  = {NeurIPS})
@String(ICPR  = {ICPR})
@String(BMVC  =	{BMVC})
@String(TOG   = {ACM TOG})
@String(TIP   = {IEEE TIP})
@String(TVCG  = {IEEE TVCG})
@String(TCSVT = {IEEE TCSVT})
@String(TMM   =	{IEEE TMM})
@String(ACMMM = {ACM MM})
@String(ICME  =	{ICME})
@String(ICASSP=	{ICASSP})
@String(ICIP  = {ICIP})
@String(ACCV  = {ACCV})
@String(ICLR  = {ICLR})
@String(IJCAI = {IJCAI})
@String(PR = {PR})
@String(AAAI = {AAAI})
@String(CVPRW= {CVPRW})
@String(CSVT = {IEEE TCSVT})




@article{hoffmann2022training,
  title={Training compute-optimal large language models},
  author={Hoffmann, Jordan and Borgeaud, Sebastian and Mensch, Arthur and Buchatskaya, Elena and Cai, Trevor and Rutherford, Eliza and Casas, Diego de Las and Hendricks, Lisa Anne and Welbl, Johannes and Clark, Aidan and others},
  journal={arXiv preprint arXiv:2203.15556},
  year={2022}
}

 
@article{raffel2020exploring,
  title={Exploring the limits of transfer learning with a unified text-to-text transformer},
  author={Raffel, Colin and Shazeer, Noam and Roberts, Adam and Lee, Katherine and Narang, Sharan and Matena, Michael and Zhou, Yanqi and Li, Wei and Liu, Peter J},
  journal={The Journal of Machine Learning Research},
  volume={21},
  number={1},
  pages={5485--5551},
  year={2020},
  publisher={JMLRORG}
}

@article{karanam2016comprehensive,
  title={A comprehensive evaluation and benchmark for person re-identification: Features, metrics, and datasets},
  author={Karanam, Srikrishna and Gou, Mengran and Wu, Ziyan and Rates-Borras, Angels and Camps, Octavia and Radke, Richard J},
  journal={arXiv preprint arXiv:1605.09653},
  volume={2},
  number={3},
  pages={5},
  year={2016}
}

% #MGN
 @inproceedings{Wang_Yuan_Chen_Li_Zhou_2018,   title={Learning Discriminative Features with Multiple Granularities for Person Re-Identification},  url={http://dx.doi.org/10.1145/3240508.3240552},  DOI={10.1145/3240508.3240552},  booktitle={In ACM Multimedia},  author={Wang, Guanshuo and Yuan, Yufeng and Chen, Xiong and Li, Jiwei and Zhou, Xi},  year={2018},  month={Oct},  language={en-US}  }

%MSMT17 PTGAN
 @inproceedings{wei2018person,
  title={Person transfer gan to bridge domain gap for person re-identification},
  author={Wei, Longhui and Zhang, Shiliang and Gao, Wen and Tian, Qi},
  booktitle={CVPR},
  pages={79--88},
  year={2018}
}

%market
@inproceedings{zheng2015scalable,
  title={Scalable person re-identification: A benchmark},
  author={Zheng, Liang and Shen, Liyue and Tian, Lu and Wang, Shengjin and Wang, Jingdong and Tian, Qi},
  booktitle={ICCV},
  pages={1116--1124},
  year={2015}
}

@inproceedings{zheng2017unlabeled,
  title={Unlabeled samples generated by gan improve the person re-identification baseline in vitro},
  author={Zheng, Zhedong and Zheng, Liang and Yang, Yi},
  booktitle={ICCV},
  pages={3754--3762},
  year={2017}
}


@article{hermans2017defense,
  title={In defense of the triplet loss for person re-identification},
  author={Hermans, Alexander and Beyer, Lucas and Leibe, Bastian},
  journal={arXiv preprint arXiv:1703.07737},
  year={2017}
}

@inproceedings{chen2018group,
  title={Group consistent similarity learning via deep crf for person re-identification},
  author={Chen, Dapeng and Xu, Dan and Li, Hongsheng and Sebe, Nicu and Wang, Xiaogang},
  booktitle={CVPR},
  pages={8649--8658},
  year={2018}
}

@inproceedings{suh2018part,
  title={Part-aligned bilinear representations for person re-identification},
  author={Suh, Yumin and Wang, Jingdong and Tang, Siyu and Mei, Tao and Lee, Kyoung Mu},
  booktitle={ECCV},
  pages={402--419},
  year={2018}
}

@inproceedings{wang2018learning,
  title={Learning discriminative features with multiple granularities for person re-identification},
  author={Wang, Guanshuo and Yuan, Yufeng and Chen, Xiong and Li, Jiwei and Zhou, Xi},
  booktitle={ACM Multimedia},
  pages={274--282},
  year={2018}
}




%glide
@article{nichol2021glide,
  title={Glide: Towards photorealistic image generation and editing with text-guided diffusion models},
  author={Nichol, Alex and Dhariwal, Prafulla and Ramesh, Aditya and Shyam, Pranav and Mishkin, Pamela and McGrew, Bob and Sutskever, Ilya and Chen, Mark},
  journal={arXiv preprint arXiv:2112.10741},
  year={2021}
}

%beats gan
@article{dhariwal2021diffusion,
  title={Diffusion models beat gans on image synthesis},
  author={Dhariwal, Prafulla and Nichol, Alexander},
  journal={NeurIPS},
  volume={34},
  pages={8780--8794},
  year={2021}
}

%latent diff
@inproceedings{rombach2022high,
  title={High-resolution image synthesis with latent diffusion models},
  author={Rombach, Robin and Blattmann, Andreas and Lorenz, Dominik and Esser, Patrick and Ommer, Bj{\"o}rn},
  booktitle={CVPR},
  pages={10684--10695},
  year={2022}
}


%Imagen
@article{saharia2022photorealistic,
  title={Photorealistic text-to-image diffusion models with deep language understanding},
  author={Saharia, Chitwan and Chan, William and Saxena, Saurabh and Li, Lala and Whang, Jay and Denton, Emily L and Ghasemipour, Kamyar and Gontijo Lopes, Raphael and Karagol Ayan, Burcu and Salimans, Tim and others},
  journal={NeurIPS},
  volume={35},
  pages={36479--36494},
  year={2022}
}

%dreambooth
@article{ruiz2022dreambooth,
  title={Dreambooth: Fine tuning text-to-image diffusion models for subject-driven generation},
  author={Ruiz, Nataniel and Li, Yuanzhen and Jampani, Varun and Pritch, Yael and Rubinstein, Michael and Aberman, Kfir},
  journal={arXiv preprint arXiv:2208.12242},
  year={2022}
}



%BDB
@inproceedings{dai2019batch,
  title={Batch dropblock network for person re-identification and beyond},
  author={Dai, Zuozhuo and Chen, Mingqiang and Gu, Xiaodong and Zhu, Siyu and Tan, Ping},
  booktitle={ICCV},
  pages={3691--3701},
  year={2019}
}

%pngan
@inproceedings{qian2018pose,
  title={Pose-normalized image generation for person re-identification},
  author={Qian, Xuelin and Fu, Yanwei and Xiang, Tao and Wang, Wenxuan and Qiu, Jie and Wu, Yang and Jiang, Yu-Gang and Xue, Xiangyang},
  booktitle={ECCV},
  pages={650--667},
  year={2018}
}


@inproceedings{chen2017beyond,
  title={Beyond triplet loss: a deep quadruplet network for person re-identification},
  author={Chen, Weihua and Chen, Xiaotang and Zhang, Jianguo and Huang, Kaiqi},
  booktitle={CVPR},
  pages={403--412},
  year={2017}
}

@inproceedings{yuan2020defense,
  title={In defense of the triplet loss again: Learning robust person re-identification with fast approximated triplet loss and label distillation},
  author={Yuan, Ye and Chen, Wuyang and Yang, Yang and Wang, Zhangyang},
  booktitle={CVPR Workshops},
  pages={354--355},
  year={2020}
}

@inproceedings{shen2018person,
  title={Person re-identification with deep similarity-guided graph neural network},
  author={Shen, Yantao and Li, Hongsheng and Yi, Shuai and Chen, Dapeng and Wang, Xiaogang},
  booktitle={ECCV},
  pages={486--504},
  year={2018}
}

@inproceedings{zheng2017person,
  title={Person re-identification in the wild},
  author={Zheng, Liang and Zhang, Hengheng and Sun, Shaoyan and Chandraker, Manmohan and Yang, Yi and Tian, Qi},
  booktitle={CVPR},
  pages={1367--1376},
  year={2017}
}

@article{zheng2017discriminatively,
  title={A discriminatively learned cnn embedding for person reidentification},
  author={Zheng, Zhedong and Zheng, Liang and Yang, Yi},
  journal={ACM transactions on multimedia computing, communications, and applications (TOMM)},
  volume={14},
  number={1},
  pages={1--20},
  year={2017},
  publisher={ACM New York, NY, USA}
}

@inproceedings{zhou2017see,
  title={See the forest for the trees: Joint spatial and temporal recurrent neural networks for video-based person re-identification},
  author={Zhou, Zhen and Huang, Yan and Wang, Wei and Wang, Liang and Tan, Tieniu},
  booktitle={CVPR},
  pages={4747--4756},
  year={2017}
}

@inproceedings{deng2018image,
  title={Image-image domain adaptation with preserved self-similarity and domain-dissimilarity for person re-identification},
  author={Deng, Weijian and Zheng, Liang and Ye, Qixiang and Kang, Guoliang and Yang, Yi and Jiao, Jianbin},
  booktitle={CVPR},
  pages={994--1003},
  year={2018}
}

@inproceedings{sun2018beyond,
  title={Beyond part models: Person retrieval with refined part pooling (and a strong convolutional baseline)},
  author={Sun, Yifan and Zheng, Liang and Yang, Yi and Tian, Qi and Wang, Shengjin},
  booktitle={ECCV},
  pages={480--496},
  year={2018}
}

@inproceedings{qian2017multi,
  title={Multi-scale deep learning architectures for person re-identification},
  author={Qian, Xuelin and Fu, Yanwei and Jiang, Yu-Gang and Xiang, Tao and Xue, Xiangyang},
  booktitle={ICCV},
  pages={5399--5408},
  year={2017}
}

@article{qian2019leader,
  title={Leader-based multi-scale attention deep architecture for person re-identification},
  author={Qian, Xuelin and Fu, Yanwei and Xiang, Tao and Jiang, Yu-Gang and Xue, Xiangyang},
  journal={IEEE transactions on pattern analysis and machine intelligence},
  volume={42},
  number={2},
  pages={371--385},
  year={2019},
  publisher={IEEE}
}

@inproceedings{liu2019view,
  title={View confusion feature learning for person re-identification},
  author={Liu, Fangyi and Zhang, Lei},
  booktitle={ICCV},
  pages={6639--6648},
  year={2019}
}

@inproceedings{li2019recover,
  title={Recover and identify: A generative dual model for cross-resolution person re-identification},
  author={Li, Yu-Jhe and Chen, Yun-Chun and Lin, Yen-Yu and Du, Xiaofei and Wang, Yu-Chiang Frank},
  booktitle={ICCV},
  pages={8090--8099},
  year={2019}
}

@inproceedings{li2019cross,
  title={Cross-dataset person re-identification via unsupervised pose disentanglement and adaptation},
  author={Li, Yu-Jhe and Lin, Ci-Siang and Lin, Yan-Bo and Wang, Yu-Chiang Frank},
  booktitle={ICCV},
  pages={7919--7929},
  year={2019}
}

%SBSGAN
@inproceedings{huang2019sbsgan,
  title={SBSGAN: Suppression of inter-domain background shift for person re-identification},
  author={Huang, Yan and Wu, Qiang and Xu, JingSong and Zhong, Yi},
  booktitle={ICCV},
  pages={9527--9536},
  year={2019}
}

@inproceedings{jin2020style,
  title={Style normalization and restitution for generalizable person re-identification},
  author={Jin, Xin and Lan, Cuiling and Zeng, Wenjun and Chen, Zhibo and Zhang, Li},
  booktitle={CVPR},
  pages={3143--3152},
  year={2020}
}

@inproceedings{wan2020person,
  title={When person re-identification meets changing clothes},
  author={Wan, Fangbin and Wu, Yang and Qian, Xuelin and Chen, Yixiong and Fu, Yanwei},
  booktitle={CVPR Workshops},
  pages={830--831},
  year={2020}
}



@inproceedings{luo2019spectral,
  title={Spectral feature transformation for person re-identification},
  author={Luo, Chuanchen and Chen, Yuntao and Wang, Naiyan and Zhang, Zhaoxiang},
  booktitle={ICCV},
  pages={4976--4985},
  year={2019}
}

@inproceedings{gu2019temporal,
  title={Temporal knowledge propagation for image-to-video person re-identification},
  author={Gu, Xinqian and Ma, Bingpeng and Chang, Hong and Shan, Shiguang and Chen, Xilin},
  booktitle={ICCV},
  pages={9647--9656},
  year={2019}
}

@article{li2020multi,
  title={Multi-scale temporal cues learning for video person re-identification},
  author={Li, Jianing and Zhang, Shiliang and Huang, Tiejun},
  journal={IEEE Transactions on Image Processing},
  volume={29},
  pages={4461--4473},
  year={2020},
  publisher={IEEE}
}

@article{dankar2021fake,
  title={Fake it till you make it: Guidelines for effective synthetic data generation},
  author={Dankar, Fida K and Ibrahim, Mahmoud},
  journal={Applied Sciences},
  volume={11},
  number={5},
  pages={2158},
  year={2021},
  publisher={MDPI}
}

@inproceedings{richter2016playing,
  title={Playing for data: Ground truth from computer games},
  author={Richter, Stephan R and Vineet, Vibhav and Roth, Stefan and Koltun, Vladlen},
  booktitle={ECCV},
  pages={102--118},
  year={2016},
  organization={Springer}
}

@article{peng2017visda,
  title={Visda: The visual domain adaptation challenge},
  author={Peng, Xingchao and Usman, Ben and Kaushik, Neela and Hoffman, Judy and Wang, Dequan and Saenko, Kate},
  journal={arXiv preprint arXiv:1710.06924},
  year={2017}
}

@inproceedings{wang2020surpassing,
  title={Surpassing real-world source training data: Random 3d characters for generalizable person re-identification},
  author={Wang, Yanan and Liao, Shengcai and Shao, Ling},
  booktitle={ACM Multimedia},
  pages={3422--3430},
  year={2020}
}

@inproceedings{sun2019dissecting,
  title={Dissecting person re-identification from the viewpoint of viewpoint},
  author={Sun, Xiaoxiao and Zheng, Liang},
  booktitle={CVPR},
  pages={608--617},
  year={2019}
}

@article{goodfellow2020generative,
  title={Generative adversarial networks},
  author={Goodfellow, Ian and Pouget-Abadie, Jean and Mirza, Mehdi and Xu, Bing and Warde-Farley, David and Ozair, Sherjil and Courville, Aaron and Bengio, Yoshua},
  journal={Communications of the ACM},
  volume={63},
  number={11},
  pages={139--144},
  year={2020},
  publisher={ACM New York, NY, USA}
}

%cycle gan
@inproceedings{zhu2017unpaired,
  title={Unpaired image-to-image translation using cycle-consistent adversarial networks},
  author={Zhu, Jun-Yan and Park, Taesung and Isola, Phillip and Efros, Alexei A},
  booktitle={ICCV},
  pages={2223--2232},
  year={2017}
}

%dcgan
@inproceedings{liu2019deep,
  title={Deep adversarial graph attention convolution network for text-based person search},
  author={Liu, Jiawei and Zha, Zheng-Jun and Hong, Richang and Wang, Meng and Zhang, Yongdong},
  booktitle={ACM Multimedia},
  pages={665--673},
  year={2019}
}

@inproceedings{deng2018image,
  title={Image-image domain adaptation with preserved self-similarity and domain-dissimilarity for person re-identification},
  author={Deng, Weijian and Zheng, Liang and Ye, Qixiang and Kang, Guoliang and Yang, Yi and Jiao, Jianbin},
  booktitle={CVPR},
  pages={994--1003},
  year={2018}
}

%luperson
@inproceedings{fu2021unsupervised,
  title={Unsupervised pre-training for person re-identification},
  author={Fu, Dengpan and Chen, Dongdong and Bao, Jianmin and Yang, Hao and Yuan, Lu and Zhang, Lei and Li, Houqiang and Chen, Dong},
  booktitle={CVPR},
  pages={14750--14759},
  year={2021}
}

%lupersonnl
@inproceedings{fu2022large,
  title={Large-scale pre-training for person re-identification with noisy labels},
  author={Fu, Dengpan and Chen, Dongdong and Yang, Hao and Bao, Jianmin and Yuan, Lu and Zhang, Lei and Li, Houqiang and Wen, Fang and Chen, Dong},
  booktitle={CVPR},
  pages={2476--2486},
  year={2022}
}

%transformer pre
@article{luo2021self,
  title={Self-supervised pre-training for transformer-based person re-identification},
  author={Luo, Hao and Wang, Pichao and Xu, Yi and Ding, Feng and Zhou, Yanxin and Wang, Fan and Li, Hao and Jin, Rong},
  journal={arXiv preprint arXiv:2111.12084},
  year={2021}
}

%pass


%up
@inproceedings{yang2022unleashing,
  title={Unleashing Potential of Unsupervised Pre-Training with Intra-Identity Regularization for Person Re-Identification},
  author={Yang, Zizheng and Jin, Xin and Zheng, Kecheng and Zhao, Feng},
  booktitle={CVPR},
  pages={14298--14307},
  year={2022}
}

@inproceedings{sohl2015deep,
  title={Deep unsupervised learning using nonequilibrium thermodynamics},
  author={Sohl-Dickstein, Jascha and Weiss, Eric and Maheswaranathan, Niru and Ganguli, Surya},
  booktitle={ICML},
  pages={2256--2265},
  year={2015},
  organization={PMLR}
}

%ddpm
@article{ho2020denoising,
  title={Denoising diffusion probabilistic models},
  author={Ho, Jonathan and Jain, Ajay and Abbeel, Pieter},
  journal={Advances in Neural Information Processing Systems},
  volume={33},
  pages={6840--6851},
  year={2020}
}

%ddim
@article{song2020denoising,
  title={Denoising diffusion implicit models},
  author={Song, Jiaming and Meng, Chenlin and Ermon, Stefano},
  journal={arXiv preprint arXiv:2010.02502},
  year={2020}
}



@inproceedings{radford2021learning,
  title={Learning transferable visual models from natural language supervision},
  author={Radford, Alec and Kim, Jong Wook and Hallacy, Chris and Ramesh, Aditya and Goh, Gabriel and Agarwal, Sandhini and Sastry, Girish and Askell, Amanda and Mishkin, Pamela and Clark, Jack and others},
  booktitle={ICML},
  pages={8748--8763},
  year={2021},
  organization={PMLR}
}

@inproceedings{jia2021scaling,
  title={Scaling up visual and vision-language representation learning with noisy text supervision},
  author={Jia, Chao and Yang, Yinfei and Xia, Ye and Chen, Yi-Ting and Parekh, Zarana and Pham, Hieu and Le, Quoc and Sung, Yun-Hsuan and Li, Zhen and Duerig, Tom},
  booktitle={ICML},
  pages={4904--4916},
  year={2021},
  organization={PMLR}
}

%blip2
@article{li2023blip,
  title={Blip-2: Bootstrapping language-image pre-training with frozen image encoders and large language models},
  author={Li, Junnan and Li, Dongxu and Savarese, Silvio and Hoi, Steven},
  journal={arXiv preprint arXiv:2301.12597},
  year={2023}
}

%agw
@article{pami21reidsurvey,
  title={Deep Learning for Person Re-identification: A Survey and Outlook},
  author={Ye, Mang and Shen, Jianbing and Lin, Gaojie and Xiang, Tao and Shao, Ling and Hoi, Steven C. H.},
  journal={IEEE Transactions on Pattern Analysis and Machine Intelligence},
  year={2021},
}

%esnet
@article{shen2020net,
  title={Es-net: Erasing salient parts to learn more in re-identification},
  author={Shen, Dong and Zhao, Shuai and Hu, Jinming and Feng, Hao and Cai, Deng and He, Xiaofei},
  journal={IEEE Transactions on Image Processing},
  volume={30},
  pages={1676--1686},
  year={2020},
  publisher={IEEE}
}

%flipreid
@inproceedings{ni2021flipreid,
  title={Flipreid: closing the gap between training and inference in person re-identification},
  author={Ni, Xingyang and Rahtu, Esa},
  booktitle={2021 9th European Workshop on Visual Information Processing (EUVIP)},
  pages={1--6},
  year={2021},
  organization={IEEE}
}

%adaptive
@inproceedings{ni2021adaptive,
  title={Adaptive L2 regularization in person re-identification},
  author={Ni, Xingyang and Fang, Liang and Huttunen, Heikki},
  booktitle={In ICPR},
  pages={9601--9607},
  year={2021},
  organization={IEEE}
}

%topdbnet
@inproceedings{quispe2021top,
  title={Top-db-net: Top dropblock for activation enhancement in person re-identification},
  author={Quispe, Rodolfo and Pedrini, Helio},
  booktitle={In ICPR},
  pages={2980--2987},
  year={2021},
  organization={IEEE}
}

@InProceedings{lwb2019,
    title={Liquid Warping GAN: A Unified Framework for Human Motion Imitation, Appearance Transfer and Novel View Synthesis},
    author={Wen Liu and Zhixin Piao, Min Jie, Wenhan Luo, Lin Ma and Shenghua Gao},
    booktitle={ICCV},
    year={2019}
}

@inproceedings{huang2021few,
  title={Few-Shot Human Motion Transfer by Personalized Geometry and Texture Modeling},
  author={Huang, Zhichao and Han, Xintong and Xu, Jia and Zhang, Tong},
  booktitle={CVPR},
  year={2021}
}

@InProceedings{Siarohin_2019_NeurIPS,
  author={Siarohin, Aliaksandr and Lathuilière, Stéphane and Tulyakov, Sergey and Ricci, Elisa and Sebe, Nicu},
  title={First Order Motion Model for Image Animation},
  booktitle = {NeurIPS},
  month = {December},
  year = {2019}
}

@article{loshchilov2017decoupled,
  title={Decoupled weight decay regularization},
  author={Loshchilov, Ilya and Hutter, Frank},
  journal={arXiv preprint arXiv:1711.05101},
  year={2017}
}

@article{zhang2017mixup,
  title={mixup: Beyond empirical risk minimization},
  author={Zhang, Hongyi and Cisse, Moustapha and Dauphin, Yann N and Lopez-Paz, David},
  journal={arXiv preprint arXiv:1710.09412},
  year={2017}
}

@inproceedings{yun2019cutmix,
  title={Cutmix: Regularization strategy to train strong classifiers with localizable features},
  author={Yun, Sangdoo and Han, Dongyoon and Oh, Seong Joon and Chun, Sanghyuk and Choe, Junsuk and Yoo, Youngjoon},
  booktitle={ICCV},
  pages={6023--6032},
  year={2019}
}

@inproceedings{cubuk2020randaugment,
  title={Randaugment: Practical automated data augmentation with a reduced search space},
  author={Cubuk, Ekin D and Zoph, Barret and Shlens, Jonathon and Le, Quoc V},
  booktitle={CVPR Workshops},
  pages={702--703},
  year={2020}
}

@inproceedings{zhong2020random,
  title={Random erasing data augmentation},
  author={Zhong, Zhun and Zheng, Liang and Kang, Guoliang and Li, Shaozi and Yang, Yi},
  booktitle={AAAI},
  volume={34},
  number={07},
  pages={13001--13008},
  year={2020}
}

@inproceedings{szegedy2016rethinking,
  title={Rethinking the inception architecture for computer vision},
  author={Szegedy, Christian and Vanhoucke, Vincent and Ioffe, Sergey and Shlens, Jon and Wojna, Zbigniew},
  booktitle={CVPR},
  pages={2818--2826},
  year={2016}
}

@inproceedings{touvron2021going,
  title={Going deeper with image transformers},
  author={Touvron, Hugo and Cord, Matthieu and Sablayrolles, Alexandre and Synnaeve, Gabriel and J{\'e}gou, Herv{\'e}},
  booktitle={ICCV},
  pages={32--42},
  year={2021}
}

@article{polyak1992acceleration,
  title={Acceleration of stochastic approximation by averaging},
  author={Polyak, Boris T and Juditsky, Anatoli B},
  journal={SIAM journal on control and optimization},
  volume={30},
  number={4},
  pages={838--855},
  year={1992},
  publisher={SIAM}
}

%fastreid
@article{he2020fastreid,
  title={FastReID: A Pytorch Toolbox for General Instance Re-identification},
  author={He, Lingxiao and Liao, Xingyu and Liu, Wu and Liu, Xinchen and Cheng, Peng and Mei, Tao},
  journal={arXiv preprint arXiv:2006.02631},
  year={2020}
}

%deepchange
@article{xu2021long,
  title={DeepChange: A Large Long-Term Person Re-Identification Benchmark with Clothes Change},
  author={Xu, Peng and Zhu, Xiatian},
  journal={arXiv preprint arXiv:2105.14685},
  year={2021}
}

%viper
@article{gray2008viewpoint,
  title={Viewpoint Invariant Pedestrian Recognition with an Ensemble of Localized Features.},
  author={Gray, Douglas and Tao, Hai},
  journal={ECCV (1)},
  volume={2008},
  pages={262--275},
  year={2008}
}
%grid
@inproceedings{loy2013person,
  title={Person re-identification by manifold ranking},
  author={Loy, Chen Change and Liu, Chunxiao and Gong, Shaogang},
  booktitle={2013 IEEE international conference on image processing},
  pages={3567--3571},
  year={2013},
  organization={IEEE}
}

%sysu30
@article{wang2020weakly,
  title={Weakly supervised person re-id: Differentiable graphical learning and a new benchmark},
  author={Wang, Guangrun and Wang, Guangcong and Zhang, Xujie and Lai, Jianhuang and Yu, Zhengtao and Lin, Liang},
  journal={IEEE Transactions on Neural Networks and Learning Systems},
  volume={32},
  number={5},
  pages={2142--2156},
  year={2020},
  publisher={IEEE}
}
%personX
@inproceedings{sun2019dissecting,
  title={Dissecting person re-identification from the viewpoint of viewpoint},
  author={Sun, Xiaoxiao and Zheng, Liang},
  booktitle={CVPR},
  pages={608--617},
  year={2019}
}
%IMDB
@article{wang2018devil,
	title={The Devil of Face Recognition is in the Noise},
	author={Wang, Fei and Chen, Liren and Li, Cheng and Huang, Shiyao and Chen, Yanjie and Qian, Chen and Loy, Chen Change},
	journal={arXiv preprint arXiv:1807.11649},
	year={2018}
}
%camstyle
@article{zhong2018camstyle,
  title={Camstyle: A novel data augmentation method for person re-identification},
  author={Zhong, Zhun and Zheng, Liang and Zheng, Zhedong and Li, Shaozi and Yang, Yi},
  journal={IEEE Transactions on Image Processing},
  volume={28},
  number={3},
  pages={1176--1190},
  year={2018},
  publisher={IEEE}
}

%gan
@article{goodfellow2020generative,
  title={Generative adversarial networks},
  author={Goodfellow, Ian and Pouget-Abadie, Jean and Mirza, Mehdi and Xu, Bing and Warde-Farley, David and Ozair, Sherjil and Courville, Aaron and Bengio, Yoshua},
  journal={Communications of the ACM},
  volume={63},
  number={11},
  pages={139--144},
  year={2020},
  publisher={ACM New York, NY, USA}
}

%clip
@inproceedings{radford2021learning,
  title={Learning transferable visual models from natural language supervision},
  author={Radford, Alec and Kim, Jong Wook and Hallacy, Chris and Ramesh, Aditya and Goh, Gabriel and Agarwal, Sandhini and Sastry, Girish and Askell, Amanda and Mishkin, Pamela and Clark, Jack and others},
  booktitle={ICML},
  pages={8748--8763},
  year={2021},
  organization={PMLR}
}
%cluster
@inproceedings{dai2022cluster,
  title={Cluster contrast for unsupervised person re-identification},
  author={Dai, Zuozhuo and Wang, Guangyuan and Yuan, Weihao and Zhu, Siyu and Tan, Ping},
  booktitle={ACCV},
  pages={1142--1160},
  year={2022}
}

%idm
@inproceedings{dai2021idm,
  title={Idm: An intermediate domain module for domain adaptive person re-id},
  author={Dai, Yongxing and Liu, Jun and Sun, Yifan and Tong, Zekun and Zhang, Chi and Duan, Ling-Yu},
  booktitle={ICCV},
  pages={11864--11874},
  year={2021}
}
%cuhk


%PPLR
@inproceedings{cho2022part,
  title={Part-based pseudo label refinement for unsupervised person re-identification},
  author={Cho, Yoonki and Kim, Woo Jae and Hong, Seunghoon and Yoon, Sung-Eui},
  booktitle={CVPR},
  pages={7308--7318},
  year={2022}
}
%hhcl
@inproceedings{hu2021hard,
  title={Hard-sample guided hybrid contrast learning for unsupervised person re-identification},
  author={Hu, Zheng and Zhu, Chuang and He, Gang},
  booktitle={2021 7th IEEE International Conference on Network Intelligence and Digital Content (IC-NIDC)},
  pages={91--95},
  year={2021},
  organization={IEEE}
}
%spcl
@article{ge2020self,
  title={Self-paced contrastive learning with hybrid memory for domain adaptive object re-id},
  author={Ge, Yixiao and Zhu, Feng and Chen, Dapeng and Zhao, Rui and others},
  journal={Advances in Neural Information Processing Systems},
  volume={33},
  pages={11309--11321},
  year={2020}
}
%GLT
@inproceedings{zheng2021group,
  title={Group-aware label transfer for domain adaptive person re-identification},
  author={Zheng, Kecheng and Liu, Wu and He, Lingxiao and Mei, Tao and Luo, Jiebo and Zha, Zheng-Jun},
  booktitle={CVPR},
  pages={5310--5319},
  year={2021}
}
%UNRN
@inproceedings{zheng2021exploiting,
  title={Exploiting sample uncertainty for domain adaptive person re-identification},
  author={Zheng, Kecheng and Lan, Cuiling and Zeng, Wenjun and Zhang, Zhizheng and Zha, Zheng-Jun},
  booktitle={Proceedings of the AAAI Conference on Artificial Intelligence},
  volume={35},
  number={4},
  pages={3538--3546},
  year={2021}
}

@inproceedings{li2014deepreid,
  title={Deepreid: Deep filter pairing neural network for person re-identification},
  author={Li, Wei and Zhao, Rui and Xiao, Tong and Wang, Xiaogang},
  booktitle={CVPR},
  pages={152--159},
  year={2014}
}

@article{zhou2019vlp,
  title={Unified Vision-Language Pre-Training for Image Captioning and VQA},
  author={Luowei Zhou, Hamid Palangi, Lei Zhang, Houdong Hu, Jason J. Corso, Jianfeng Gao},
  journal={arXiv preprint arXiv:1909.11059},
  year={2019}
}

@inproceedings{li2022blip,
  title={Blip: Bootstrapping language-image pre-training for unified vision-language understanding and generation},
  author={Li, Junnan and Li, Dongxu and Xiong, Caiming and Hoi, Steven},
  booktitle={International Conference on Machine Learning},
  pages={12888--12900},
  year={2022},
  organization={PMLR}
}

@inproceedings{chen2023beyond,
  title={Beyond Appearance: a Semantic Controllable Self-Supervised Learning Framework for Human-Centric Visual Tasks},
  author={Weihua Chen and Xianzhe Xu and Jian Jia and Hao Luo and Yaohua Wang and Fan Wang and Rong Jin and Xiuyu Sun},
  booktitle={CVPR},
  year={2023},
}

@inproceedings{choi2021meta,
  title={Meta batch-instance normalization for generalizable person re-identification},
  author={Choi, Seokeon and Kim, Taekyung and Jeong, Minki and Park, Hyoungseob and Kim, Changick},
  booktitle={CVPR},
  pages={3425--3435},
  year={2021}
}

@inproceedings{xu2022mimic,
  title={Mimic embedding via adaptive aggregation: learning generalizable person re-identification},
  author={Xu, Boqiang and Liang, Jian and He, Lingxiao and Sun, Zhenan},
  booktitle={ECCV},
  pages={372--388},
  year={2022},
  organization={Springer}
}





@inproceedings{lee2023camera,
  title={Camera-Driven Representation Learning for Unsupervised Domain Adaptive Person Re-identification},
  author={Lee, Geon and Lee, Sanghoon and Kim, Dohyung and Shin, Younghoon and Yoon, Yongsang and Ham, Bumsub},
  booktitle={ICCV},
  pages={11453--11462},
  year={2023}
}




@inproceedings{zheng2021online,
  title={Online pseudo label generation by hierarchical cluster dynamics for adaptive person re-identification},
  author={Zheng, Yi and Tang, Shixiang and Teng, Guolong and Ge, Yixiao and Liu, Kaijian and Qin, Jing and Qi, Donglian and Chen, Dapeng},
  booktitle={ICCV},
  pages={8371--8381},
  year={2021}
}
@inproceedings{li2013locally,
  title={Locally aligned feature transforms across views},
  author={Li, Wei and Wang, Xiaogang},
  booktitle={CVPR},
  pages={3594--3601},
  year={2013}
}

@article{xiao2016end,
  title={End-to-end deep learning for person search},
  author={Xiao, Tong and Li, Shuang and Wang, Bochao and Lin, Liang and Wang, Xiaogang},
  journal={arXiv preprint arXiv:1604.01850},
  volume={2},
  number={2},
  pages={4},
  year={2016}
}

@inproceedings{hirzer2011person,
  title={Person re-identification by descriptive and discriminative classification},
  author={Hirzer, Martin and Beleznai, Csaba and Roth, Peter M and Bischof, Horst},
  booktitle={Image Analysis: 17th Scandinavian Conference, SCIA 2011, Ystad, Sweden, May 2011. Proceedings 17},
  pages={91--102},
  year={2011},
  organization={Springer}
}

@article{loy2010time,
  title={Time-delayed correlation analysis for multi-camera activity understanding},
  author={Loy, Chen Change and Xiang, Tao and Gong, Shaogang},
  journal={International Journal of Computer Vision},
  volume={90},
  pages={106--129},
  year={2010},
  publisher={Springer}
}

@inproceedings{gray2008viewpoint,
  title={Viewpoint invariant pedestrian recognition with an ensemble of localized features},
  author={Gray, Douglas and Tao, Hai},
  booktitle={Computer Vision--ECCV 2008: 10th European Conference on Computer Vision, Marseille, France, October 12-18, 2008, Proceedings, Part I 10},
  pages={262--275},
  year={2008},
  organization={Springer}
}

 @inproceedings{Zheng_Gong_Xiang_2009,  
 title={Associating Groups of People}, 
 url={http://dx.doi.org/10.5244/c.23.23}, 
 DOI={10.5244/c.23.23}, 
 booktitle={BMVC}, 
 author={Zheng, Wei-Shi and Gong, Shaogang and Xiang, Tao}, 
 year={2009}, 
 month={Jan}, 
 language={en-US} 
 }

@article{DBLP:journals/tcsv/ZhengZY19,
  author       = {Zhedong Zheng and
                  Liang Zheng and
                  Yi Yang},
  title        = {Pedestrian Alignment Network for Large-scale Person Re-Identification},
  journal      = {{IEEE} Trans. Circuits Syst. Video Technol.},
  volume       = {29},
  number       = {10},
  pages        = {3037--3045},
  year         = {2019},
  url          = {https://doi.org/10.1109/TCSVT.2018.2873599},
  doi          = {10.1109/TCSVT.2018.2873599},
  timestamp    = {Wed, 27 Oct 2021 12:33:55 +0200},
  biburl       = {https://dblp.org/rec/journals/tcsv/ZhengZY19.bib},
  bibsource    = {dblp computer science bibliography, https://dblp.org}
}

@article{kansal2020sdl,
  title={SDL: Spectrum-disentangled representation learning for visible-infrared person re-identification},
  author={Kansal, Kajal and Subramanyam, A Venkata and Wang, Zheng and Satoh, Shin’ichi},
  journal={IEEE Transactions on Circuits and Systems for Video Technology},
  volume={30},
  number={10},
  pages={3422--3432},
  year={2020},
  publisher={IEEE}
}

@article{ning2020feature,
  title={Feature refinement and filter network for person re-identification},
  author={Ning, Xin and Gong, Ke and Li, Weijun and Zhang, Liping and Bai, Xiao and Tian, Shengwei},
  journal={IEEE Transactions on Circuits and Systems for Video Technology},
  volume={31},
  number={9},
  pages={3391--3402},
  year={2020},
  publisher={IEEE}
}

@article{tan2021incomplete,
  title={Incomplete descriptor mining with elastic loss for person re-identification},
  author={Tan, Hongchen and Liu, Xiuping and Bian, Yuhao and Wang, Huasheng and Yin, Baocai},
  journal={IEEE Transactions on Circuits and Systems for Video Technology},
  volume={32},
  number={1},
  pages={160--171},
  year={2021},
  publisher={IEEE}
}

@ARTICLE{10036012,
  author={Cui, Zhenyu and Zhou, Jiahuan and Peng, Yuxin and Zhang, Shiliang and Wang, Yaowei},
  journal={IEEE Transactions on Circuits and Systems for Video Technology}, 
  title={DCR-ReID: Deep Component Reconstruction for Cloth-Changing Person Re-Identification}, 
  year={2023},
  volume={33},
  number={8},
  pages={4415-4428},
  doi={10.1109/TCSVT.2023.3241988}}

@inproceedings{sohl2015deep,
  title={Deep unsupervised learning using nonequilibrium thermodynamics},
  author={Sohl-Dickstein, Jascha and Weiss, Eric and Maheswaranathan, Niru and Ganguli, Surya},
  booktitle={International conference on machine learning},
  pages={2256--2265},
  year={2015},
  organization={PMLR}
}

@article{ho2020denoising,
  title={Denoising diffusion probabilistic models},
  author={Ho, Jonathan and Jain, Ajay and Abbeel, Pieter},
  journal={Advances in neural information processing systems},
  volume={33},
  pages={6840--6851},
  year={2020}
}

@inproceedings{nichol2021improved,
  title={Improved denoising diffusion probabilistic models},
  author={Nichol, Alexander Quinn and Dhariwal, Prafulla},
  booktitle={International Conference on Machine Learning},
  pages={8162--8171},
  year={2021},
  organization={PMLR}
}

@article{saharia2022photorealistic,
  title={Photorealistic text-to-image diffusion models with deep language understanding},
  author={Saharia, Chitwan and Chan, William and Saxena, Saurabh and Li, Lala and Whang, Jay and Denton, Emily L and Ghasemipour, Kamyar and Gontijo Lopes, Raphael and Karagol Ayan, Burcu and Salimans, Tim and others},
  journal={Advances in Neural Information Processing Systems},
  volume={35},
  pages={36479--36494},
  year={2022}
}

@article{ramesh2022hierarchical,
  title={Hierarchical text-conditional image generation with clip latents},
  author={Ramesh, Aditya and Dhariwal, Prafulla and Nichol, Alex and Chu, Casey and Chen, Mark},
  journal={arXiv preprint arXiv:2204.06125},
  volume={1},
  number={2},
  pages={3},
  year={2022}
}
@inproceedings{radford2021learning,
  title={Learning transferable visual models from natural language supervision},
  author={Radford, Alec and Kim, Jong Wook and Hallacy, Chris and Ramesh, Aditya and Goh, Gabriel and Agarwal, Sandhini and Sastry, Girish and Askell, Amanda and Mishkin, Pamela and Clark, Jack and others},
  booktitle={International conference on machine learning},
  pages={8748--8763},
  year={2021},
  organization={PMLR}
}

@inproceedings{rombach2022high,
  title={High-resolution image synthesis with latent diffusion models},
  author={Rombach, Robin and Blattmann, Andreas and Lorenz, Dominik and Esser, Patrick and Ommer, Bj{\"o}rn},
  booktitle={CVPR},
  pages={10684--10695},
  year={2022}
}

@article{huang2023vi,
  title={VI-Diff: Unpaired Visible-Infrared Translation Diffusion Model for Single Modality Labeled Visible-Infrared Person Re-identification},
  author={Huang, Han and Huang, Yan and Wang, Liang},
  journal={arXiv preprint arXiv:2310.04122},
  year={2023}
}

@article{he2022synthetic,
  title={Is synthetic data from generative models ready for image recognition?},
  author={He, Ruifei and Sun, Shuyang and Yu, Xin and Xue, Chuhui and Zhang, Wenqing and Torr, Philip and Bai, Song and Qi, Xiaojuan},
  journal={arXiv preprint arXiv:2210.07574},
  year={2022}
}

@inproceedings{chen2021ice,
  title={Ice: Inter-instance contrastive encoding for unsupervised person re-identification},
  author={Chen, Hao and Lagadec, Benoit and Bremond, Francois},
  booktitle={ICCV},
  pages={14960--14969},
  year={2021}
}


@inproceedings{zheng2021group,
  title={Group-aware label transfer for domain adaptive person re-identification},
  author={Zheng, Kecheng and Liu, Wu and He, Lingxiao and Mei, Tao and Luo, Jiebo and Zha, Zheng-Jun},
  booktitle={CVPR},
  pages={5310--5319},
  year={2021}
}
@inproceedings{zheng2021exploiting,
  title={Exploiting sample uncertainty for domain adaptive person re-identification},
  author={Zheng, Kecheng and Lan, Cuiling and Zeng, Wenjun and Zhang, Zhizheng and Zha, Zheng-Jun},
  booktitle={Proceedings of the AAAI Conference on Artificial Intelligence},
  volume={35},
  number={4},
  pages={3538--3546},
  year={2021}
}

@inproceedings{liu2021swin,
  title={Swin transformer: Hierarchical vision transformer using shifted windows},
  author={Liu, Ze and Lin, Yutong and Cao, Yue and Hu, Han and Wei, Yixuan and Zhang, Zheng and Lin, Stephen and Guo, Baining},
  booktitle={ICCV},
  pages={10012--10022},
  year={2021}
}
@inproceedings{qian2020long,
  title={Long-term cloth-changing person re-identification},
  author={Qian, Xuelin and Wang, Wenxuan and Zhang, Li and Zhu, Fangrui and Fu, Yanwei and Xiang, Tao and Jiang, Yu-Gang and Xue, Xiangyang},
  booktitle={Proceedings of the Asian Conference on Computer Vision},
  year={2020}
}
@inproceedings{bansal2022cloth,
  title={Cloth-changing person re-identification with self-attention},
  author={Bansal, Vaibhav and Foresti, Gian Luca and Martinel, Niki},
  booktitle={Proceedings of the IEEE/CVF Winter Conference on Applications of Computer Vision},
  pages={602--610},
  year={2022}
}
@inproceedings{jin2022cloth,
  title={Cloth-changing person re-identification from a single image with gait prediction and regularization},
  author={Jin, Xin and He, Tianyu and Zheng, Kecheng and Yin, Zhiheng and Shen, Xu and Huang, Zhen and Feng, Ruoyu and Huang, Jianqiang and Chen, Zhibo and Hua, Xian-Sheng},
  booktitle={Proceedings of the IEEE/CVF conference on computer vision and pattern recognition},
  pages={14278--14287},
  year={2022}
}
@inproceedings{hong2021fine,
  title={Fine-grained shape-appearance mutual learning for cloth-changing person re-identification},
  author={Hong, Peixian and Wu, Tao and Wu, Ancong and Han, Xintong and Zheng, Wei-Shi},
  booktitle={Proceedings of the IEEE/CVF conference on computer vision and pattern recognition},
  pages={10513--10522},
  year={2021}
}
@inproceedings{guo2023semantic,
  title={Semantic-aware consistency network for cloth-changing person re-identification},
  author={Guo, Peini and Liu, Hong and Wu, Jianbing and Wang, Guoquan and Wang, Tao},
  booktitle={Proceedings of the 31st ACM International Conference on Multimedia},
  pages={8730--8739},
  year={2023}
}
@article{wang2024content,
  title={Content and Salient Semantics Collaboration for Cloth-Changing Person Re-Identification},
  author={Wang, Qizao and Qian, Xuelin and Li, Bin and Chen, Lifeng and Fu, Yanwei and Xue, Xiangyang},
  journal={arXiv preprint arXiv:2405.16597},
  year={2024}
}
@article{feng2019learning,
  title={Learning modality-specific representations for visible-infrared person re-identification},
  author={Feng, Zhanxiang and Lai, Jianhuang and Xie, Xiaohua},
  journal={IEEE Transactions on Image Processing},
  volume={29},
  pages={579--590},
  year={2019},
  publisher={IEEE}
}
@inproceedings{wang2019learning,
  title={Learning to reduce dual-level discrepancy for infrared-visible person re-identification},
  author={Wang, Zhixiang and Wang, Zheng and Zheng, Yinqiang and Chuang, Yung-Yu and Satoh, Shin'ichi},
  booktitle={Proceedings of the IEEE/CVF conference on computer vision and pattern recognition},
  pages={618--626},
  year={2019}
}
@article{huang2023deep8vc,
  title={Deep learning for visible-infrared cross-modality person re-identification: A comprehensive review},
  author={Huang, Nianchang and Liu, Jianan and Miao, Yunqi and Zhang, Qiang and Han, Jungong},
  journal={Information Fusion},
  volume={91},
  pages={396--411},
  year={2023},
  publisher={Elsevier}
}
@inproceedings{ye2020dynamic,
  title={Dynamic dual-attentive aggregation learning for visible-infrared person re-identification},
  author={Ye, Mang and Shen, Jianbing and J. Crandall, David and Shao, Ling and Luo, Jiebo},
  booktitle={Computer Vision--ECCV 2020: 16th European Conference, Glasgow, UK, August 23--28, 2020, Proceedings, Part XVII 16},
  pages={229--247},
  year={2020},
  organization={Springer}
}
@inproceedings{shao2023unified,
  title={Unified pre-training with pseudo texts for text-to-image person re-identification},
  author={Shao, Zhiyin and Zhang, Xinyu and Ding, Changxing and Wang, Jian and Wang, Jingdong},
  booktitle={Proceedings of the IEEE/CVF International Conference on Computer Vision},
  pages={11174--11184},
  year={2023}
}
@article{han2023text,
  title={Text-to-Image Person Re-identification Based on Multimodal Graph Convolutional Network},
  author={Han, Guang and Lin, Min and Li, Ziyang and Zhao, Haitao and Kwong, Sam},
  journal={IEEE Transactions on Multimedia},
  year={2023},
  publisher={IEEE}
}
@inproceedings{zhao2024unifying,
  title={Unifying Multi-Modal Uncertainty Modeling and Semantic Alignment for Text-to-Image Person Re-identification},
  author={Zhao, Zhiwei and Liu, Bin and Lu, Yan and Chu, Qi and Yu, Nenghai},
  booktitle={Proceedings of the AAAI Conference on Artificial Intelligence},
  volume={38},
  number={7},
  pages={7534--7542},
  year={2024}
}
@article{bai2023qwen,
  title={Qwen-vl: A frontier large vision-language model with versatile abilities},
  author={Bai, Jinze and Bai, Shuai and Yang, Shusheng and Wang, Shijie and Tan, Sinan and Wang, Peng and Lin, Junyang and Zhou, Chang and Zhou, Jingren},
  journal={arXiv preprint arXiv:2308.12966},
  year={2023}
}
@article{wang2024qwen2,
  title={Qwen2-vl: Enhancing vision-language model's perception of the world at any resolution},
  author={Wang, Peng and Bai, Shuai and Tan, Sinan and Wang, Shijie and Fan, Zhihao and Bai, Jinze and Chen, Keqin and Liu, Xuejing and Wang, Jialin and Ge, Wenbin and others},
  journal={arXiv preprint arXiv:2409.12191},
  year={2024}
}
@article{yang2023dawn,
  title={The dawn of lmms: Preliminary explorations with gpt-4v (ision)},
  author={Yang, Zhengyuan and Li, Linjie and Lin, Kevin and Wang, Jianfeng and Lin, Chung-Ching and Liu, Zicheng and Wang, Lijuan},
  journal={arXiv preprint arXiv:2309.17421},
  volume={9},
  number={1},
  pages={1},
  year={2023}
}
@article{liu2024visual,
  title={Visual instruction tuning},
  author={Liu, Haotian and Li, Chunyuan and Wu, Qingyang and Lee, Yong Jae},
  journal={Advances in neural information processing systems},
  volume={36},
  year={2024}
}

@inproceedings{yang2023towards,
  title={Towards unified text-based person retrieval: A large-scale multi-attribute and language search benchmark},
  author={Yang, Shuyu and Zhou, Yinan and Zheng, Zhedong and Wang, Yaxiong and Zhu, Li and Wu, Yujiao},
  booktitle={Proceedings of the 31st ACM International Conference on Multimedia},
  pages={4492--4501},
  year={2023}
}

@inproceedings{yang2024pedestrian,
  title={A pedestrian is worth one prompt: Towards language guidance person re-identification},
  author={Yang, Zexian and Wu, Dayan and Wu, Chenming and Lin, Zheng and Gu, Jingzi and Wang, Weiping},
  booktitle={Proceedings of the IEEE/CVF Conference on Computer Vision and Pattern Recognition},
  pages={17343--17353},
  year={2024}
}

@inproceedings{li2023clip,
  title={CLIP-ReID: exploiting vision-language model for image re-identification without concrete text labels},
  author={Li, Siyuan and Sun, Li and Li, Qingli},
  booktitle={Proceedings of the AAAI Conference on Artificial Intelligence},
  volume={37},
  number={1},
  pages={1405--1413},
  year={2023}
}


@article{liu2023visual,
  title={Visual instruction tuning},
  author={Liu, Haotian and Li, Chunyuan and Wu, Qingyang and Lee, Yong Jae},
  journal={Advances in neural information processing systems},
  volume={36},
  pages={34892--34916},
  year={2023}
}

@article{he2025instruct,
  title={Instruct-ReID++: Towards Universal Purpose Instruction-Guided Person Re-identification},
  author={He, Weizhen and Deng, Yiheng and Yan, Yunfeng and Zhu, Feng and Wang, Yizhou and Bai, Lei and Xie, Qingsong and Zhao, Rui and Qi, Donglian and Ouyang, Wanli and others},
  journal={IEEE Transactions on Pattern Analysis and Machine Intelligence},
  year={2025},
  publisher={IEEE}
}

@inproceedings{he2024instruct,
  title={Instruct-ReID: A Multi-purpose Person Re-identification Task with Instructions},
  author={He, Weizhen and Deng, Yiheng and Tang, Shixiang and Chen, Qihao and Xie, Qingsong and Wang, Yizhou and Bai, Lei and Zhu, Feng and Zhao, Rui and Ouyang, Wanli and others},
  booktitle={Proceedings of the IEEE/CVF Conference on Computer Vision and Pattern Recognition},
  pages={17521--17531},
  year={2024}
}

@inproceedings{tan2024harnessing,
  title={Harnessing the Power of MLLMs for Transferable Text-to-Image Person ReID},
  author={Tan, Wentan and Ding, Changxing and Jiang, Jiayu and Wang, Fei and Zhan, Yibing and Tao, Dapeng},
  booktitle={Proceedings of the IEEE/CVF Conference on Computer Vision and Pattern Recognition},
  pages={17127--17137},
  year={2024}
}
@article{yang2024mllmreid,
  title={MLLMReID: Multimodal Large Language Model-based Person Re-identification},
  author={Yang, Shan and Zhang, Yongfei},
  journal={arXiv preprint arXiv:2401.13201},
  year={2024}
}
@inproceedings{yu2020cocas,
  title={Cocas: A large-scale clothes changing person dataset for re-identification},
  author={Yu, Shijie and Li, Shihua and Chen, Dapeng and Zhao, Rui and Yan, Junjie and Qiao, Yu},
  booktitle={Proceedings of the IEEE/CVF conference on computer vision and pattern recognition},
  pages={3400--3409},
  year={2020}
}
  @InProceedings{Zhang_2023_CVPR,
    author    = {Zhang, Yukang and Wang, Hanzi},
    title     = {Diverse Embedding Expansion Network and Low-Light Cross-Modality Benchmark for Visible-Infrared Person Re-Identification},
    booktitle = {Proceedings of the IEEE/CVF Conference on Computer Vision and Pattern Recognition (CVPR)},
    month     = {June},
    year      = {2023},
    pages     = {2153-2162}
}
@article{shu2021large,
  title={Large-scale spatio-temporal person re-identification: Algorithms and benchmark},
  author={Shu, Xiujun and Wang, Xiao and Zang, Xianghao and Zhang, Shiliang and Chen, Yuanqi and Li, Ge and Tian, Qi},
  journal={IEEE Transactions on Circuits and Systems for Video Technology},
  volume={32},
  number={7},
  pages={4390--4403},
  year={2021},
  publisher={IEEE}
}
@article{young2014image,
  title={From image descriptions to visual denotations: New similarity metrics for semantic inference over event descriptions},
  author={Young, Peter and Lai, Alice and Hodosh, Micah and Hockenmaier, Julia},
  journal={Transactions of the Association for Computational Linguistics},
  volume={2},
  pages={67--78},
  year={2014},
  publisher={MIT Press One Rogers Street, Cambridge, MA 02142-1209, USA journals-info~…}
}
@inproceedings{zuo2024ufinebench,
  title={UFineBench: Towards Text-based Person Retrieval with Ultra-fine Granularity},
  author={Zuo, Jialong and Zhou, Hanyu and Nie, Ying and Zhang, Feng and Guo, Tianyu and Sang, Nong and Wang, Yunhe and Gao, Changxin},
  booktitle={Proceedings of the IEEE/CVF Conference on Computer Vision and Pattern Recognition},
  pages={22010--22019},
  year={2024}
}
@article{wu2020rgb,
  title={RGB-IR person re-identification by cross-modality similarity preservation},
  author={Wu, Ancong and Zheng, Wei-Shi and Gong, Shaogang and Lai, Jianhuang},
  journal={International journal of computer vision},
  volume={128},
  number={6},
  pages={1765--1785},
  year={2020},
  publisher={Springer}
}
@article{nguyen2017person,
  title={Person recognition system based on a combination of body images from visible light and thermal cameras},
  author={Nguyen, Dat Tien and Hong, Hyung Gil and Kim, Ki Wan and Park, Kang Ryoung},
  journal={Sensors},
  volume={17},
  number={3},
  pages={605},
  year={2017},
  publisher={MDPI}
}
@ARTICLE{8936426,
  author={Yang, Qize and Wu, Ancong and Zheng, Wei-Shi},
  journal={IEEE Transactions on Pattern Analysis and Machine Intelligence}, 
  title={Person Re-Identification by Contour Sketch Under Moderate Clothing Change}, 
  year={2021},
  volume={43},
  number={6},
  pages={2029-2046},
  keywords={Clothing;Cameras;Feature extraction;Image color analysis;Shape;Reliability;Visualization;Person re-identification;clothing change},
  doi={10.1109/TPAMI.2019.2960509}}

@misc{zuo2023plip,
    title={PLIP: Language-Image Pre-training for Person Representation Learning},
    author={Jialong Zuo and Changqian Yu and Nong Sang and Changxin Gao},
    year={2023},
    eprint={2305.08386},
    archivePrefix={arXiv},
    primaryClass={cs.CV}
}
@inproceedings{Li_Xiao_Li_Zhou_Yue_Wang_2017,   title={Person Search with Natural Language Description},  url={http://dx.doi.org/10.1109/cvpr.2017.551},  DOI={10.1109/cvpr.2017.551},  booktitle={2017 IEEE Conference on Computer Vision and Pattern Recognition (CVPR)},  author={Li, Shuang and Xiao, Tong and Li, Hongsheng and Zhou, Bolei and Yue, Dayu and Wang, Xiaogang},  year={2017},  month={Jul},  language={en-US}  }

@article{Ding_Ding_Shao_Tao_2021,   title={Semantically Self-Aligned Network for Text-to-Image Part-aware Person Re-identification.},  journal={arXiv: Computer Vision and Pattern Recognition,arXiv: Computer Vision and Pattern Recognition},  author={Ding, Zefeng and Ding, Changxing and Shao, Zhiyin and Tao, Dacheng},  year={2021},  month={Jul},  language={en-US}  }
@inproceedings{Zhu_Wang_Li_Wan_Jin_Wang_Hu_Hua_2021,   title={DSSL: Deep Surroundings-person Separation Learning for Text-based Person Retrieval},  url={http://dx.doi.org/10.1145/3474085.3475369},  DOI={10.1145/3474085.3475369},  booktitle={Proceedings of the 29th ACM International Conference on Multimedia},  author={Zhu, Aichun and Wang, Zijie and Li, Yifeng and Wan, Xili and Jin, Jing and Wang, Tian and Hu, Fangqiang and Hua, Gang},  year={2021},  month={Oct},  language={en-US}  }
@article{achiam2023gpt,
  title={Gpt-4 technical report},
  author={Achiam, Josh and Adler, Steven and Agarwal, Sandhini and Ahmad, Lama and Akkaya, Ilge and Aleman, Florencia Leoni and Almeida, Diogo and Altenschmidt, Janko and Altman, Sam and Anadkat, Shyamal and others},
  journal={arXiv preprint arXiv:2303.08774},
  year={2023}
}

@article{Bai_Bai_Yang_Wang_Tan_Wang_Lin_Zhou_Zhou_2023,   title={Qwen-VL: A Versatile Vision-Language Model for Understanding, Localization, Text Reading, and Beyond},  author={Bai, Jinze and Bai, Shuai and Yang, Shusheng and Wang, Shijie and Tan, Sinan and Wang, Peng and Lin, Junyang and Zhou, Chang and Zhou, Jingren},  year={2023},  month={Sep},  language={en-US}  }

@inproceedings{he2021transreid,
  title={Transreid: Transformer-based object re-identification},
  author={He, Shuting and Luo, Hao and Wang, Pichao and Wang, Fan and Li, Hao and Jiang, Wei},
  booktitle={Proceedings of the IEEE/CVF international conference on computer vision},
  pages={15013--15022},
  year={2021}
}
@inproceedings{jin2020semantics,
  title={Semantics-aligned representation learning for person re-identification},
  author={Jin, Xin and Lan, Cuiling and Zeng, Wenjun and Wei, Guoqiang and Chen, Zhibo},
  booktitle={Proceedings of the AAAI Conference on Artificial Intelligence},
  volume={34},
  number={07},
  pages={11173--11180},
  year={2020}
}
@inproceedings{tang2023humanbench,
  title={Humanbench: Towards general human-centric perception with projector assisted pretraining},
  author={Tang, Shixiang and Chen, Cheng and Xie, Qingsong and Chen, Meilin and Wang, Yizhou and Ci, Yuanzheng and Bai, Lei and Zhu, Feng and Yang, Haiyang and Yi, Li and others},
  booktitle={Proceedings of the IEEE/CVF Conference on Computer Vision and Pattern Recognition},
  pages={21970--21982},
  year={2023}
}
@inproceedings{zhu2022pass,
  title={Pass: Part-aware self-supervised pre-training for person re-identification},
  author={Zhu, Kuan and Guo, Haiyun and Yan, Tianyi and Zhu, Yousong and Wang, Jinqiao and Tang, Ming},
  booktitle={European conference on computer vision},
  pages={198--214},
  year={2022},
  organization={Springer}
}
@inproceedings{li2018harmonious,
  title={Harmonious attention network for person re-identification},
  author={Li, Wei and Zhu, Xiatian and Gong, Shaogang},
  booktitle={Proceedings of the IEEE conference on computer vision and pattern recognition},
  pages={2285--2294},
  year={2018}
}
@inproceedings{zhang2020relation,
  title={Relation-aware global attention for person re-identification},
  author={Zhang, Zhizheng and Lan, Cuiling and Zeng, Wenjun and Jin, Xin and Chen, Zhibo},
  booktitle={Proceedings of the ieee/cvf conference on computer vision and pattern recognition},
  pages={3186--3195},
  year={2020}
}

@inproceedings{hou2019interaction,
  title={Interaction-and-aggregation network for person re-identification},
  author={Hou, Ruibing and Ma, Bingpeng and Chang, Hong and Gu, Xinqian and Shan, Shiguang and Chen, Xilin},
  booktitle={Proceedings of the IEEE/CVF conference on computer vision and pattern recognition},
  pages={9317--9326},
  year={2019}
}
@inproceedings{gu2022clothes,
  title={Clothes-changing person re-identification with rgb modality only},
  author={Gu, Xinqian and Chang, Hong and Ma, Bingpeng and Bai, Shutao and Shan, Shiguang and Chen, Xilin},
  booktitle={Proceedings of the IEEE/CVF conference on computer vision and pattern recognition},
  pages={1060--1069},
  year={2022}
}
@article{ergasti2024mars,
  title={MARS: Paying more attention to visual attributes for text-based person search},
  author={Ergasti, Alex and Fontanini, Tomaso and Ferrari, Claudio and Bertozzi, Massimo and Prati, Andrea},
  journal={arXiv preprint arXiv:2407.04287},
  year={2024}
}

@article{bai2023rasa,
  title={Rasa: Relation and sensitivity aware representation learning for text-based person search},
  author={Bai, Yang and Cao, Min and Gao, Daming and Cao, Ziqiang and Chen, Chen and Fan, Zhenfeng and Nie, Liqiang and Zhang, Min},
  journal={arXiv preprint arXiv:2305.13653},
  year={2023}
}
@article{sun2024data,
  title={From Data Deluge to Data Curation: A Filtering-WoRA Paradigm for Efficient Text-based Person Search},
  author={Sun, Jintao and Zheng, Zhedong and Ding, Gangyi},
  journal={arXiv preprint arXiv:2404.10292},
  year={2024}
}
@inproceedings{qin2024noisy,
  title={Noisy-correspondence learning for text-to-image person re-identification},
  author={Qin, Yang and Chen, Yingke and Peng, Dezhong and Peng, Xi and Zhou, Joey Tianyi and Hu, Peng},
  booktitle={Proceedings of the IEEE/CVF Conference on Computer Vision and Pattern Recognition},
  pages={27197--27206},
  year={2024}
}

@article{Zhang_Wang,   title={Diverse Embedding Expansion Network and Low-Light Cross-Modality Benchmark for Visible-Infrared Person Re-identification},  author={Zhang, Yukang and Wang, Hanzi},  language={en-US}  }
@inproceedings{jiang2023cross,
  title={Cross-modal implicit relation reasoning and aligning for text-to-image person retrieval},
  author={Jiang, Ding and Ye, Mang},
  booktitle={Proceedings of the IEEE/CVF Conference on Computer Vision and Pattern Recognition},
  pages={2787--2797},
  year={2023}
}
@inproceedings{yang2022learning,
  title={Learning with twin noisy labels for visible-infrared person re-identification},
  author={Yang, Mouxing and Huang, Zhenyu and Hu, Peng and Li, Taihao and Lv, Jiancheng and Peng, Xi},
  booktitle={Proceedings of the IEEE/CVF conference on computer vision and pattern recognition},
  pages={14308--14317},
  year={2022}
}
@inproceedings{wu2021discover,
  title={Discover cross-modality nuances for visible-infrared person re-identification},
  author={Wu, Qiong and Dai, Pingyang and Chen, Jie and Lin, Chia-Wen and Wu, Yongjian and Huang, Feiyue and Zhong, Bineng and Ji, Rongrong},
  booktitle={Proceedings of the IEEE/CVF conference on computer vision and pattern recognition},
  pages={4330--4339},
  year={2021}
}
@inproceedings{zhang2021towards,
  title={Towards a unified middle modality learning for visible-infrared person re-identification},
  author={Zhang, Yukang and Yan, Yan and Lu, Yang and Wang, Hanzi},
  booktitle={Proceedings of the 29th ACM international conference on multimedia},
  pages={788--796},
  year={2021}
}
@inproceedings{sun2022not,
  title={Not all pixels are matched: Dense contrastive learning for cross-modality person re-identification},
  author={Sun, Hanzhe and Liu, Jun and Zhang, Zhizhong and Wang, Chengjie and Qu, Yanyun and Xie, Yuan and Ma, Lizhuang},
  booktitle={Proceedings of the 30th ACM international conference on multimedia},
  pages={5333--5341},
  year={2022}
}

@article{zeng2020illumination,
  title={Illumination-adaptive person re-identification},
  author={Zeng, Zelong and Wang, Zhixiang and Wang, Zheng and Zheng, Yinqiang and Chuang, Yung-Yu and Satoh, Shin’ichi},
  journal={IEEE Transactions on Multimedia},
  volume={22},
  number={12},
  pages={3064--3074},
  year={2020},
  publisher={IEEE}
}
@inproceedings{filax2021influence,
  title={On the influence of viewpoint change for metric learning},
  author={Filax, Marco and Ortmeier, Frank},
  booktitle={2021 17th International Conference on Machine Vision and Applications (MVA)},
  pages={1--4},
  year={2021},
  organization={IEEE}
}
@inproceedings{chen2021occlude,
  title={Occlude them all: Occlusion-aware attention network for occluded person re-id},
  author={Chen, Peixian and Liu, Wenfeng and Dai, Pingyang and Liu, Jianzhuang and Ye, Qixiang and Xu, Mingliang and Chen, Qi’an and Ji, Rongrong},
  booktitle={Proceedings of the IEEE/CVF international conference on computer vision},
  pages={11833--11842},
  year={2021}
}

@article{hurst2024gpt,
  title={Gpt-4o system card},
  author={Hurst, Aaron and Lerer, Adam and Goucher, Adam P and Perelman, Adam and Ramesh, Aditya and Clark, Aidan and Ostrow, AJ and Welihinda, Akila and Hayes, Alan and Radford, Alec and others},
  journal={arXiv preprint arXiv:2410.21276},
  year={2024}
}
@inproceedings{ristani2016performance,
  title={Performance measures and a data set for multi-target, multi-camera tracking},
  author={Ristani, Ergys and Solera, Francesco and Zou, Roger and Cucchiara, Rita and Tomasi, Carlo},
  booktitle={European Conference on Computer Vision},
  pages={17--35},
  year={2016},
  organization={Springer}
}
@inproceedings{liu2022learning,
  title={Learning memory-augmented unidirectional metrics for cross-modality person re-identification},
  author={Liu, Jialun and Sun, Yifan and Zhu, Feng and Pei, Hongbin and Yang, Yi and Li, Wenhui},
  booktitle={Proceedings of the IEEE/CVF conference on computer vision and pattern recognition},
  pages={19366--19375},
  year={2022}
}

@inproceedings{rajbhandari2021zero,
  title={Zero-infinity: Breaking the gpu memory wall for extreme scale deep learning},
  author={Rajbhandari, Samyam and Ruwase, Olatunji and Rasley, Jeff and Smith, Shaden and He, Yuxiong},
  booktitle={Proceedings of the international conference for high performance computing, networking, storage and analysis},
  pages={1--14},
  year={2021}
}
@misc{team2020deepspeed,
  title={DeepSpeed: Extreme-scale model training for everyone},
  author={Team, DeepSpeed and Majumder, Rangan},
  year={2020}
}

@article{goyal2017accurate,
  title={Accurate, large minibatch SG D: training imagenet in 1 hour},
  author={Goyal, P},
  journal={arXiv preprint arXiv:1706.02677},
  year={2017}
}
@inproceedings{kwon2023efficient,
  title={Efficient Memory Management for Large Language Model Serving with PagedAttention},
  author={Woosuk Kwon and Zhuohan Li and Siyuan Zhuang and Ying Sheng and Lianmin Zheng and Cody Hao Yu and Joseph E. Gonzalez and Hao Zhang and Ion Stoica},
  booktitle={Proceedings of the ACM SIGOPS 29th Symposium on Operating Systems Principles},
  year={2023}
}