@inproceedings{al2021vr,
  title={Vr-spy: A side-channel attack on virtual key-logging in vr headsets},
  author={Al Arafat, Abdullah and Guo, Zhishan and Awad, Amro},
  booktitle={2021 IEEE Virtual Reality and 3D User Interfaces (VR)},
  pages={564--572},
  year={2021},
  organization={IEEE}
}

@inproceedings{carlini2017towards,
  title={Towards evaluating the robustness of neural networks},
  author={Carlini, Nicholas and Wagner, David},
  booktitle={2017 ieee symposium on security and privacy (sp)},
  pages={39--57},
  year={2017},
  organization={Ieee}
}

@inproceedings{chandio2024stealthy,
  title={Stealthy and Practical Multi-modal Attacks on Mixed Reality Tracking},
  author={Chandio, Yasra and Bashir, Noman and Anwar, Fatima M},
  booktitle={2024 IEEE International Conference on Artificial Intelligence and eXtended and Virtual Reality (AIxVR)},
  pages={11--20},
  year={2024},
  organization={IEEE}
}

@inproceedings{chen2024adversary,
  title={Adversary is on the Road: Attacks on Visual $\{$SLAM$\}$ using Unnoticeable Adversarial Patch},
  author={Chen, Baodong and Wang, Wei and Sikorski, Pascal and Zhu, Ting},
  booktitle={33rd USENIX Security Symposium (USENIX Security 24)},
  pages={6345--6362},
  year={2024}
}

@inproceedings{eykholt2018robust,
  title={Robust physical-world attacks on deep learning visual classification},
  author={Eykholt, Kevin and Evtimov, Ivan and Fernandes, Earlence and Li, Bo and Rahmati, Amir and Xiao, Chaowei and Prakash, Atul and Kohno, Tadayoshi and Song, Dawn},
  booktitle={Proceedings of the IEEE conference on computer vision and pattern recognition},
  pages={1625--1634},
  year={2018}
}

@article{ikram2022perceptual,
  title={Perceptual aliasing++: Adversarial attack for visual slam front-end and back-end},
  author={Ikram, Muhammad Haris and Khaliq, Saran and Anjum, Muhammad Latif and Hussain, Wajahat},
  journal={IEEE Robotics and Automation Letters},
  volume={7},
  number={2},
  pages={4670--4677},
  year={2022},
  publisher={IEEE}
}

@inproceedings{ji2021poltergeist,
  title={Poltergeist: Acoustic adversarial machine learning against cameras and computer vision},
  author={Ji, Xiaoyu and Cheng, Yushi and Zhang, Yuepeng and Wang, Kai and Yan, Chen and Xu, Wenyuan and Fu, Kevin},
  booktitle={2021 IEEE Symposium on Security and Privacy (SP)},
  pages={160--175},
  year={2021},
  organization={IEEE}
}

@article{li2019adversarial,
  title={Adversarial camera stickers: A physical camera attack on deep learning classifier},
  author={Li, Juncheng B and Schmidt, Frank R and Kolter, J Zico},
  journal={arXiv preprint arXiv:1904.00759},
  volume={2},
  number={2},
  year={2019}
}

@article{li2024dangers,
  title={Dangers behind Charging VR Devices: Hidden Side Channel Attacks via Charging Cables},
  author={Li, Jiachun and Meng, Yan and Zhan, Yuxia and Zhang, Le and Zhu, Haojin},
  journal={IEEE Transactions on Information Forensics and Security},
  year={2024},
  publisher={IEEE}
}

@inproceedings{ling2019know,
  title={I know what you enter on gear vr},
  author={Ling, Zhen and Li, Zupei and Chen, Chen and Luo, Junzhou and Yu, Wei and Fu, Xinwen},
  booktitle={2019 IEEE Conference on Communications and Network Security (CNS)},
  pages={241--249},
  year={2019},
  organization={IEEE}
}

@inproceedings{man2020ghostimage,
  title={$\{$GhostImage$\}$: Remote perception attacks against camera-based image classification systems},
  author={Man, Yanmao and Li, Ming and Gerdes, Ryan},
  booktitle={23rd International Symposium on Research in Attacks, Intrusions and Defenses (RAID 2020)},
  pages={317--332},
  year={2020}
}

@inproceedings{sharif2016accessorize,
  title={Accessorize to a crime: Real and stealthy attacks on state-of-the-art face recognition},
  author={Sharif, Mahmood and Bhagavatula, Sruti and Bauer, Lujo and Reiter, Michael K},
  booktitle={Proceedings of the 2016 acm sigsac conference on computer and communications security},
  pages={1528--1540},
  year={2016}
}

@inproceedings{slocum2024doesn,
  title={That Doesn't Go There: Attacks on Shared State in $\{$Multi-User$\}$ Augmented Reality Applications},
  author={Slocum, Carter and Zhang, Yicheng and Shayegani, Erfan and Zaree, Pedram and Abu-Ghazaleh, Nael and Chen, Jiasi},
  booktitle={33rd USENIX Security Symposium (USENIX Security 24)},
  pages={2761--2778},
  year={2024}
}

@inproceedings{son2015rocking,
  title={Rocking drones with intentional sound noise on gyroscopic sensors},
  author={Son, Yunmok and Shin, Hocheol and Kim, Dongkwan and Park, Youngseok and Noh, Juhwan and Choi, Kibum and Choi, Jungwoo and Kim, Yongdae},
  booktitle={24th USENIX security symposium (USENIX Security 15)},
  pages={881--896},
  year={2015}
}

@inproceedings{song2018physical,
  title={Physical adversarial examples for object detectors},
  author={Song, Dawn and Eykholt, Kevin and Evtimov, Ivan and Fernandes, Earlence and Li, Bo and Rahmati, Amir and Tramer, Florian and Prakash, Atul and Kohno, Tadayoshi},
  booktitle={12th USENIX workshop on offensive technologies (WOOT 18)},
  year={2018}
}

@article{su2024remote,
  title={Remote Keylogging Attacks in Multi-user VR Applications},
  author={Su, Zihao and Cai, Kunlin and Beeler, Reuben and Dresel, Lukas and Garcia, Allan and Grishchenko, Ilya and Tian, Yuan and Kruegel, Christopher and Vigna, Giovanni},
  journal={arXiv preprint arXiv:2405.14036},
  year={2024}
}

@article{szegedy2013intriguing,
  title={Intriguing properties of neural networks},
  author={Szegedy, C},
  journal={arXiv preprint arXiv:1312.6199},
  year={2013}
}

@inproceedings{trippel2017walnut,
  title={WALNUT: Waging doubt on the integrity of MEMS accelerometers with acoustic injection attacks},
  author={Trippel, Timothy and Weisse, Ofir and Xu, Wenyuan and Honeyman, Peter and Fu, Kevin},
  booktitle={2017 IEEE European symposium on security and privacy (EuroS\&P)},
  pages={3--18},
  year={2017},
  organization={IEEE}
}

@inproceedings{tu2018injected,
  title={Injected and delivered: Fabricating implicit control over actuation systems by spoofing inertial sensors},
  author={Tu, Yazhou and Lin, Zhiqiang and Lee, Insup and Hei, Xiali},
  booktitle={27th USENIX security symposium (USENIX Security 18)},
  pages={1545--1562},
  year={2018}
}

@article{wang2017sonic,
  title={Sonic gun to smart devices: Your devices lose control under ultrasound/sound},
  author={Wang, Zhengbo and Wang, Kang and Yang, Bo and Li, Shangyuan and Pan, Aimin},
  journal={Black Hat USA},
  pages={1--50},
  year={2017}
}

@inproceedings{wang2021can,
  title={I can see the light: Attacks on autonomous vehicles using invisible lights},
  author={Wang, Wei and Yao, Yao and Liu, Xin and Li, Xiang and Hao, Pei and Zhu, Ting},
  booktitle={Proceedings of the 2021 ACM SIGSAC Conference on Computer and Communications Security},
  pages={1930--1944},
  year={2021}
}

@article{yoshida2022adversarial,
  title={Adversarial scan attack against scan matching algorithm for pose estimation in lidar-based slam},
  author={Yoshida, Kota and Hojo, Masaya and Fujino, Takeshi},
  journal={IEICE Transactions on Fundamentals of Electronics, Communications and Computer Sciences},
  volume={105},
  number={3},
  pages={326--335},
  year={2022},
  publisher={The Institute of Electronics, Information and Communication Engineers}
}

@inproceedings{zhao2019seeing,
  title={Seeing isn't believing: Towards more robust adversarial attack against real world object detectors},
  author={Zhao, Yue and Zhu, Hong and Liang, Ruigang and Shen, Qintao and Zhang, Shengzhi and Chen, Kai},
  booktitle={Proceedings of the 2019 ACM SIGSAC conference on computer and communications security},
  pages={1989--2004},
  year={2019}
}

@article{zhou2018invisible,
  title={Invisible mask: Practical attacks on face recognition with infrared},
  author={Zhou, Zhe and Tang, Di and Wang, Xiaofeng and Han, Weili and Liu, Xiangyu and Zhang, Kehuan},
  journal={arXiv preprint arXiv:1803.04683},
  year={2018}
}

