@inproceedings{corbett2023bystandar,
  title={BystandAR: Protecting bystander visual data in augmented reality systems},
  author={Corbett, Matthew and David-John, Brendan and Shang, Jiacheng and Hu, Y Charlie and Ji, Bo},
  booktitle={Proceedings of the 21st Annual International Conference on Mobile Systems, Applications and Services},
  pages={370--382},
  year={2023}
}

@inproceedings{rajaram2023reframe,
  title={Reframe: An Augmented Reality Storyboarding Tool for Character-Driven Analysis of Security \& Privacy Concerns},
  author={Rajaram, Shwetha and Roesner, Franziska and Nebeling, Michael},
  booktitle={Proceedings of the 36th Annual ACM Symposium on User Interface Software and Technology},
  pages={1--15},
  year={2023}
}

@book{laviola20173d,
  title={3D user interfaces: theory and practice},
  author={LaViola Jr, Joseph J and Kruijff, Ernst and McMahan, Ryan P and Bowman, Doug and Poupyrev, Ivan P},
  year={2017},
  publisher={Addison-Wesley Professional}
}


@article{xiu2024lobstar,
  title={LOBSTAR: Language Model-based Obstruction Detection for Augmented Reality},
  author={Xiu, Yanming and Scargill, Tim and Gorlatova, Maria},
  year={2024},
  publisher={IEEE ISMAR}
}


@inproceedings{cheng2024user,
  title={When the User Is Inside the User Interface: An Empirical Study of UI Security Properties in Augmented Reality},
  author={Cheng, Kaiming and Bhattacharya, Arkaprabha and Lin, Michelle and Lee, Jaewook and Kumar, Aroosh and Tian, Jeffery F and Kohno, Tadayoshi and Roesner, Franziska},
  booktitle={USENIX Security Symposium},
  year={2024}
}


@inproceedings{rajaram2023eliciting,
  title={Eliciting security \& privacy-informed sharing techniques for multi-user augmented reality},
  author={Rajaram, Shwetha and Chen, Chen and Roesner, Franziska and Nebeling, Michael},
  booktitle={Proceedings of the 2023 CHI Conference on Human Factors in Computing Systems},
  pages={1--17},
  year={2023}
}


@misc{opencv,
    howpublished={\url{https://opencv.org/}},
    title={OpenCV - Open Computer Vision Library}}

@misc{project-aria,
    title={{Introducing Project Aria | Meta}},
    howpublished={\url{https://www.projectaria.com/}},
    year={2023}
}

@inproceedings {mcamis2023writing,
author = {Rachel McAmis and Tadayoshi Kohno},
title = {The Writing on the Wall and 3D Digital Twins: Personal Information in (not so) Private Real Estate},
booktitle = {USENIX Security},
year = {2023},
}

@misc{ucr-bpc,
    title={{Departmental BPC Plan}},
    author={{University of California, Riverside CSE Department}},
    howpublished={\url{https://plans.bpcnet.org/UniversityOfCalifornia-Riverside_ComputerScienceAndEngineering_DepartmentalBPCPlan.pdf}},
    year={2022-24}
}

@misc{um-bpc,
    title={{Departmental BPC Plan}},
    author={{University of Michigan ECE Department}},
    howpublished={\url{https://plans.bpcnet.org/UniversityOfMichigan_ECE_DepartmentalBPCPlan.pdf}},
    year={2023-25}
}

@misc{Overture,
title={Overture map foundation},
howpublished = {\url{https://overturemaps.org/}},
author={Overture},
} 

@article{zhang2023text,
    authors={Zhang, Xuechen and Li, Zheng and Oymak, Samet and Chen, Jiasi},
    title={Text-to-3D Generative AI on Mobile Devices: Measurements and Optimizations},
    journal={ACM SIGCOMM Workshop on Emerging Multimedia Systems},
    year={2023}
}

@inproceedings{quinonez2020savior,
  title={{$SAVIOR$}: Securing autonomous vehicles with robust physical invariants},
  author={Quinonez, Raul and Giraldo, Jairo and Salazar, Luis and Bauman, Erick and Cardenas, Alvaro and Lin, Zhiqiang},
  booktitle={USENIX Security},
  year={2020}
}

@article{happa2019cyber,
  title={Cyber security threats and challenges in collaborative mixed-reality},
  author={Happa, Jassim and Glencross, Mashhuda and Steed, Anthony},
  journal={Frontiers in ICT},
  volume={6},
  pages={5},
  year={2019},
  publisher={Frontiers Media SA}
}

@misc{mapillary,
title={Mapillary: make better maps},
howpublished = {\url{https://www.mapillary.com/}},
author={Mapillary},
} 


@article{resnick2000reputation,
  title={Reputation systems},
  author={Resnick, Paul and Kuwabara, Ko and Zeckhauser, Richard and Friedman, Eric},
  journal={Communications of the ACM},
  volume={43},
  number={12},
  pages={45--48},
  year={2000},
  publisher={ACM New York, NY, USA}
}


@article{nair2023going,
  title={Going incognito in the metaverse},
  author={Nair, Vivek and Garrido, Gonzalo Munilla and Song, Dawn},
  journal={ACM UIST},
  year={2023}
}


@inproceedings {kim2023erebus,
author = {Yoonsang Kim and Sanket Goutam and Amir Rahmati and Arie Kaufman},
title = {Erebus: Access Control for Augmented Reality Systems},
booktitle = {USENIX Security},
year = {2023},
}

@inproceedings {zuo2023peek,
author = {Chaoshun Zuo and Chao Wang and Zhiqiang Lin},
title = {A Peek into the Metaverse: Detecting 3D Model Clones in Mobile Games},
booktitle = {USENIX Security},
year = {2023},
}

@inproceedings {farrukh2023locin,
author = {Habiba Farrukh and Reham Mohamed and Aniket Nare and Antonio Bianchi and Z. Berkay Celik},
title = {{LocIn}: Inferring Semantic Location from Spatial Maps in Mixed Reality},
booktitle = {USENIX Security},
year = {2023},
}

@inproceedings {reddy2023hidden,
author = {Sindhu Reddy Kalathur Gopal and Diksha Shukla and James David Wheelock and Nitesh Saxena},
title = {Hidden Reality: Caution, Your Hand Gesture Inputs in the Immersive Virtual World are Visible to All!},
booktitle = {USENIX Security},
year = {2023},
}

@inproceedings {nair2023unique,
author = {Vivek Nair and Wenbo Guo and Justus Mattern and Rui Wang and James F. O{\textquoteright}Brien and Louis Rosenberg and Dawn Song},
title = {Unique Identification of 50,000+ Virtual Reality Users from Head \& Hand Motion Data},
booktitle = {USENIX Security},
year = {2023},
}

@article{garrido2023sok,
  title={SoK: Data Privacy in Virtual Reality},
  author={Garrido, Gonzalo Munilla and Nair, Vivek and Song, Dawn},
  journal={arXiv preprint arXiv:2301.05940},
  year={2023}
}

@inproceedings{trimananda2022ovrseen,
  title={$\{$OVRseen$\}$: Auditing Network Traffic and Privacy Policies in Oculus $\{$VR$\}$},
  author={Trimananda, Rahmadi and Le, Hieu and Cui, Hao and Ho, Janice Tran and Shuba, Anastasia and Markopoulou, Athina},
  booktitle={USENIX Security},
  year={2022}
}


@inproceedings{tsai2023world,
  title={The World is Too Big to Download: 3D Model Retrieval for World-Scale Augmented Reality},
  author={Tsai, Yi-Zhen and Luo, James and Wang, Yunshu and Chen, Jiasi},
  booktitle={ACM MMSys},
  year={2023}
}


@inproceedings{sastry2003secure,
  title={Secure verification of location claims},
  author={Sastry, Naveen and Shankar, Umesh and Wagner, David},
  booktitle={Proceedings of the 2nd ACM workshop on Wireless security},
  pages={1--10},
  year={2003}
}


@inproceedings{orts2016holoportation,
  title={Holoportation: Virtual 3d teleportation in real-time},
  author={Orts-Escolano, Sergio and Rhemann, Christoph and Fanello, Sean and Chang, Wayne and Kowdle, Adarsh and Degtyarev, Yury and Kim, David and Davidson, Philip L. and Khamis, Sameh and Dou, Mingsong and Tankovich, Vladimir and Loop, Charles and Cai, Qin and Chou, Philip A. and Mennicken, Sarah and Valentin, Julien and Pradeep, Vivek and Wang, Shenlong and Kang, Sing Bing and Kohli, Pushmeet and Lutchyn, Yuliya and Keskin, Cem and Izadi, Shahram},
  booktitle={ACM UIST},
  year={2016}
}


@misc{vr-phishing,
    title={Cybercriminals target metaverse investors with phishing scams},
    author={Javers, Eamon and Zamost, Scott and Tortorelli, Paige and Maharishi, Meghna},
    howpublished={\url{https://www.cnbc.com/2022/05/26/cybercriminals-target-metaverse-investors-with-phishing-scams.html}},
    year={2022}
}
@inproceedings{falk2021poster,
  title={Poster: Reavatar: Virtual reality de-anonymization attack through correlating movement signatures},
  author={Falk, Brandon and Meng, Yan and Zhan, Yuxia and Zhu, Haojin},
  booktitle={ACM CCS},
  year={2021}
}


@article{casey2019immersive,
  title={Immersive virtual reality attacks and the human joystick},
  author={Casey, Peter and Baggili, Ibrahim and Yarramreddy, Ananya},
  journal={IEEE Transactions on Dependable and Secure Computing},
  volume={18},
  number={2},
  pages={550--562},
  year={2019},
  publisher={IEEE}
}



@inproceedings{figueiredo2016prepose,
  title={Prepose: Privacy, security, and reliability for gesture-based programming},
  author={Figueiredo, Lucas Silva and Livshits, Benjamin and Molnar, David and Veanes, Margus},
  booktitle={IEEE S\&P},
  year={2016},
}


@inproceedings{xu2022swarmmap,
  title={{$SwarmMap$}: Scaling up real-time collaborative visual {SLAM} at the edge},
  author={Xu, Jingao and Cao, Hao and Yang, Zheng and Shangguan, Longfei and Zhang, Jialin and He, Xiaowu and Liu, Yunhao},
  booktitle={USENIX NSDI},
  year={2022}
}

@inproceedings{elvira2019orbslam,
  title={{ORBSLAM-Atlas}: a robust and accurate multi-map system},
  author={Elvira, Richard and Tard{\'o}s, Juan D and Montiel, Jose MM},
  booktitle={IEEE/RSJ International Conference on Intelligent Robots and Systems (IROS)},
  year={2019},
}


@article{kwon2022xrbench,
  title={{XRBench}: An Extended Reality (XR) Machine Learning Benchmark Suite for the Metaverse},
  author={Hyoukjun Kwon and Krishnakumar Nair and Jamin Seo and Jason Yik and Debabrata Mohapatra and Dongyuan Zhan and Jinook Song and Peter Capak and Peizhao Zhang and Peter Vajda and Colby Banbury and Mark Mazumder and Liangzhen Lai and Ashish Sirasao and Tushar Krishna and Harshit Khaitan and Vikas Chandra and Vijay Janapa Reddi},
  journal={MLSys},
  year={2023}
}







@inproceedings{tsai2023the, 
title = {The World is Too Big to Download: {3D} Model Retrieval for  World-Scale Augmented Reality}, 
author = {Tsai, Yi-Zhen and Luo, James and Wang, Yunshu and Chen, Jiasi}, 
booktitle = {ACM MMSys}, 
year = {2023}
}

@inproceedings{abari2017enabling,
  title={Enabling High-Quality Untethered Virtual Reality.},
  author={Abari, Omid and Bharadia, Dinesh and Duffield, Austin and Katabi, Dina},
  booktitle={USENIX NSDI},
  year={2017}
}


@misc{meta-hardware-roadmap,
    title={This is {Meta’s} {AR/VR} hardware roadmap for the next four years},
    author={Heath, Alex},
    booktitle={The Verge},
    howpublished={\url{https://www.theverge.com/2023/2/28/23619730/meta-vr-oculus-ar-glasses-smartwatch-plans}},
    year={2023},
    month={February}
}

@article{huzaifavr,
  title={{VR Swarms}: Enabling Shared Virtual Experiences},
  author={Huzaifa, Muhammad and Mahmoud, Abdulrahman},
  journal={``Wild and Crazy Ideas'' session at ASPLOS},
  year={2019}
}





@inproceedings{slocum2023going,
  title={Going through the motions: {AR/VR} keylogging from user head motions},
  author={Slocum, Carter and Zhang, Yicheng and Abu-Ghazaleh, Nael and Chen, Jiasi},
  booktitle={USENIX Security},
  year={2023}
}

@inproceedings{zhang2023its,
  title={It’s all in your head(set): Side channel attacks on augmented reality systems},
  author={Zhang, Yicheng and Slocum, Carter and Chen, Jiasi and Abu-Ghazaleh, Nael},
  booktitle={USENIX Security},
  year={2023}
}





@inproceedings{alam2019situ_reviewerD,
  title={In-situ Extraction of Randomness from Computer Architecture Through Hardware Performance Counters},
  author={Alam, Manaar and Singh, Astikey and Bhattacharya, Sarani and Pratihar, Kuheli and Mukhopadhyay, Debdeep},
  booktitle={International Conference on Smart Card Research and Advanced Applications},
  pages={3--19},
  year={2019},
  organization={Springer}
}

@inproceedings{liu2015last,
  title={Last-level cache side-channel attacks are practical},
  author={Liu, Fangfei and Yarom, Yuval and Ge, Qian and Heiser, Gernot and Lee, Ruby B},
  booktitle={IEE S\&P},
  year={2015},
}

@inproceedings{kayaalp2016high,
  title={A high-resolution side-channel attack on last-level cache},
  author={Kayaalp, Mehmet and Abu-Ghazaleh, Nael and Ponomarev, Dmitry and Jaleel, Aamer},
  booktitle={ACM/IEEE DAC},
  year={2016}
}

@article{mutlu2019rowhammer,
  title={Rowhammer: A retrospective},
  author={Mutlu, Onur and Kim, Jeremie S},
  journal={IEEE Transactions on Computer-Aided Design of Integrated Circuits and Systems},
  volume={39},
  number={8},
  pages={1555--1571},
  year={2019},
  publisher={IEEE}
}

 @article{bhattacharya2018utilizing_reviewrD,
  title={Utilizing performance counters for compromising public key ciphers},
  author={Bhattacharya, Sarani and Mukhopadhyay, Debdeep},
  journal={ACM Transactions on Privacy and Security (TOPS)},
  volume={21},
  number={1},
  pages={1--31},
  year={2018},
  publisher={ACM New York, NY, USA}
}

@inproceedings{wei2020leaky,
  title={{Leaky DNN}: Stealing deep-learning model secret with {GPU} context-switching side-channel},
  author={Wei, Junyi and Zhang, Yicheng and Zhou, Zhe and Li, Zhou and Al Faruque, Mohammad Abdullah},
  booktitle={IEEE/IFIP International Conference on Dependable Systems and Networks (DSN)},
  year={2020},
}   

@inproceedings{naghibijouybari2018rendered,
  title={Rendered insecure: {GPU} side channel attacks are practical},
  author={Naghibijouybari, Hoda and Neupane, Ajaya and Qian, Zhiyun and Abu-Ghazaleh, Nael},
  booktitle={ACM CCS},
  year={2018}
}

@article{roesner2014security,
  title={Security and privacy for augmented reality systems},
  author={Roesner, Franziska and Kohno, Tadayoshi and Molnar, David},
  journal={Communications of the ACM},
  volume={57},
  number={4},
  pages={88--96},
  year={2014},
  publisher={ACM New York, NY, USA}
}

@inproceedings{noah2022security,
  title={Security and privacy evaluation of popular augmented and virtual reality technologies},
  author={Noah, Naheem and Shearer, Sommer and Das, Sanchari},
  booktitle={IEEE International Conference on Metrology for eXtended Reality, Artificial Intelligence, and Neural Engineering},
  year={2022}
}

@inproceedings{slocum2021realitycheck,
  title={{RealityCheck}: A tool to evaluate spatial inconsistency in augmented reality},
  author={Slocum, Carter and Ran, Xukan and Chen, Jiasi},
  booktitle={Proc. IEEE International Symposium on Multimedia (ISM)},
  year={2021},
}

@article{zhang2022indepth,
  title={{InDepth}: Real-time depth inpainting for mobile augmented reality},
  author={Zhang, Yunfan and Scargill, Tim and Vaishnav, Ashutosh and Premsankar, Gopika and Di Francesco, Mario and Gorlatova, Maria},
  journal={Proceedings of the ACM on Interactive, Mobile, Wearable and Ubiquitous Technologies (IMWUT)},
  volume={6},
  number={1},
  pages={1--25},
  year={2022},
}


@inproceedings{sun2020towards,
  title={Towards robust {LiDAR}-based perception in autonomous driving: General black-box adversarial sensor attack and countermeasures},
  author={Sun, Jiachen Sun and Cao, Yulong Cao and Chen, Qi Alfred and Mao, Z Morley},
  booktitle={USENIX Security},
  year={2020}
}

@inproceedings{shen2020drift,
  title={Drift with devil: Security of multi-sensor fusion based localization in high-level autonomous driving under GPS spoofing},
  author={Shen, Junjie and Won, Jun Yeon and Chen, Zeyuan and Chen, Qi Alfred},
  booktitle={USENIX Security},
  year={2020}
}


@inproceedings{cao2019adversarial,
  title={Adversarial sensor attack on lidar-based perception in autonomous driving},
  author={Cao, Yulong and Xiao, Chaowei and Cyr, Benjamin and Zhou, Yimeng and Park, Won and Rampazzi, Sara and Chen, Qi Alfred and Fu, Kevin and Mao, Z Morley},
  booktitle={ACM CCS},
  year={2019}
}

@inproceedings{cao2021invisible,
  title={Invisible for both camera and lidar: Security of multi-sensor fusion based perception in autonomous driving under physical-world attacks},
  author={Cao, Yulong and Wang, Ningfei and Xiao, Chaowei and Yang, Dawei and Fang, Jin and Yang, Ruigang and Chen, Qi Alfred and Liu, Mingyan and Li, Bo},
  booktitle={IEEE S\&P},
  year={2021},
}


@inproceedings{liu2021pointguard,
  title={Pointguard: Provably robust 3d point cloud classification},
  author={Liu, Hongbin and Jia, Jinyuan and Gong, Neil Zhenqiang},
  booktitle={IEEE CVPR},
  year={2021}
}


@article{guzman2021unravelling,
  title={Unravelling spatial privacy risks of mobile mixed reality data},
  author={Guzman, Jaybie Agullo de and Seneviratne, Aruna and Thilakarathna, Kanchana},
  journal={Proceedings of the ACM on Interactive, Mobile, Wearable and Ubiquitous Technologies (IMWUT)},
  volume={5},
  number={1},
  pages={1--26},
  year={2021},
  publisher={ACM New York, NY, USA}
}


@inproceedings{jana2013enabling,
  title={Enabling fine-grained permissions for augmented reality applications with recognizers.},
  author={Jana, Suman and Molnar, David and Moshchuk, Alexander and Dunn, Alan M and Livshits, Benjamin and Wang, Helen J and Ofek, Eyal},
  booktitle={USENIX Security},
  year={2013},
}



@inproceedings{facemic,
author = {Shi, Cong and Xu, Xiangyu and Zhang, Tianfang and Walker, Payton and Wu, Yi and Liu, Jian and Saxena, Nitesh and Chen, Yingying and Yu, Jiadi},
title = {Face-Mic: Inferring Live Speech and Speaker Identity via Subtle Facial Dynamics Captured by {AR/VR} Motion Sensors},
year = {2021},
booktitle = {ACM MobiCom},
}


@INPROCEEDINGS{holologger,
  author={Luo, Shiqing and Hu, Xinyu and Yan, Zhisheng},
  booktitle={IEEE VR}, 
  title={HoloLogger: Keystroke Inference on Mixed Reality Head Mounted Displays}, 
  year={2022}
}

@INPROCEEDINGS{air-tap-logger,
  author={Meteriz-Yildiran, Ulku and Yildiran, Necip Fazıl and Awad, Amro and Mohaisen, David},
  booktitle={IEEE VR}, 
  title={A Keylogging Inference Attack on Air-Tapping Keyboards in Virtual Environments}, 
  year={2022}
}

@techreport{kohnodisplay,
  title={Display leakage and transparent wearable displays: Investigation of risk, root causes, and defenses},
  author={Kohno, Tadayoshi and Kollin, Joel and Molnar, David and Roesner, Franziska},
  institution={Microsoft Research},
   year={2015}
}


@inproceedings{zhao2022privacy,
  title={Privacy-preserving Reflection Rendering for Augmented Reality},
  author={Zhao, Yiqin and Wei, Sheng and Guo, Tian},
  booktitle={ACM Multimedia},
  year={2022}
}



@inproceedings{ruth2019secure,
  title={Secure Multi-User Content Sharing for Augmented Reality Applications},
  author={Ruth, Kimberly and Kohno, Tadayoshi and Roesner, Franziska},
  booktitle={USENIX Security},
  year={2019}
}

@inproceedings{lebeck2017securing,
  title={Securing augmented reality output},
  author={Lebeck, Kiron and Ruth, Kimberly and Kohno, Tadayoshi and Roesner, Franziska},
  booktitle={IEEE S\&P},
  year={2017},
}

@inproceedings{cheng2023exploring,
  title={Exploring user reactions and mental models towards perceptual manipulation attacks in mixed reality},
  author={Cheng, Kaiming and Tian, Jeffery F and Kohno, Tadayoshi and Roesner, Franziska},
  booktitle={32nd USENIX Security Symposium (USENIX Security 23)},
  pages={911--928},
  year={2023}
}



@inproceedings{ahn2018adaptive,
  title={Adaptive fog-based output security for augmented reality},
  author={Ahn, Surin and Gorlatova, Maria and Naghizadeh, Parinaz and Chiang, Mung and Mittal, Prateek},
  booktitle={Workshop on Virtual Reality and Augmented Reality Network},
  year={2018}
}

@article{cheng23exploring,
  title={Exploring User Reactions and Mental Models Towards Perceptual Manipulation Attacks in Mixed Reality},
  author={Cheng, Kaiming and Tian, Jeffery F and Kohno, Tadayoshi and Roesner, Franziska},
  journal={USENIX Security},
  year={2023}
}

@article{punpongsanon2015softar,
  title={Softar: Visually manipulating haptic softness perception in spatial augmented reality},
  author={Punpongsanon, Parinya and Iwai, Daisuke and Sato, Kosuke},
  journal={IEEE transactions on visualization and computer graphics},
  volume={21},
  number={11},
  pages={1279--1288},
  year={2015},
  publisher={IEEE}
}

@inproceedings{rajaram2021designing,
  title={Designing privacy-informed sharing techniques for multi-user ar experiences},
  author={Rajaram, Shwetha and Roesner, Franziska and Nebeling, Michael},
  booktitle={VR4Sec: 1st International Workshop on Security for XR and XR for Security},
  year={2021}
}

@inproceedings{jana2013scanner,
  title={A scanner darkly: Protecting user privacy from perceptual applications},
  author={Jana, Suman and Narayanan, Arvind and Shmatikov, Vitaly},
  booktitle={IEEE S\&P},
  year={2013},
}


@inproceedings{tseng2022dark,
  title={The dark side of perceptual manipulations in virtual reality},
  author={Tseng, Wen-Jie and Bonnail, Elise and Mcgill, Mark and Khamis, Mohamed and Lecolinet, Eric and Huron, Samuel and Gugenheimer, Jan},
  booktitle={ACM CHI},
  year={2022}
}

@misc{arcore_deep_dive,
    title={A deep dive into {ARCore}},
    author={{Google I/O Developer Conference}},
    howpublished={\url{https://www.youtube.com/watch?v=MM786WD-Gv8}},
    year={2022}
    }




@misc{webxr,
    title={WebXR Device API},
    author={{W3C}},
    howpublished={\url{https://www.w3.org/TR/webxr/}},
    year={2021}
    }

@misc{via_github,
    title={VIA GitHub Repository},
    author={Slocum, Carter and Huang, Jingwen},
    howpublished={\url{https://github.com/mavens-lab/webxr_latency}},
    year={2021}
    }

@misc{tech_report,
    title={VIA: Visiblity-aware Web-based Virtual Reality (technical report)},
    author={Slocum, Carter and Huang, Jingwen and Chen, Jiasi},
    howpublished={\url{http://www.cs.ucr.edu/~jiasi/via_tech_report.pdf}},
    year={2021}
    }

@misc{sponza-webxr,
    title={Sponza},
    howpublished={\url{https://immersive-web.github.io/webxr-samples/tests/sponza.html}},
    year={2019}
    }

@misc{google-lighthouse,
    title={Google Lighthouse},
    authors={{Google}},
    howpublished={\url{https://developers.google.com/web/tools/lighthouse}},
    year={2021}
    }

@misc{gltf,
    title={The glTF standard},
    author={{The Chronos Group}},
    howpublished={\url{https://www.khronos.org/gltf/}},
    year={2021}
    }

@misc{priority-hints,
    title={Get Ready for Priority Hints},
    author={{Google Developers}},
    howpublished={\url{https://developers.google.com/web/updates/2019/02/priority-hints}},
    year={2019}
}

@incollection{guan2019pano,
  title={Pano: Optimizing 360 video streaming with a better understanding of quality perception},
  author={Guan, Yu and Zheng, Chengyuan and Zhang, Xinggong and Guo, Zongming and Jiang, Junchen},
  booktitle={ACM SIGCOMM},
  pages={394--407},
  year={2019}
}

@inproceedings{forgione2018dash,
  title={DASH for 3D networked virtual environment},
  author={Forgione, Thomas and Carlier, Axel and Morin, G{\'e}raldine and Ooi, Wei Tsang and Charvillat, Vincent and Yadav, Praveen Kumar},
  booktitle={ACM Multimedia},
  pages={1910--1918},
  year={2018}
}

@inproceedings{hu2008flod,
  title={Flod: A framework for peer-to-peer 3d streaming},
  author={Hu, S-Y and Huang, T-H and Chang, S-C and Sung, W-L and Jiang, J-R and Chen, B-Y},
  booktitle={IEEE INFOCOM},
  pages={1373--1381},
  year={2008},
  organization={IEEE}
}

@inproceedings{hristova20203cps,
  title={3CPS: a novel supercompression for the delivery of 3D object textures},
  author={Hristova, Hristina and Simon, Gwendal and Swaminathan, Viswanathan and Petrangeli, Stefano},
  booktitle={ACM MMSys},
  pages={66--76},
  year={2020}
}


@article{nam2019comparative,
  title={A Comparative Study on 3D Data Performance in Mobile Web Browsers in 4G and 5G Environments},
  author={Nam, Duckkyoun and Lee, Daehyeon and Lee, Seunghyun and Kwon, Soonchul},
  journal={International Journal of Internet, Broadcasting and Communication},
  volume={11},
  number={3},
  pages={8--19},
  year={2019},
  publisher={The Institute of Internet, Broadcasting and Communication}
}


@inproceedings{gao2017every,
  title={Every pixel counts: Fine-grained UI rendering analysis for mobile applications},
  author={Gao, Yi and Luo, Yang and Chen, Daqing and Huang, Haocheng and Dong, Wei and Xia, Mingyuan and Liu, Xue and Bu, Jiajun},
  booktitle={IEEE INFOCOM},
  pages={1--9},
  year={2017},
  organization={IEEE}
}


@inproceedings{corbillon2017viewport,
  title={Viewport-adaptive navigable 360-degree video delivery},
  author={Corbillon, Xavier and Simon, Gwendal and Devlic, Alisa and Chakareski, Jacob},
  booktitle={IEEE ICC},
  pages={1--7},
  year={2017},
  organization={IEEE}
}


@inproceedings{zhou2018clustile,
  title={Clustile: Toward minimizing bandwidth in 360-degree video streaming},
  author={Zhou, Chao and Xiao, Mengbai and Liu, Yao},
  booktitle={IEEE INFOCOM},
  pages={962--970},
  year={2018},
  organization={IEEE}
}



@inproceedings{butkiewicz2015klotski,
  title={Klotski: Reprioritizing web content to improve user experience on mobile devices},
  author={Butkiewicz, Michael and Wang, Daimeng and Wu, Zhe and Madhyastha, Harsha V and Sekar, Vyas},
  booktitle={USENIX NSDI},
  pages={439--453},
  year={2015}
}

@inproceedings{han2020vivo,
  title={ViVo: Visibility-aware mobile volumetric video streaming},
  author={Han, Bo and Liu, Yu and Qian, Feng},
  booktitle={ACM MobiCom},
  pages={1--13},
  year={2020}
}



@inproceedings{qian2018flare,
  title={Flare: Practical viewport-adaptive 360-degree video streaming for mobile devices},
  author={Qian, Feng and Han, Bo and Xiao, Qingyang and Gopalakrishnan, Vijay},
  booktitle={ACM MobiCom},
  pages={99--114},
  year={2018}
}

@inproceedings{huzaifa2021illixr,
  title={ILLIXR: Enabling end-to-end extended reality research},
  author={Huzaifa, Muhammad and Desai, Rishi and Grayson, Samuel and Jiang, Xutao and Jing, Ying and Lee, Jae and Lu, Fang and Pang, Yihan and Ravichandran, Joseph and Sinclair, Finn and others},
  booktitle={2021 IEEE International Symposium on Workload Characterization (IISWC)},
  pages={24--38},
  year={2021},
  organization={IEEE}
}


@article{roesner2021security,
  title={Security and Privacy for Augmented Reality: Our 10-Year Retrospective},
  author={Franziska Roesner and Tadayoshi Kohno},
  journal={VR4Sec: 1st International Workshop on Security for XR and XR for Security},
  year={2021},
}

@article{shang2020arspy,
  title={ARSpy: Breaking Location-based Multi-player Augmented Reality Application for User Location Tracking},
  author={Shang, Jiacheng and Chen, Si and Wu, Jie and Yin, Shu},
  journal={IEEE Transactions on Mobile Computing},
  year={2020},
  publisher={IEEE}
}

@inproceedings{apicharttrisorn2020characterization,
  title={Characterization of multi-user augmented reality over cellular networks},
  author={Apicharttrisorn, Kittipat and Balasubramanian, Bharath and Chen, Jiasi and Sivaraj, Rajarajan and Tsai, Yi-Zhen and Jana, Rittwik and Krishnamurthy, Srikanth and Tran, Tuyen and Zhou, Yu},
  booktitle={Proc. IEEE SECON},
  year={2020},
}

@article{benchmarking-slam,
    title={Benchmarking {SLAM}: Current Status and the Road Ahead (invited talk)},
    author={Davide Scaramuzza},
    year={2019},
    journal={ICRA Workshop on 
Dataset Generation and Benchmarking of SLAM Algorithms for Robotics and VR/AR}
}

@inproceedings{yin2015control,
  title={A control-theoretic approach for dynamic adaptive video streaming over {HTTP}},
  author={Yin, Xiaoqi and Jindal, Abhishek and Sekar, Vyas and Sinopoli, Bruno},
  booktitle={Proc. ACM SIGCOMM},
  year={2015}
}

@misc{pokemon_share_shared,
    howpublished={\url{https://niantic.helpshift.com/a/pokemon-go/?p=web&s=top-articles&f=shared-ar-experience-with-your-buddy}},
    title={Shared {AR} Experience with your Buddy},
    author={Niantic}
    }

@misc{ucr_creatr_lab,
    title={Creat'R Lab Makerspace},
    author={{University of California, Riverside}},
    howpublished={\url{https://library.ucr.edu/research-services/creatr-lab-and-maker-services/creatr-lab-makerspace}}
    }


@inproceedings{zheng2013general,
  title={A general approach for closed-loop registration in {AR}},
  author={Zheng, Feng and Schubert, Ryan and Weich, Greg},
  booktitle={Proc. IEEE VR},
  year={2013},
}

@inproceedings{zheng2014pixel,
  title={Pixel-wise closed-loop registration in video-based augmented reality},
  author={Zheng, Feng and Schmalstieg, Dieter and Welch, Greg},
  booktitle={Proc. IEEE ISMAR},
  year={2014},
}

@inproceedings{gard2018markerless,
  title={Markerless closed-loop projection plane tracking for mobile projector-camera systems},
  author={Gard, Niklas and Eisert, Peter},
  booktitle={Proc. IEEE ICIP},
  year={2018},
}

@article{brun2006managing,
  title={Managing latency and fairness in networked games},
  author={Brun, Jeremy and Safaei, Farzad and Boustead, Paul},
  journal={Communications of the ACM},
  volume={49},
  number={11},
  pages={46--51},
  year={2006},
  publisher={ACM New York, NY, USA}
}


@article{haratcherev2006optimized,
  title={Optimized video streaming over 802.11 by cross-layer signaling},
  author={Haratcherev, Lvaylo and Taal, Jacco and Langendoen, Koen and Lagendijk, Reginald and Sips, Henk},
  journal={IEEE Communications magazine},
  volume={44},
  number={1},
  pages={115--121},
  year={2006},
  publisher={IEEE}
}

@article{ijsselsteijn2013game,
  title={The game experience questionnaire},
  author={IJsselsteijn, Wijnand A and de Kort, Yvonne AW and Poels, Karolien},
  journal={Eindhoven: Technische Universiteit Eindhoven},
  pages={3--9},
  year={2013}
}

@inproceedings{ben2020edge,
  title={Edge-{SLAM}: edge-assisted visual simultaneous localization and mapping},
  author={Ben Ali, Ali J and Hashemifar, Zakieh Sadat and Dantu, Karthik},
  booktitle={Proc. ACM MobiSys},
  year={2020}
}

@inproceedings{ran2020multi,
  title={Multi-user augmented reality with communication efficient and spatially consistent virtual objects},
  author={Ran, Xukan and Slocum, Carter and Tsai, Yi-Zhen and Apicharttrisorn, Kittipat and Gorlatova, Maria and Chen, Jiasi},
  booktitle={Proc. ACM CoNEXT},
  year={2020}
}


@inproceedings{prakash2019gleam,
  title={GLEAM: An Illumination Estimation Framework for Real-time Photorealistic Augmented Reality on Mobile Devices},
  author={Prakash, Siddhant and Bahremand, Alireza and Nguyen, Linda D and LiKamWa, Robert},
  booktitle={Proc. ACM MobiSys'19},
  pages={142--154},
  year={2019},
  organization={ACM}
}


@inproceedings{klein2007parallel,
  title={Parallel tracking and mapping for small {AR} workspaces},
  author={Klein, Georg and Murray, David},
  booktitle={Proc. IEEE ISMAR},
  year={2007},
}


@article{romero2018speeded,
  title={Speeded up detection of squared fiducial markers},
  author={Romero-Ramirez, Francisco J and Mu{\~n}oz-Salinas, Rafael and Medina-Carnicer, Rafael},
  journal={Image and vision Computing},
  volume={76},
  pages={38--47},
  year={2018},
  publisher={Elsevier}
}


@article{garrido2014automatic,
  title={Automatic generation and detection of highly reliable fiducial markers under occlusion},
  author={Garrido-Jurado, Sergio and Mu{\~n}oz-Salinas, Rafael and Madrid-Cuevas, Francisco Jos{\'e} and Mar{\'\i}n-Jim{\'e}nez, Manuel Jes{\'u}s},
  journal={Pattern Recognition},
  volume={47},
  number={6},
  pages={2280--2292},
  year={2014},
  publisher={Elsevier}
}

@inproceedings{lopez2016accuracy,
  title={Accuracy analysis of marker-based {3D} visual localization},
  author={L{\'o}pez-Cer{\'o}n, Alberto and Canas, Jos{\'e} M},
  booktitle={XXXVII Jornadas de Automatica Workshop},
  year={2016}
}

@inproceedings{abawi2004accuracy,
  title={Accuracy in optical tracking with fiducial markers: an accuracy function for {ARToolKit}},
  author={Abawi, Daniel F and Bienwald, Joachim and Dorner, Ralf},
  booktitle={Proc. IEEE ISMAR},
  year={2004},
}



@inproceedings{freear,
    title={Breaking edge shackles: Infrastructure-free collaborative mobile augmented reality},
    author={Apicharttrisorn, Kittipat and Chen, Jiasi and Sekar, Vyas and Rowe, Anthony and Krishnamurthy, Srikanth},
    booktitle={Proc. ACM SenSys},
    year={2022}
    }


@inproceedings{videostorm,
  title={Live Video Analytics at Scale with Approximation and Delay-Tolerance},
  author={Zhang, Haoyu and Ananthanarayanan, Ganesh and Bodik, Peter and Philipose, Matthai and Bahl, Paramvir and Freedman, Michael J},
  booktitle={Proc. USENIX NSDI},
  year={2017}
}

@misc{marlin-demo,
	title={MARLIN Demo Site},
	author={K. Apicharttrisorn and X. Ran and J. Chen and S. V. Krishnamurthy and A. K. Roy-Chowdhury},
	howpublished={\url{https://sites.google.com/view/marlin-ar/home}},
	year={2019}
}

@misc{defit,
  title={DeFit},
  howpublished={\url{https://play.google.com/store/apps/details?id=com.fitness.debugger}},
  year={2019}
  }

@inproceedings{xu2020analyzing,
  title={Analyzing Viewport Prediction Under Different VR Interactions},
  author={Xu, Tan and Han, Bo and Qian, Feng},
  booktitle={ACM CoNEXT},
  pages={6},
  year={2020},
}

@inproceedings{qian2019toward,
  title={Toward Practical Volumetric Video Streaming on Commodity Smartphones},
  author={Qian, Feng and Han, Bo and Pair, Jarrell and Gopalakrishnan, Vijay},
  booktitle={Proc. ACM MobiSys},
  year={2019},
}


@inproceedings{qin2019quality,
  title={Quality-aware strategies for optimizing {ABR} video streaming {QoE} and reducing data usage},
  author={Qin, Yanyuan and Hao, Shuai and Pattipati, Krishna R and Qian, Feng and Sen, Subhabrata and Wang, Bing and Yue, Chaoqun},
  booktitle={Proc. ACM MMSys},
  year={2019},
}


@article{bauman2017towards,
  title={Towards Predictions of the Image Quality of Experience for Augmented Reality Scenarios},
  author={Bauman, Brian and Seeling, Patrick},
  journal={arXiv preprint arXiv:1705.01123},
  year={2017}
}


@article{ferguson1989solved,
  title={Who solved the secretary problem?},
  author={Ferguson, Thomas S},
  journal={Statistical science},
  volume={4},
  number={3},
  pages={282--289},
  year={1989},
  publisher={Institute of Mathematical Statistics}
}

@inproceedings{balachandran2013developing,
  title={Developing a predictive model of quality of experience for {Internet} video},
  author={Balachandran, Athula and Sekar, Vyas and Akella, Aditya and Seshan, Srinivasan and Stoica, Ion and Zhang, Hui},
  booktitle={ACM SIGCOMM Computer Communication Review},
  volume={43},
  number={4},
  pages={339--350},
  year={2013},
  organization={ACM}
}

@article{seshadrinathan2010study,
  title={Study of subjective and objective quality assessment of video},
  author={Seshadrinathan, Kalpana and Soundararajan, Rajiv and Bovik, Alan Conrad and Cormack, Lawrence K},
  journal={IEEE Transactions on Image Processing},
  volume={19},
  number={6},
  pages={1427--1441},
  year={2010},
  publisher={IEEE}
}


@INPROCEEDINGS{Geiger2012CVPR,
  author = {Andreas Geiger and Philip Lenz and Raquel Urtasun},
  title = {Are we ready for Autonomous Driving? The KITTI Vision Benchmark Suite},
  booktitle = {Conference on Computer Vision and Pattern Recognition (CVPR)},
  year = {2012}
} 

@article{strasburger2011peripheral,
  title={Peripheral vision and pattern recognition: A review},
  author={Strasburger, Hans and Rentschler, Ingo and J{\"u}ttner, Martin},
  journal={Journal of vision},
  volume={11},
  number={5},
  pages={13--13},
  year={2011},
  publisher={The Association for Research in Vision and Ophthalmology}
}


@inproceedings{chen2019liv,
  title={Liv (e)-ing on the Edge: User-Uploaded Live Streams Driven by ``First-Mile" Edge Decisions},
  author={Chen, Jiasi and Balasubramanian, Bharath and Huang, Zhe},
  booktitle={Proc. IEEE EDGE},
  year={2019},
}

@article{oymak2017learning,
  title={Learning Feature Nonlinearities with Non-Convex Regularized Binned Regression},
  author={Oymak, Samet and Mahdavi, Mehrdad and Chen, Jiasi},
  journal={IEEE ISIT},
  year={2017}
}

@article{yuan2019on,
  title={On the Benefits of Class-wise Calibration for Heterogenous Datasets},
  author={Yuan, Zhou and Chen, Jiasi and Oymak, Samet},
  journal={AISTATS (under submission)},
  year={2020}
}



@inproceedings{apicharttrisorn2019frugal,
  title={Frugal Following: Power Thrifty Object Detection and Tracking for Mobile Augmented Reality},
  author={Apicharttrisorn, Kittipat and Ran, Xukan and Chen, Jiasi and Krishnamurthy, Srikanth V and Roy-Chowdhury, Amit K},
  booktitle = {Proc. ACM SenSys}, 
  year={2019}
}


@article{kang2006video,
  title={Video dejittering by bake and shake},
  author={Kang, Sung Ha and Shen, Jianhong},
  journal={Image and vision computing},
  volume={24},
  number={2},
  pages={143--152},
  year={2006},
  publisher={Elsevier}
}


@incollection{fua2007vision,
  title={Vision based {3D} tracking and pose estimation for mixed reality},
  author={Fua, Pascal and Lepetit, Vincent},
  booktitle={Emerging Technologies of Augmented Reality: Interfaces and Design},
  pages={1--22},
  year={2007},
  publisher={IGI Global}
}


@inproceedings{abawi2004accuracy,
  title={Accuracy in optical tracking with fiducial markers: an accuracy function for ARToolKit},
  author={Abawi, Daniel F and Bienwald, Joachim and Dorner, Ralf},
  booktitle={Proceedings of the 3rd IEEE/ACM International Symposium on Mixed and Augmented Reality},
  pages={260--261},
  year={2004},
  organization={IEEE Computer Society}
}


@misc{vins-mono-github,
  title={VINS-Mono: A Robust and Versatile Monocular Visual-Inertial State Estimator},
  howpublished={\url{https://github.com/HKUST-Aerial-Robotics/VINS-Mono}},
  year={2019},
  month={Janurary}}

@article{chen2017empirical,
  title={An empirical study of latency in an emerging class of edge computing applications for wearable cognitive assistance},
  author={Chen, Zhuo and Hu, Wenlu and Wang, Junjue and Zhao, Siyan and Amos, Brandon and Wu, Guanhang and Ha, Kiryong and Elgazzar, Khalid and Pillai, Padmanabhan and Klatzky, Roberta and others},
  journal={ACM/IEEE Symposium on Edge Computing},
  year={2017},
}

@misc{arcore-release,
title={Google wants to bring multiplayer AR to iOS and Android with its new Cloud Anchors tool},
author={Lucas Matney},
howpublished={\url{https://techcrunch.com/2018/05/08/google-wants-to-bring-multiplayer-ar-to-ios-and-android-with-its-new-cloud-anchors-tool/}},
year={2018},
month={May}}

@misc{azure_spatial_anchors,
title={Azure Spatial Anchors overviewl},
author={Microsoft},
howpublished={\url{https://learn.microsoft.com/en-us/azure/spatial-anchors/overview}},
year={2022},
month={February}}


@misc{opensfm,
title={{OpenSFM}},
author={Mapillary},
howpublished={\url{
https://opensfm.org/}}
}

@inproceedings{dhakal2022slam,
  title={{SLAM}-Share: Visual Simultaneous Localization and Mapping for Real-time Multi-user Augmented Reality},
  author={Dhakal, Aditya and Ran, Xukan and Wang, Yunshu and Chen, Jiasi and Ramakrishnan, K.K.},
  booktitle={Proc. ACM CoNEXT},
  year={2022}
}

@article{skordoulis2008ieee,
  title={IEEE 802.11 n MAC frame aggregation mechanisms for next-generation high-throughput WLANs},
  author={Skordoulis, Dionysios and Ni, Qiang and Chen, Hsiao-Hwa and Stephens, Adrian P and Liu, Changwen and Jamalipour, Abbas},
  journal={IEEE Wireless Communications},
  volume={15},
  number={1},
  pages={40--47},
  year={2008},
  publisher={IEEE}
}

@article{heusse2005idle,
  title={Idle sense: an optimal access method for high throughput and fairness in rate diverse wireless LANs},
  author={Heusse, Martin and Rousseau, Franck and Guillier, Romaric and Duda, Andrzej},
  journal={ACM SIGCOMM},
  year={2005},
}

@article{wang2004image,
  title={Image quality assessment: from error visibility to structural similarity},
  author={Wang, Zhou and Bovik, Alan C and Sheikh, Hamid R and Simoncelli, Eero P},
  journal={IEEE Transactions on Image Processing},
  volume={13},
  number={4},
  pages={600--612},
  year={2004}
}


@article{mao2017neural,
  title={Neural adaptive video streaming with pensieve},
  author={Mao, Hongzi and Netravali, Ravi and Alizadeh, Mohammad},
  journal={ACM SIGCOMM},
  year={2017},
}


@article{sodagar2011mpeg,
  title={{The MPEG-DASH standard for multimedia streaming over the internet}},
  author={Sodagar, Iraj},
  journal={IEEE Multimedia},
  volume={18},
  number={4},
  pages={62--67},
  year={2011},
  publisher={IEEE}
}


@misc{just-a-line,
title={{Just a Line - Draw Anywhere, with AR}},
author={Google},
howpublished={\url{https://justaline.withgoogle.com/}}}

@misc{swiftshot,
title={SwiftShot: Creating a Game for Augmented Reality},
author={Apple},
howpublished={\url{https://developer.apple.com/documentation/arkit/swiftshot_creating_a_game_for_augmented_reality}}}

@article{liu2018dare,
  title={DARE: Dynamic Adaptive Mobile Augmented Reality with Edge Computing},
  author={Liu, Qiang and Han, Tao},
  journal={IEEE ICNP},
  year={2018},
}

@book{szeliski2010computer,
  title={Computer vision: algorithms and applications},
  author={Szeliski, Richard},
  year={2010},
  publisher={Springer Science \& Business Media}
}

@article{ILSVRC15,
Author = {Olga Russakovsky and Jia Deng and Hao Su and Jonathan Krause and Sanjeev Satheesh and Sean Ma and Zhiheng Huang and Andrej Karpathy and Aditya Khosla and Michael Bernstein and Alexander C. Berg and Li Fei-Fei},
Title = {{ImageNet Large Scale Visual Recognition Challenge}},
Year = {2015},
journal   = {International Journal of Computer Vision (IJCV)},
doi = {10.1007/s11263-015-0816-y},
volume={115},
number={3},
pages={211-252}
}

@article{360,
  title={Characterization of 360-degree Videos},
  author={Afzal, Shahryar and Chen, Jiasi and Ramakrishnan, KK},
  journal={ACM SIGCOMM Workshop on Virtual Reality and Augmented Reality Network},
  year={2017},
}



@article{prakash2019gleam,
  title={{GLEAM: An Illumination Estimation Framework for Real-time Photorealistic Augmented Reality on Mobile Devices}},
  author={Prakash, Siddhant and Bahremand, Alireza and Nguyen, Linda D and LiKamWa, Robert},
  journal={ACM MobiSys},
  year={2019},
}

@article{qiu2018avr,
  title={{AVR: Augmented vehicular reality}},
  author={Qiu, Hang and Ahmad, Fawad and Bai, Fan and Gruteser, Marco and Govindan, Ramesh},
  journal={ACM MobiSys},
  year={2018},
}


@article{liu2019edge,
  title={Edge assisted real-time object detection for mobile augmented reality},
  author={Liu, Luyang and Li, Hongyu and Gruteser, Marco},
  journal={Proc. ACM MobiCom},
  year={2019},
}


@misc{cnert,
  title={{IEEE INFOCOM CNERT 2019}},
  howpublished={\url{https://www.youtube.com/watch?v=bVQhfzciMlA}},
  year={2019},
  month={May}
  }


@misc{netgear-qos,
title={How to enable Quality of Service (QoS) on routers using the NETGEAR web interface?},
author={NetGear},
howpublished={\url{https://kb.netgear.com/24266/How-to-enable-Quality-of-Service-QoS-on-routers-using-the-NETGEAR-web-interface}},
month={April},
year={2019}}

@misc{3gpp-qos,
title={{TS 23.203: Policy and Charging Control Architecture}},
author={{3GPP}},
year={2019},
month={June}
}

@misc{3gpp-qos-5g,
title={{TS 38.300: NR; Overall description; Stage-2}},
author={{3GPP}},
year={2019},
month={June}}

@INPROCEEDINGS{performchar, 
author={V. F. {Bauset} and J.live M. {Orduna} and P. {Morillo}}, 
booktitle={2011 IEEE/ACM 15th International Symposium on Distributed Simulation and Real Time Applications}, 
title={Performance Characterization on Mobile Phones for Collaborative Augmented Reality (CAR) Applications}, 
year={2011}, 
volume={}, 
number={}, 
pages={52-53}, 
keywords={augmented reality;groupware;mobile computing;mobile handsets;multimedia computing;object detection;performance evaluation;radio networks;mobile phone performance characterization;collaborative augmented reality system;computer-generated image sharing;multimedia services;wireless network capabilities;distributed systems;marker detection stage;rendering stage;collaborative work;Smart phones;Augmented reality;Rendering (computer graphics);Throughput;Operating systems;Cameras;Collaborative Augmented Reality;Mobile Phones;Performance Evaluation}, 
doi={10.1109/DS-RT.2011.26}, 
ISSN={1550-6525}, 
month={Sep.},}

@article{dl-edge,
  author={Jiasi Chen and Xukan Ran},
  title={Deep Learning with Edge Computing: A Review},
  journal={Proceedings of the IEEE},
  year={2019}
  }


@INPROCEEDINGS{sturm2012benchmark,
  title={A benchmark for the evaluation of {RGB-D SLAM} systems},
  author={Sturm, J{\"u}rgen and Engelhard, Nikolas and Endres, Felix and Burgard, Wolfram and Cremers, Daniel},
  booktitle={Proc. IEEE/RSJ IROS},
  year={2012},
}

@INPROCEEDINGS{popperform, 
author={A. {Samini} and K. L. {Palmerius}}, 
booktitle={Proc. International Conference on Cyberworlds}, 
title={Popular Performance Metrics for Evaluation of Interaction in Virtual and Augmented Reality}, 
year={2017}, 
volume={}, 
number={}, 
pages={206-209}, 
keywords={augmented reality;user interfaces;popular performance metrics;partially virtual world;virtual objects;formal evaluation;interaction techniques;user performance metrics;virtual environments;survey quality metrics;formal user studies;baseline performance metrics;augmented reality applications;virtual reality applications;Measurement;Usability;Virtual environments;Voltage control;Predictive models;performance metrics;augmented reality;virtual reality;user study;interaction}, 
doi={10.1109/CW.2017.25}, 
ISSN={}, 
}

@article{zou2012coslam,
  title={Coslam: Collaborative visual slam in dynamic environments},
  author={Zou, Danping and Tan, Ping},
  journal={IEEE Transactions on Pattern Analysis and Machine Intelligence},
  volume={35},
  number={2},
  pages={354--366},
  year={2012},
  publisher={IEEE}
}

@article{chen2018marvel,
  title={{MARVEL}: Enabling Mobile Augmented Reality with Low Energy and Low Latency},
  author={Chen, Kaifei and Li, Tong and Kim, Hyung-Sin and Culler, David E and Katz, Randy H},
  year={2018},
  journal={ACM Sensys}
}

@article{schmuck2017multi,
  title={Multi-uav collaborative monocular slam},
  author={Schmuck, Patrik and Chli, Margarita},
  journal={IEEE International Conference on Robotics and Automation},
  year={2017},
}


@INPROCEEDINGS { alee-2019-icra-ws,
    AUTHOR = { Alex Junho Lee and Younggun Cho and Sungho Yoon and Youngsik Shin and Ayoung Kim },
    TITLE = { {ViViD : Vision for Visibility Dataset} },
    BOOKTITLE = {ICRA Workshop on Dataset Generation and Benchmarking of SLAM Algorithms for Robotics and VR/AR },
    YEAR = { 2019 },
}

@article{zhang2018jaguar,
  title={{Jaguar: Low Latency Mobile Augmented Reality with Flexible Tracking}},
  author={Zhang, Wenxiao and Han, Bo and Hui, Pan},
  journal={ACM Multimedia},
  year={2018},
}

@ARTICLE{GalvezTRO12,
  author={G\'alvez-L\'opez, Dorian and Tard\'os, J. D.},
  journal={IEEE Transactions on Robotics},
  title={Bags of Binary Words for Fast Place Recognition in Image Sequences},
  year={2012},
  month={October},
  volume={28},
  number={5},
  pages={1188--1197},
  doi={10.1109/TRO.2012.2197158},
  ISSN={1552-3098}
}


@article{oskiper2015augmented,
  title={Augmented reality binoculars},
  author={Oskiper, Taragay and Sizintsev, Mikhail and Branzoi, Vlad and Samarasekera, Supun and Kumar, Rakesh},
  journal={IEEE Transactions on Visualization and Computer Graphics},
  volume={21},
  number={5},
  pages={611--623},
  year={2015},
  publisher={IEEE}
}

@article{kerl2013dense,
  title={Dense visual {SLAM} for {RGB-D} cameras},
  author={Kerl, Christian and Sturm, J{\"u}rgen and Cremers, Daniel},
  journal={IEEE/RSJ International Conference on Intelligent Robots and Systems},
  year={2013},
}


@misc{arcore-slam,
  title={Fundamental Concepts | ARCore | Google Developers},
  author={Google},
  howpublished={\url{https://developers.google.com/ar/discover/concepts}},
  year={2019},
  month={May}
  }

@misc{arkit-slam,
  title={Understanding ARKit Tracking and Detection - WWDC 2018},
  author={Apple},
  howpublished={\url{https://developer.apple.com/videos/play/wwdc2018/610/}},
  year={2018}
  }


@misc{hololens-slam,
  title={Microsoft HoloLens facilitates computer vision research by providing access to raw image sensor streams with Research Mode},
  author={Marc Pollefeys},
  howpublished={\url{https://www.microsoft.com/en-us/research/blog/microsoft-hololens-facilitates-computer\\- vision-research-by-providing-access-to-raw\\-image-sensor-streams-with-research-mode/}},
  year={2018},
  month={June}
  }

@article{karagiannis2005blinc,
  title={BLINC: multilevel traffic classification in the dark},
  author={Karagiannis, Thomas and Papagiannaki, Konstantina and Faloutsos, Michalis},
  journal={ACM SIGCOMM},
  year={2005},
}

@article{guo2001war,
  title={The war between mice and elephants},
  author={Guo, Liang and Matta, Ibrahim},
  journal={IEEE ICNP},
  year={2001},
}


@misc{caida_dataset,
  title={The CAIDA UCSD Anonymized Internet Traces},
  howpublished={\url{
http://www.caida.org/data/passive/passive_2016_dataset.xml}}
}

@article{lotfollahi2017deep,
  title={Deep packet: A novel approach for encrypted traffic classification using deep learning},
  author={Lotfollahi, Mohammad and Siavoshani, Mahdi Jafari and Zade, Ramin Shirali Hossein and Saberian, Mohammdsadegh},
  journal={Soft Computing},
  pages={1--14},
  year={2017},
  publisher={Springer}
}



@misc{google-tpu,
title={Google Cloud TPU},
author={Google},
howpublished={\url{https://cloud.google.com/tpu/}}
}

@article{akhtar2018oboe,
 author={Akhtar, Zahaib and Nam, Yun Seong and Govindan, Ramesh and Rao, Sanjay and Chen, Jessica and Katz-Bassett, Ethan and Ribeiro, Bruno and Zhan, Jibin and Zhang, Hui},
 title={Oboe: Auto-tuning Video ABR Algorithms to Network Conditions},
 journal={ACM SIGCOMM},
 year={2018},

} 

@book{boostlib,
  title={The boost C++ libraries},
  author={Sch{\"a}ling, Boris},
  year={2011},
  publisher={Boris Sch{\"a}ling}
}

@article{zhang2017cloudar,
  title={CloudAR: A Cloud-based Framework for Mobile Augmented Reality},
  author={Zhang, Wenxiao and Lin, Sikun and Bijarbooneh, Farshid Hassani and Cheng, Hao Fei and Hui, Pan},
  journal={ACM Multimedia Thematic Workshops},
  year={2017},
}

@misc{80211ax,
title={IEEE 802.11ax},
author={Wikipedia},
howpublished={\url{https://en.wikipedia.org/wiki/IEEE_802.11ax}}
}

@article{liveing,
title={Liv(e)-ing on the Edge: Delivery of User-Uploads Driven by Edge Decisions},
author={Jiasi Chen and Bharath Balasubramanian and Felix Huang},
journal={IEEE EDGE},
year={2019}
}

@misc{rcourse,
   title={UCR R'Course},
   howpublished={\url{http://ssp.ucr.edu/educational_initiatives/rcourses.html}}
   }

@article{lykouris2018better,
  title={Better Caching with Machine Learned Advice},
  author={Lykouris, Thodoris and Vassilvitskii, Sergei},
  year={2018},
  journal={SysML}
}

@article{boos2016flashback,
  title={Flashback: Immersive virtual reality on mobile devices via rendering memoization},
  author={Boos, Kevin and Chu, David and Cuervo, Eduardo},
  journal={ACM MobiSys},
  year={2016},
}

@article{gopalakrishnan2009cpm,
  title={CPM: Adaptive video-on-demand with cooperative peer assists and multicast},
  author={Gopalakrishnan, Vijay and Bhattacharjee, Bobby and Ramakrishnan, KK and Jana, Rittwik and Srivastava, Divesh},
  journal={IEEE INFOCOM},
  year={2009},
}

@article{bacstuug2014living,
  title={Living on the edge: The role of proactive caching in 5G wireless networks},
  author={Ba{\c{s}}tu{\u{g}}, Ejder and Bennis, Mehdi and Debbah, M{\'e}rouane},
  journal={arXiv preprint arXiv:1405.5974},
  year={2014}
}

@aticle{breslau1999web,
  title={Web caching and Zipf-like distributions: Evidence and implications},
    journal={IEEE INFOCOM},
  author={Breslau, Lee and Cao, Pei and Fan, Li and Phillips, Graham and Shenker, Scott},
  year={1999},
}

@article{tao,
title={An Edge Network Orchestrator for Mobile Augmented Reality},
author={Qiang Liu and Siqi Huang and Johnson Opadere and Tao Han},
journal={IEEE INFOCOM},
year={2018}
}

@article{bba,
  title={A buffer-based approach to rate adaptation: Evidence from a large video streaming service},
  author={Huang, Te-Yuan and Johari, Ramesh and McKeown, Nick and Trunnell, Matthew and Watson, Mark},
  journal={ACM SIGCOMM},
  year={2015},
}

@article{festive,
  title={Improving fairness, efficiency, and stability in {HTTP}-based adaptive video streaming with festive},
  author={Jiang, Junchen and Sekar, Vyas and Zhang, Hui},
  journal={IEEE/ACM Transactions on Networking},
  volume={22},
  number={1},
  pages={326--340},
  year={2014},
  publisher={IEEE Press}
}

@article{chu2002case,
  title={A case for end system multicast},
  author={Chu, Yang-hua and Rao, Sanjay G and Seshan, Srinivasan and Zhang, Hui},
  journal={IEEE Journal on selected areas in communications},
  volume={20},
  number={8},
  pages={1456--1471},
  year={2002},
  publisher={IEEE}
}


@article{erman2013understanding,
  title={Understanding the super-sized traffic of the super bowl},
  author={Erman, Jeffrey and Ramakrishnan, Kadangode K},
  journal={ACM Internet Measurement Conference},
  year={2013},
}

@misc{qualcomm-xr1,
   title={Snapdragon XR1 platform},
   author={Qualcomm},
   howpublished={\url{https://www.qualcomm.com/products/snapdragon-xr1-platform}}
   }

@article{faster_rcnn,
  title={Faster r-cnn: Towards real-time object detection with region proposal networks},
  author={Ren, Shaoqing and He, Kaiming and Girshick, Ross and Sun, Jian},
  journal={NIPS},
  year={2015}
}

@ARTICLE{monserrat, 
author={Monserrat, J.F. and Calabuig, J. and Fernandez-Aguilella, A and Gomez-Barquero, D.}, 
journal={IEEE Trans. Broadcasting, }, 
title={Joint Delivery of Unicast and E-MBMS Services in LTE Networks}, 
year={2012}, 
volume={58}, 
number={2}, 
pages={157-167},
doi={10.1109/TBC.2012.2191030}, 
ISSN={0018-9316},}

@ARTICLE{mladenov, 
author={Mladenov, T. and Nooshabadi, S. and Kiseon Kim}, 
journal={IEEE Trans. Broadcasting}, 
title={Efficient Incremental Raptor Decoding Over BEC for 3GPP MBMS and DVB IP-Datacast Services}, 
year={2011}, 
month={June}, 
volume={57}, 
number={2}, 
pages={313-318}, 
doi={10.1109/TBC.2010.2102930}, 
ISSN={0018-9316},}

@article{baik, 
author={Baik, E. and Pande, A and Mohapatra, P.}, 
journal={IEEE MASS}, 
title={Cross-layer coordination for efficient contents delivery in LTE eMBMS traffic}, 
year={2012}, 
doi={10.1109/MASS.2012.6502540},}

@article{suh,
  title={Resource allocation for multicast services in multicarrier wireless communications},
  author={Suh, Changho and Mo, Jeonghoon},
  journal={IEEE Trans. Wireless Comm.},
  volume={7},
  number={1},
  pages={27--31},
  year={2008},
  publisher={IEEE}
}

@article{yoon,
 author = {Yoon, Jongwon and Zhang, Honghai and Banerjee, Suman and Rangarajan, Sampath},
 title = {MuVi: A Multicast Video Delivery Scheme for 4G Cellular Networks},
 journal = {ACM MobiCom},
 year = {2012},
 doi = {10.1145/2348543.2348571},
} 



@ARTICLE{honghai, 
author={Peilong Li and Honghai Zhang and Baohua Zhao and Rangarajan, S.}, 
journal={IEEE Trans. Networking}, 
title={Scalable Video Multicast With Adaptive Modulation and Coding in Broadband Wireless Data Systems}, 
year={2012}, 
month={Feb}, 
volume={20}, 
number={1}, 
pages={57-68}, 
doi={10.1109/TNET.2011.2157700}, 
ISSN={1063-6692},}

@ARTICLE{hou, 
author={Fen Hou and Cai, L.X. and Pin-Han Ho and Xuemin Shen and Junshan Zhang}, 
journal={IEEE Trans. Wireless Comm.}, 
title={A cooperative multicast scheduling scheme for multimedia services in IEEE 802.16 networks}, 
year={2009}, 
month={March}, 
volume={8}, 
number={3}, 
pages={1508-1519}, 
doi={10.1109/TWC.2009.080417}, 
ISSN={1536-1276},}


@article{guo,
 author = {Won, Hyungsuk and Cai, Han and Eun, Do Young and Guo, Katherine and Netravali, Arun and Rhee, Injong and Sabnani, Krishan},
 title = {Multicast Scheduling in Cellular Data Networks},
 journal = {IEEE Trans. Wireless. Comm.},
 issue_date = {September 2009},
 volume = {8},
 number = {9},
 month = sep,
 year = {2009},
 issn = {1536-1276},
 pages = {4540--4549},
 numpages = {10},
 acmid = {1721178},
 publisher = {IEEE Press},
 address = {Piscataway, NJ, USA},
} 

@article{koh, 
author={Chung Ha Koh and Young Yong Kim}, 
journal={IEEE VTC}, 
title={A Proportional Fair Scheduling for Multicast Services in Wireless Cellular Networks}, 
year={2006}, 
doi={10.1109/VTCF.2006.225},}


@article{yang, 
author={Yang, Y.R. and Min Sik Kim and Lam, S.S.}, 
journal={ICNP}, 
title={Optimal partitioning of multicast receivers}, 
year={2000}, 
doi={10.1109/ICNP.2000.896298},}

@ARTICLE{afolabi, 
author={Afolabi, R.O. and Dadlani, A and Kiseon Kim}, 
journal={IEEE Comm. Surveys Tutorials}, 
title={Multicast Scheduling and Resource Allocation Algorithms for OFDMA-Based Systems: A Survey}, 
year={2013}, 
month={First}, 
volume={15}, 
number={1}, 
pages={240-254}, 
doi={10.1109/SURV.2012.013012.00074}, 
ISSN={1553-877X},}


@article{chuang,
  title={Pricing multicast communication: A cost-based approach},
  author={Chuang, John C-I and Sirbu, Marvin A},
  journal={Telecom. Systems},
  volume={17},
  number={3},
  year={2001},
  publisher={Springer}
}

@inproceedings{naderiparizi2017glimpse,
  title={Glimpse: A programmable early-discard camera architecture for continuous mobile vision},
  author={Naderiparizi, Saman and Zhang, Pengyu and Philipose, Matthai and Priyantha, Bodhi and Liu, Jie and Ganesan, Deepak},
  booktitle={Proceedings of the 15th Annual International Conference on Mobile Systems, Applications, and Services},
  pages={292--305},
  year={2017},
  organization={ACM}
}

@inproceedings{huynh2017deepmon,
  title={Deepmon: Mobile gpu-based deep learning framework for continuous vision applications},
  author={Huynh, Loc N and Lee, Youngki and Balan, Rajesh Krishna},
  booktitle={Proceedings of the 15th Annual International Conference on Mobile Systems, Applications, and Services},
  pages={82--95},
  year={2017},
  organization={ACM}
}

@article{lin2016performance,
  title={Performance and implications of RAN caching in LTE mobile networks: A real traffic analysis},
  author={Lin, Tao and Li, Hongjia and Xie, Haiyong and Chen, Jiasi and Cui, Huajun and Zhang, Guoqiang and An, Wei and Li, Yang},
  journal={IEEE SECON},
  year={2016},
}

@article{drolia2017precog,
  title={Precog: prefetching for image recognition applications at the edge},
  author={Drolia, Utsav and Guo, Katherine and Narasimhan, Priya},
  journal={ACM/IEEE Symposium on Edge Computing},
  year={2017},
}

@article{yi2017lavea,
  title={Lavea: Latency-aware video analytics on edge computing platform},
  author={Yi, Shanhe and Hao, Zijiang and Zhang, Qingyang and Zhang, Quan and Shi, Weisong and Li, Qun},
  journal={ACM/IEEE Symposium on Edge Computing},
  year={2017},
}

@article{wang2014cache,
  title={Cache in the air: exploiting content caching and delivery techniques for 5G systems},
  author={Wang, Xiaofei and Chen, Min and Taleb, Tarik and Ksentini, Adlen and Leung, Victor},
  journal={IEEE Communications Magazine},
  volume={52},
  number={2},
  pages={131--139},
  year={2014},
  publisher={IEEE}
}

@inproceedings{avis,
  title={A scheduling framework for adaptive video delivery over cellular networks},
  author={Chen, Jiasi and Mahindra, Rajesh and Khojastepour, Mohammad Amir and Rangarajan, Sampath and Chiang, Mung},
  booktitle={Proc. ACM MobiCom},
  year={2013},
}

@article{kocher2020spectre,
  title={Spectre attacks: Exploiting speculative execution},
  author={Kocher, Paul and Horn, Jann and Fogh, Anders and Genkin, Daniel and Gruss, Daniel and Haas, Werner and Hamburg, Mike and Lipp, Moritz and Mangard, Stefan and Prescher, Thomas and others},
  journal={Communications of the ACM},
  volume={63},
  number={7},
  pages={93--101},
  year={2020},
  publisher={ACM New York, NY, USA}
}


@article{wang2015adaptive,
  title={Adaptive video streaming over whitespace: {SVC} for 3-tiered spectrum sharing},
  author={Wang, Xiaoli and Chen, Jiasi and Dutta, Aveek and Chiang, Mung},
  journal={IEEE INFOCOM},
  year={2015},
}

@inproceedings{qava,
  title={{QAVA}: quota aware video adaptation},
  author={Chen, Jiasi and Ghosh, Amitabha and Magutt, Josphat and Chiang, Mung},
  booktitle={Proc. ACM CoNEXT},
  year={2012},
}

@misc{jaccard,
   title={Jaccard index},
   author={Wikipedia},
   howpublished={\url{https://en.wikipedia.org/wiki/Jaccard_index}}
   }

@inproceedings{icnp_paper,
  title={DARE: Dynamic Adaptive Mobile Augmented Reality with Edge Computing},
  author={?},
  booktitle={IEEE ICNP},
  year={2018}
}


@misc{citibank-report,
   title={Virtual and Augmented Reality},
   author={{Citibank GPS: Global Perspectives and Solutions}},
   year={2016},
   month={October},
   howpublished={\url{https://www.citibank.com/commercialbank/insights/assets/docs/virtual-and-augmented-reality.pdf}}
}

@article{teerapittayanon2016branchynet,
  title={Branchynet: Fast inference via early exiting from deep neural networks},
  author={Teerapittayanon, Surat and McDanel, Bradley and Kung, HT},
  journal={International Conference on Pattern Recognition},
  year={2016},
}

@inproceedings{zhang2017networking,
  title={On the networking challenges of mobile augmented reality},
  author={Zhang, Wenxiao and Han, Bo and Hui, Pan},
  booktitle={Proc. ACM SIGCOMM VR/AR Network Workshop},
  year={2017},
}

@article{lu2017modeling,
  title={Modeling the resource requirements of convolutional neural networks on mobile devices},
  author={Lu, Zongqing and Rallapalli, Swati and Chan, Kevin and La Porta, Thomas},
  journal={ACM Multimedia},
  year={2017},
}

@book{schmalstieg2016augmented,
  title={Augmented reality: principles and practice},
  author={Schmalstieg, Dieter and Hollerer, Tobias},
  year={2016},
  publisher={Addison-Wesley Professional}
}

@book{lavalle,
  title={Virtual Reality},
  author={Steven LaValle},
  publisher={Cambridge University Press}
}

@article{chatzopoulos2017mobile,
  title={Mobile augmented reality survey: From where we are to where we go},
  author={Chatzopoulos, Dimitris and Bermejo, Carlos and Huang, Zhanpeng and Hui, Pan},
  journal={IEEE Access},
  volume={5},
  pages={6917--6950},
  year={2017},
  publisher={IEEE}
}

@article{satyanarayanan2009case,
  title={The case for vm-based cloudlets in mobile computing},
  author={Satyanarayanan, Mahadev and Bahl, Victor and Caceres, Ram{\'o}n and Davies, Nigel},
  journal={IEEE Pervasive Computing},
  year={2009},
  publisher={IEEE}
}

@article{jain2015overlay,
  title={Overlay: Practical mobile augmented reality},
  author={Jain, Puneet and Manweiler, Justin and Roy Choudhury, Romit},
  journal={ACM MobiSys},
  year={2015},
}

@article{zhang2018cars,
  title={{CARS}: Collaborative Augmented Reality for Socialization},
  author={Zhang, Wenxiao and Han, Bo and Hui, Pan and Gopalakrishnan, Vijay and Zavesky, Eric and Qian, Feng},
  journal={ACM HotMobile},
  year={2018},
}
`
@inproceedings{adib20143d,
  title={{3D} Tracking via Body Radio Reflections.},
  author={Adib, Fadel and Kabelac, Zachary and Katabi, Dina and Miller, Robert C},
  booktitle={NSDI},
  volume={14},
  pages={317--329},
  year={2014}
}

@article{hollerer2004mobile,
  title={Mobile augmented reality},
  author={H{\"o}llerer, Tobias and Feiner, Steve},
  journal={Telegeoinformatics: Location-Based Computing and Services. Taylor and Francis Books Ltd., London, UK},
  volume={21},
  pages={00533},
  year={2004}
}

@inproceedings{li2014experiencing,
  title={Experiencing and handling the diversity in data density and environmental locality in an indoor positioning service},
  author={Li, Liqun and Shen, Guobin and Zhao, Chunshui and Moscibroda, Thomas and Lin, Jyh-Han and Zhao, Feng},
  booktitle={Proceedings of the 20th annual international conference on Mobile computing and networking},
  pages={459--470},
  year={2014},
  organization={ACM}
}

@inproceedings{bahl2000radar,
  title={RADAR: An in-building RF-based user location and tracking system},
  author={Bahl, Paramvir and Padmanabhan, Venkata N},
  booktitle={INFOCOM 2000. Nineteenth Annual Joint Conference of the IEEE Computer and Communications Societies. Proceedings. IEEE},
  volume={2},
  pages={775--784},
  year={2000},
  organization={Ieee}
}

@inproceedings{jin2006indoor,
  title={An indoor localization mechanism using active RFID tag},
  author={Jin, Guang-yao and Lu, Xiao-yi and Park, Myong-Soon},
  booktitle={Sensor Networks, Ubiquitous, and Trustworthy Computing, 2006. IEEE International Conference on},
  volume={1},
  pages={4--pp},
  year={2006},
  organization={IEEE}
}

@article{shea2017towards,
  title={Towards Fully Offloaded Cloud-based AR: Design, Implementation and Experience},
  author={Shea, Ryan and Sun, Andy and Fu, Silvery and Liu, Jiangchuan},
  journal={ACM MMSys},
  year={2017},
}

@article{shea2017location,
  title={Location-based augmented reality with pervasive smartphone sensors: Inside and beyond pokemon go!},
  author={Shea, Ryan and Fu, Di and Sun, Andy and Cai, Chao and Ma, Xiaoqiang and Fan, Xiaoyi and Gong, Wei and Liu, Jiangchuan},
  journal={IEEE Access},
  volume={5},
  pages={9619--9631},
  year={2017},
  publisher={IEEE}
}

@inproceedings{shea2015rhizome,
  title={Rhizome: Utilizing the public cloud to provide 3D gaming infrastructure},
  author={Shea, Ryan and Fu, Di and Liu, Jiangchuan},
  booktitle={Proceedings of the 6th ACM Multimedia Systems Conference},
  pages={97--100},
  year={2015},
  organization={ACM}
}

@inproceedings{pu2013whole,
  title={Whole-home gesture recognition using wireless signals},
  author={Pu, Qifan and Gupta, Sidhant and Gollakota, Shyamnath and Patel, Shwetak},
  booktitle={Proceedings of the 19th annual international conference on Mobile computing \& networking},
  pages={27--38},
  year={2013},
  organization={ACM}
}

@book{adib2013see,
  title={See through walls with WiFi!},
  author={Adib, Fadel and Katabi, Dina},
  volume={43},
  number={4},
  year={2013},
  publisher={ACM}
}

@article{ha2014towards,
  title={Towards wearable cognitive assistance},
  author={Ha, Kiryong and Chen, Zhuo and Hu, Wenlu and Richter, Wolfgang and Pillai, Padmanabhan and Satyanarayanan, Mahadev},
  journal={ACM MobiSys},
  year={2014},
}

@article{ra2011odessa,
  title={Odessa: enabling interactive perception applications on mobile devices},
  author={Ra, Moo-Ryong and Sheth, Anmol and Mummert, Lily and Pillai, Padmanabhan and Wetherall, David and Govindan, Ramesh},
  journal={ACM MobiSys},
  year={2011},
}

@article{chun2011clonecloud,
  title={Clonecloud: elastic execution between mobile device and cloud},
  author={Chun, Byung-Gon and Ihm, Sunghwan and Maniatis, Petros and Naik, Mayur and Patti, Ashwin},
  journal={EuroSys},
  year={2011},
}

@misc{tensorflow-demo,
   title={TensorFlow Android Camera Demo},
   howpublished={\url{https://github.com/tensorflow/tensorflow/tree/master/tensorflow/examples/android}}
}

@article{lucas1981iterative,
  title={An iterative image registration technique with an application to stereo vision},
  author={Lucas, Bruce D and Kanade, Takeo},
  year={1981},
  journal={IJCAI}
}

@inproceedings{redmon2017yolo9000,
  title={YOLO9000: better, faster, stronger},
  author={Redmon, Joseph and Farhadi, Ali},
  booktitle={Proc. IEEE CVPR},
  year={2017}
}

@misc{arcore_share,
  title={Share {AR} Experiences with Cloud Anchors},
  author={Google},
  howpublished={\url{https://developers.google.com/ar/develop/java/cloud-anchors/cloud-anchors-overview-android}},
  year={2023},
  month={March},
  }

  
@misc{arcore_share_geospatial,
  title={Build global-scale, immersive, location-based AR experiences with the ARCore Geospatial API},
  author={Google},
  howpublished={\url{ https://developers.google.com/ar/develop/geospatial}},
  year={2023},
  month={March},
  }

 
  
  @misc{hololens_share,
  title={Shared experiences in {Unity}},
  author={Microsoft},
  howpublished={\url{https://docs.microsoft.com/en-us/windows/mixed-reality/shared-experiences-in-unity}},
  year={2019},
  month={Feb.},
  date={21}
  }

@misc{arkit_share,
  title={Creating a Multiuser {AR} Experience},
  author={Apple},
  howpublished={\url{https://developer.apple.com/documentation/arkit/creating_a_multiuser_ar_experience}}
  }

@inproceedings{AoI_camera,
  title={Minimizing Age of Correlated Information for Wireless Camera Networks},
  author={Qing He and Gyorgy Dan and Viktoria Fodor},
  booktitle={INFOCOM Workshop on Age of Information},
  pages={2731--2735},
  year={2018},
  organization={IEEE}
}

@inproceedings{kaul2012real,
  title={Real-time status: How often should one update?},
  author={Kaul, Sanjit and Yates, Roy and Gruteser, Marco},
  booktitle={INFOCOM, 2012 Proceedings IEEE},
  pages={2731--2735},
  year={2012},
  organization={IEEE}
}

@INPROCEEDINGS{7852321, 
author={I. Kadota and E. Uysal-Biyikoglu and R. Singh and E. Modiano}, 
booktitle={2016 54th Annual Allerton Conference on Communication, Control, and Computing (Allerton)}, 
title={Minimizing the Age of Information in broadcast wireless networks}, 
year={2016}, 
volume={}, 
number={}, 
pages={844-851}, 
keywords={broadcasting;greedy algorithms;radio networks;telecommunication channels;telecommunication scheduling;Whittle index;age of information;broadcast wireless networks;discrete-time decision problem;greedy policy;scheduling policy;symmetric networks;time-sensitive information;Couplings;Delays;Indexes;Optimal scheduling;Throughput;Wireless networks}, 
doi={10.1109/ALLERTON.2016.7852321}, 
ISSN={}, 
month={Sept},}

@book{marschner2015fundamentals,
  title={Fundamentals of computer graphics},
  author={Marschner, Steve and Shirley, Peter},
  year={2015},
  publisher={CRC Press}
}

@article{mur2015orb,
  title={{ORB-SLAM}: a versatile and accurate monocular {SLAM} system},
  author={Mur-Artal, Raul and Montiel, Jose Maria Martinez and Tardos, Juan D},
  journal={IEEE Transactions on Robotics},
  volume={31},
  number={5},
  pages={1147--1163},
  year={2015},
  publisher={IEEE}
}

@article{rublee2011orb,
  title={ORB: An efficient alternative to SIFT or SURF},
  author={Rublee, Ethan and Rabaud, Vincent and Konolige, Kurt and Bradski, Gary},
  booktitle={IEEE ICCV},
  year={2011},
}

@article{lowe1999object,
  title={Object recognition from local scale-invariant features},
  author={Lowe, David G},
  journal={IEEE ICCV},
  year={1999},
}

@inproceedings{chandra2009dircast,
  title={DirCast: A practical and efficient Wi-Fi multicast system},
  author={Chandra, Ranveer and Karanth, Sandeep and Moscibroda, Thomas and Navda, Vishnu and Padhye, Jitendra and Ramjee, Ramachandran and Ravindranath, Lenin},
  booktitle={Network Protocols, 2009. ICNP 2009. 17th IEEE International Conference on},
  pages={161--170},
  year={2009},
  organization={IEEE}
}

@article{jain2016low,
  title={Low Bandwidth Offload for Mobile AR},
  author={Jain, Puneet and Manweiler, Justin and Roy Choudhury, Romit},
  journal={ACM CoNEXT},
  year={2016},
}

@inproceedings{ali2015persistence,
  title={Persistence and availability of floating content in a campus environment},
  author={Ali, Shahzad and Rizzo, Gianluca and Mancuso, Vincenzo and Marsan, Marco Ajmone},
  booktitle={Computer Communications (INFOCOM), 2015 IEEE Conference on},
  pages={2326--2334},
  year={2015},
  organization={IEEE}
}

@inproceedings{kangasharju2010floating,
  title={Floating content: Information availability in urban environments},
  author={Kangasharju, Jussi and Ott, J{\"o}rg and Karkulahti, Ossi},
  booktitle={Pervasive Computing and Communications Workshops (PERCOM Workshops), 2010 8th IEEE International Conference on},
  pages={804--808},
  year={2010},
  organization={IEEE}
}

@inproceedings{hyytia2011does,
  title={When does content float? characterizing availability of anchored information in opportunistic content sharing},
  author={Hyyti{\"a}, Esa and Virtamo, Jorma and Lassila, Pasi and Kangasharju, Jussi and Ott, J{\"o}rg},
  booktitle={INFOCOM, 2011 Proceedings IEEE},
  pages={3137--3145},
  year={2011},
  organization={IEEE}
}

@article{roesner,
  title={Security and privacy for augmented reality systems},
  author={Roesner, Franziska and Kohno, Tadayoshi and Molnar, David},
  journal={Communications of the ACM},
  volume={57},
  number={4},
  pages={88--96},
  year={2014},
  publisher={ACM}
}

@article{papagiannakis2008survey,
  title={A survey of mobile and wireless technologies for augmented reality systems},
  author={Papagiannakis, George and Singh, Gurminder and Magnenat-Thalmann, Nadia},
  journal={Computer Animation and Virtual Worlds},
  volume={19},
  number={1},
  pages={3--22},
  year={2008},
  publisher={Wiley Online Library}
}

@misc{bullard,
title={Transmitter System},
author={Bullard},
howpublished={\url{https://www.bullard.com/product/transmitter-system}}
}


@inproceedings{opennetvm,
  title={OpenNetVM: A Platform for High Performance NFV Service Chains},
  author={Yurchenko, Mykola and Cody, Patrick and Coplan, Aaron and Kennedy, Riley and Wood, Timothy and Ramakrishnan, KK},
  booktitle={Proceedings of the Symposium on SDN Research},
  pages={21},
  year={2018},
  organization={ACM}
}
@book{hartley2003multiple,
  title={Multiple View Geometry in Computer Vision},
  author={Hartley, Richard and Zisserman, Andrew},
  year={2003},
  publisher={Cambridge University Press}
}

@misc{speedtest,
  title={{2019 Speedtest U.S. Mobile Performance Report by Ookla}},
  author={Speedtest},
  howpublished={\url{https://www.speedtest.net/reports/united-states/}},
  year={2019},
  month={July}
  }

@ARTICLE{vins-mono, 
author={T. {Qin} and P. {Li} and S. {Shen}}, 
journal={IEEE Transactions on Robotics}, 
title={{VINS-Mono}: A Robust and Versatile Monocular Visual-Inertial State Estimator}, 
year={2018}, 
volume={34}, 
number={4}, 
pages={1004-1020},  
doi={10.1109/TRO.2018.2853729}, 
ISSN={1552-3098}, 
month={Aug},}

@INPROCEEDINGS{vins-mobile, 
author={P. {Li} and T. {Qin} and B. {Hu} and F. {Zhu} and S. {Shen}}, 
booktitle={Proc. IEEE ISMAR}, 
title={Monocular Visual-Inertial State Estimation for Mobile Augmented Reality}, 
year={2017}, 
volume={}, 
number={}, 
doi={10.1109/ISMAR.2017.18}, 
ISSN={}, 
}


@misc{docsis,
title={Data-Over-Cable Service Interface Specifications (DOCSIS 1.1): Radio Frequency Interface Specification},
author={Cable Labs},
year={2015},
howpublished={\url{https://community.cablelabs.com/wiki/plugins/servlet/cablelabs/alfresco/download?id=cb040b5d-0c22-4222-92b3-747d33427e85}}
}


@inproceedings{embms, 
author={Jiasi Chen and Mung Chiang and Erman, J. and Guangzhi Li and Ramakrishnan, K.K. and Sinha, R.K.}, 
booktitle={Proc. IEEE INFOCOM}, 
title={{Fair and optimal resource allocation for LTE multicast (eMBMS): Group partitioning and dynamics}}, 
year={2015}, 
keywords={Long Term Evolution;cellular radio;multicast communication;multimedia communication;radio spectrum management;resource allocation;LTE eMBMS;base stations scheduling;cellular multicast;cellular operators;group partitioning;multicast coding scheme;multicast users;multimedia data;multiple cell sites;optimal resource allocation;proportional fair utility;selfish users;spectrum efficiency;unicast user rates;unicast users;user channel conditions;wireless resources;wireless spectrum;Computer architecture;Conferences;Encoding;Optimization;Resource management;Streaming media;Unicast}, 
doi={10.1109/INFOCOM.2015.7218502}, 
}

@misc{pass,
title={PASS Device},
author={Wikipedia},
howpublished={\url{https://en.wikipedia.org/wiki/PASS_device}}
}

@inproceedings{imagenet,
  title={{ImageNet} classification with deep convolutional neural networks},
  author={Krizhevsky, Alex and Sutskever, Ilya and Hinton, Geoffrey E},
  booktitle={Proc. NeurlIPS},
  year={2012}
}

@misc {felsberg2016thermal,
	title = {The Visual Object Tracking VOT2016 challenge results},
	url = {http://www.springer.com/gp/book/9783319488806},
	author = {Matej Kristan and Ale\v{s} Leonardis and Jiri Matas and Michael Felsberg and Roman Pflugfelder and Luka \v{C}ehovin Zajc and Tomas Vojir and Gustav H\"{a}ger and Alan Luke\v{z}i\v{c} and Gustavo Fernandez},
	month = {Oct},
	year = {2016},
	howpublished = {Springer}
}


@misc{xiph,
title={xiph.org Video Test Media},
howpublished={\url{https://media.xiph.org/video/derf/}},
year={2017}
}
   
   

@misc{arcore,
title={{ARCore} Overview},
author={Google},
howpublished={\url{https://developers.google.com/ar/discover/}}
}

@misc{arkit,
title={ARKit - Apple Developer},
author={Apple},
howpublished={\url{https://developer.apple.com/arkit/}}
}

@misc{vuforia,
title={Developing Vuforia Apps for Hololens},
author={Vuforia},
howpublished={\url{https://library.vuforia.com/articles/Training/Developing-Vuforia-Apps-for-HoloLens}}
}

@inproceedings{deepdecision,
  title={{DeepDecision}: A Mobile Deep Learning Framework for Edge Video Analytics},
  author={Ran, Xukan and Chen, Haoliang and Liu, Zhenming and Chen, Jiasi},
  booktitle={Proc. IEEE INFOCOM},
  year={2018},
}

@article{deepdecision_workshop,
  title={Delivering Deep Learning to Mobile Devices via Offloading},
  author={Ran, Xukan and Chen, Haoliang and Liu, Zhenming and Chen, Jiasi},
  journal={ACM SIGCOMM Workshop on Virtual Reality and Augmented Reality Network},
  year={2017},
}

@inproceedings{videostorm,
  title={Live Video Analytics at Scale with Approximation and Delay-Tolerance.},
  author={Zhang, Haoyu and Ananthanarayanan, Ganesh and Bodik, Peter and Philipose, Matthai and Bahl, Paramvir and Freedman, Michael J},
  booktitle={Proc. USENIX NSDI},
  year={2017}
}


@article{glimpse2,
author={Saman Naderiparizi and Pengyu Zhang and Matthai Philipose and Bodhi Priyantha and Jie Liu and Deepak Ganesan},
title={Glimpse: A Programmable Early-Discard Camera Architecture for Continuous Mobile Vision},
journal={ACM MobiSys},
year=2017}

@article{deepmon,
title={DeepMon: Mobile GPU-based Deep Learning Framework for Continuous Vision Applications},
author={Loc N. Huynh and Youngki Lee and Rajesh Krishna Balan},
journal={ACM MobiSys},
year={2017},
}


@inproceedings{MCDNN,
 author = {Han, Seungyeop and Shen, Haichen and Philipose, Matthai and Agarwal, Sharad and Wolman, Alec and Krishnamurthy, Arvind},
 title = {{MCDNN: An Approximation-Based Execution Framework for Deep Stream Processing Under Resource Constraints}},
 booktitle= {Proc. ACM Mobisys},
 year = {2016},
} 


@article{glimpse,
  title={Glimpse: Continuous, real-time object recognition on mobile devices},
  author={Chen, Tiffany Yu-Han and Ravindranath, Lenin and Deng, Shuo and Bahl, Paramvir and Balakrishnan, Hari},
  journal={ACM SenSys},
  year={2015},
}

@article{billinghurst2015survey,
  title={A survey of augmented reality},
  author={Billinghurst, Mark and Clark, Adrian and Lee, Gun},
  journal={Foundations and Trends{\textregistered} in Human--Computer Interaction},
  volume={8},
  number={2-3},
  pages={73--272},
  year={2015},
  publisher={Now Publishers, Inc.}
}

@inproceedings{leebmann2004augmented,
  title={An augmented reality system for earthquake disaster response},
  author={Leebmann, Johannes},
  booktitle={XXth ISPRS Congress, The International Archives of the Photogrammetry, Remote Sensing and Spatial Information Sciences, Istanbul},
  year={2004}
}

@misc{mcgill-ar,
title={AUGMENTED REALITY TOOLS FOR IMPROVED TRAINING OF FIRST RESPONDERS},
authors={Jeremy Cooperstock and Michael Sterle-Contala and Alok Sharma and Jeff Blum},
howpublished={\url{http://srl.mcgill.ca/projects/responder/}}
}

@inproceedings{julier2000information,
  title={Information filtering for mobile augmented reality},
  author={Julier, Simon and Lanzagorta, Marco and Baillot, Yohan and Rosenblum, Lawrence and Feiner, Steven and Hollerer, Tobias and Sestito, Sabrina},
  booktitle={Augmented Reality, 2000.(ISAR 2000). Proceedings. IEEE and ACM International Symposium on},
  pages={3--11},
  year={2000},
  organization={IEEE}
}

@misc{nfv-github,
title={SDN \@ UCR and GW},
howpublished={\url{http://sdnfv.github.io/}}
}

@inproceedings{anas2008combined,
  title={Combined admission control and scheduling for QoS differentiation in LTE uplink},
  author={Anas, Mohmmad and Rosa, Claudio and Calabrese, Francesco D and Pedersen, Klaus I and Mogensen, Preben E},
  booktitle={Vehicular Technology Conference, 2008. VTC 2008-Fall. IEEE 68th},
  pages={1--5},
  year={2008},
  organization={IEEE}
}

@article{keller2012microcast,
  title={Microcast: Cooperative video streaming on smartphones},
  author={Keller, Lorenzo and Le, Anh and Cici, Blerim and Seferoglu, Hulya and Fragouli, Christina and Markopoulou, Athina},
  journal={ACM MobiSys},
  year={2012},
}

@misc{bls-statistics,
author={US Bureau of Labor Statistics},
title={2016 Survey of Occupational Injuries \& Illnesses},
howpublished={\url{https://www.bls.gov/iif/osch0060.pdf}}
}

@article{practical-DNN,
  author    = {Alfredo Canziani and
               Adam Paszke and
               Eugenio Culurciello},
  title     = {An Analysis of Deep Neural Network Models for Practical Applications},
  journal   = {CoRR},
  volume    = {abs/1605.07678},
  year      = {2016},
  url       = {http://arxiv.org/abs/1605.07678},
  archivePrefix = {arXiv},
  eprint    = {1605.07678},
  timestamp = {Wed, 07 Jun 2017 14:42:20 +0200},
  biburl    = {https://dblp.org/rec/bib/journals/corr/CanzianiPC16},
  bibsource = {dblp computer science bibliography, https://dblp.org}
  }

@misc{35g,
title={3.5 GHz Band / Citizens Broadband Radio Service},
author={{U.S. FCC}},
note={\url{https://www.fcc.gov/rulemaking/12-354}}
}

@misc{datami,
author={{DataMi}},
year={2017},
note={\url{http://datami.com}}
}

@inproceedings{ha2012tube,
  title={{TUBE: T}ime-dependent pricing for mobile data},
  author={Ha, Sangtae and Sen, Soumya and Joe-Wong, Carlee and Im, Youngbin and Chiang, Mung},
  booktitle={Proceedings of ACM SIGCOMM},
  pages={247--258},
  year={2012},
  organization={ACM}
}
@inproceedings{amuse,
title={{AMUSE}: Empowering Users for Cost-Aware Offloading with Throughput-Delay Tradeoffs},
author={Youngbin Im and Carlee Joe-Wong and Sangtae Ha and Soumya Sen and Ted Taekyoung Kwon and Mung Chiang},
year={2013},
booktitle={IEEE INFOCOM},
organization={IEEE}
}
@article{joe2012optimized,
  title={Optimized Day-Ahead Pricing for Smart Grids with Device-Specific Scheduling Flexibility},
  author={Joe-Wong, C. and Sen, S. and Ha, S. and Chiang, M.},
  journal={IEEE Journal on Selected Areas in Communications},
  volume={30},
  number={6},
  pages={1075--1085},
  year={2012},
  publisher={IEEE}
}
@inproceedings{wifi-3g-infocom,
  title={Offering Supplementary Wireless Network Technologies: Adoption Behavior and Offloading Benefits},
  author={Joe-Wong, C. and Sen, S. and Ha, S.},
  booktitle={Proceedings of IEEE INFOCOM},
  year={2013},
  note={http://arxiv.org/abs/1209.5004}
}

Whitespace + EWN

@article{choi2011opportunistic,
  title={Opportunistic access of TV spectrum using cognitive-radio-enabled cellular networks},
  author={Choi, Young-June and Shin, Kang G},
  journal={IEEE Transactions on Vehicular Technology},
  volume={60},
  number={8},
  pages={3853--3864},
  year={2011},
  publisher={IEEE}
}
@article{ding2016cellular,
  title={Cellular-base-station-assisted device-to-device communications in TV white space},
  author={Ding, Guoru and Wang, Jinlong and Wu, Qihui and Yao, Yu-Dong and Song, Fei and Tsiftsis, Theodoros A},
  journal={IEEE Journal on Selected Areas in Communications},
  volume={34},
  number={1},
  pages={107--121},
  year={2016},
  publisher={IEEE}
}

@misc{iroha-android,
title={Iroha Android},
howpublished={\url{https://github.com/hyperledger/iroha-android}}
}

@inproceedings{cui2015whitecell,
  title={WhiteCell: Energy-efficient use of unlicensed frequency bands for cellular offloading},
  author={Cui, Pengfei and Tonnemacher, Matthew and Rajan, Dinesh and Camp, Joseph},
  booktitle={Dynamic Spectrum Access Networks (DySPAN), 2015 IEEE International Symposium on},
  pages={188--199},
  year={2015},
  organization={IEEE}
}
@article{he2016wifi,
  title={On WiFi offloading in heterogeneous networks: Various incentives and trade-off strategies},
  author={He, Yejun and Chen, Man and Ge, Baohong and Guizani, Mohsen},
  journal={IEEE Communications Surveys \& Tutorials},
  volume={18},
  number={4},
  pages={2345--2385},
  year={2016},
  publisher={IEEE}
}
@inproceedings{bayhan2017improving,
  title={Improving cellular capacity with white space offloading},
  author={Bayhan, Suzan and Zheng, Liang and Chen, Jiasi and Di Francesco, Mario and Kangasharju, Jussi and Chiang, Mung},
  booktitle={Proc. IEEE WiOpt},
  year={2017},
}
@inproceedings{bayhan2016mobile,
  title={Mobile Content Offloading in Database-Assisted White Space Networks},
  author={Bayhan, Suzan and Premsankar, Gopika and Di Francesco, Mario and Kangasharju, Jussi},
  booktitle={International Conference on Cognitive Radio Oriented Wireless Networks},
  pages={129--141},
  year={2016},
  organization={Springer}
}
@inproceedings{kangasharju2016mobile,
  title={Mobile Content Offloading in Database-Assisted White Space Networks},
  author={Kangasharju, Jussi},
  booktitle={Cognitive Radio Oriented Wireless Networks: 11th International Conference, CROWNCOM 2016, Grenoble, France, May 30-June 1, 2016, Proceedings},
  volume={172},
  pages={129},
  year={2016},
  organization={Springer}
}


@INPROCEEDINGS{data-trust, 
author={M. Raya and P. Papadimitratos and V. D. Gligor and J. P. Hubaux}, 
booktitle={IEEE INFOCOM 2008 - The 27th Conference on Computer Communications}, 
title={On Data-Centric Trust Establishment in Ephemeral Ad Hoc Networks}, 
year={2008},
volume={}, 
number={}, 
pages={}, 
keywords={ad hoc networks;mobile radio;security of data;data centric mobile ad hoc networks;data centric trust establishment;ephemeral ad hoc networks;evidence evaluation techniques;system salient features;vehicular networks;Ad hoc networks;Communications Society;Computational modeling;Computer networks;Government;Logic;Mobile ad hoc networks;Mobile communication;Peer to peer computing;Vehicles}, 
doi={10.1109/INFOCOM.2008.180}, 
ISSN={0743-166X}, 
month={April},}

@ARTICLE{trust-models, 
author={G. Theodorakopoulos and J. S. Baras}, 
journal={IEEE Journal on Selected Areas in Communications}, 
title={On trust models and trust evaluation metrics for ad hoc networks}, 
year={2006}, 
volume={24}, 
number={2}, 
pages={318-328}, 
keywords={ad hoc networks;directed graphs;telecommunication security;PGP Web trust model;ad hoc network;directed graph;evaluation process;network security;trust evaluation metric;Access control;Access protocols;Ad hoc networks;Algorithm design and analysis;Collaborative work;Government;Helium;Peer to peer computing;Public key;Robustness;Trust evaluation;semiring;trust metric;trust model}, 
doi={10.1109/JSAC.2005.861390}, 
ISSN={0733-8716}, 
month={Feb},}

@inproceedings{reputation-collaborative,
 author = {Michiardi, Pietro and Molva, Refik},
 title = {Core: A Collaborative Reputation Mechanism to Enforce Node Cooperation in Mobile Ad Hoc Networks},
 booktitle = {Proceedings of the IFIP TC6/TC11 Sixth Joint Working Conference on Communications and Multimedia Security: Advanced Communications and Multimedia Security},
 year = {2002},
 isbn = {1-4020-7206-6},
 pages = {107--121},
 numpages = {15},
 url = {http://dl.acm.org/citation.cfm?id=647802.737297},
 acmid = {737297},
 publisher = {Kluwer, B.V.},
 address = {Deventer, The Netherlands, The Netherlands},
} 


@ARTICLE{varshney, 
author={A. S. Rawat and P. Anand and H. Chen and P. K. Varshney}, 
journal={IEEE Transactions on Signal Processing}, 
title={Collaborative Spectrum Sensing in the Presence of Byzantine Attacks in Cognitive Radio Networks}, 
year={2011}, 
volume={59}, 
number={2}, 
pages={774-786}, 
keywords={cognitive radio;radio spectrum management;sensor fusion;Byzantine attacks;CR network;cognitive radio networks;collaborative spectrum sensing;data fusion center;data fusion process;optimal attacking strategy;spectrum scarcity;spectrum utilization;transmission opportunity;Cognitive radio;Collaboration;Radiation detectors;Security;Testing;Wireless sensor networks;Byzantine attacks;cognitive radio (CR);network security;spectrum sensing}, 
doi={10.1109/TSP.2010.2091277}, 
ISSN={1053-587X}, 
month={Feb},}

@misc{ethereum,
title={Ethereum},
howpublished={\url{https://www.ethereum.org/}}
}

@ARTICLE{hou-toward, 
author={R. Chen and J. m. Park and Y. T. Hou and J. H. Reed}, 
journal={IEEE Communications Magazine}, 
title={Toward secure distributed spectrum sensing in cognitive radio networks}, 
year={2008}, 
volume={46}, 
number={4}, 
pages={50-55}, 
keywords={cognitive radio;radio spectrum management;telecommunication security;cognitive radio networks;incumbent emulation;operational aspects;secure distributed spectrum sensing;security aspects;spectrum sensing data falsification;Base stations;Chromium;Cognitive radio;Data security;Decision support systems;Emulation;Fading;Mobile computing;Telecommunication network reliability;Wireless sensor networks}, 
doi={10.1109/MCOM.2008.4481340}, 
ISSN={0163-6804}, 
month={April},}

@INPROCEEDINGS{kang-shin-dsa, 
author={A. W. Min and K. G. Shin and X. Hu}, 
booktitle={2009 17th IEEE International Conference on Network Protocols}, 
title={Attack-tolerant distributed sensing for dynamic spectrum access networks}, 
year={2009}, 
volume={}, 
number={}, 
pages={294-303}, 
keywords={distributed sensors;protocols;security of data;anomaly detection;attack-tolerant distributed sensing protocol;dynamic spectrum access networks;low-layer protocol stack;shadow fading correlation-based filter;spectrum scarcity;Access protocols;Computer networks;Distributed computing;Fading;Filters;Heart;Interference;Laboratories;Sensor fusion;Signal detection}, 
doi={10.1109/ICNP.2009.5339675}, 
ISSN={1092-1648}, 
month={Oct},}

@inproceedings{yan2012vulnerability,
  title={Vulnerability and protection for distributed consensus-based spectrum sensing in cognitive radio networks},
  author={Yan, Qiben and Li, Ming and Jiang, Tingting and Lou, Wenjing and Hou, Y Thomas},
  booktitle={INFOCOM, 2012 Proceedings IEEE},
  pages={900--908},
  year={2012},
  organization={IEEE}
}

@INPROCEEDINGS{medical-blockchain, 
author={A. Azaria and A. Ekblaw and T. Vieira and A. Lippman}, 
booktitle={2016 2nd International Conference on Open and Big Data (OBD)}, 
title={MedRec: Using Blockchain for Medical Data Access and Permission Management}, 
year={2016}, 
volume={}, 
number={}, 
pages={25-30}, 
keywords={Big Data;authorisation;data aggregation;data mining;data privacy;electronic health records;health care;information retrieval;meta data;records management;EMR handling;MedRec;Proof of Work;accountability;authentication;big data supply;blockchain technology;confidentiality;data aggregation;data anonymization;data economics;data science;data sharing;decentralized record management system;electronic medical records;healthcare;interoperability;local data storage;medical data access;medical information access;medical stakeholder incentivization;metadata;mining reward;network security;permission management;personalization;public health authorities;sensitive information handling;system adaptability;treatment sites;Contracts;Cryptography;Databases;History;Interoperability;Peer-to-peer computing;Prototypes;access control;cryptographic protocols;distributed information systems;electronic medical records}, 
doi={10.1109/OBD.2016.11}, 
ISSN={}, 
month={Aug},}

@article{heusse2003performance,
  title={Performance anomaly of 802.11 b},
  author={Heusse, Martin and Rousseau, Franck and Berger-Sabbatel, Gilles and Duda, Andrzej},
  journal={IEEE INFOCOM},
  year={2003},
}


@article{mobile-blockchain,
  title={Performance analysis and application of mobile blockchain},
  author={Suankaewmanee, Kongrath and Hoang, Dinh Thai and Niyato, Dusit and Sawadsitang, Suttinee and Wang, Ping and Han, Zhu},
  journal={arXiv preprint arXiv:1712.03659},
  year={2017}
}

@ARTICLE{spectrum-security-survey, 
author={J. M. Park and J. H. Reed and A. A. Beex and T. C. Clancy and V. Kumar and B. Bahrak}, 
journal={Proceedings of the IEEE}, 
title={Security and Enforcement in Spectrum Sharing}, 
year={2014}, 
volume={102}, 
number={3}, 
pages={270-281}, 
keywords={cognitive radio;radio spectrum management;telecommunication security;cognitive radios;enforcement techniques;ex ante enforcement;ex post enforcement;preventive enforcement;privacy threats;punitive enforcement;radio spectrum access technologies;security;spectrum sharing;spectrum utilization;stakeholders;taxonomy;threat category;Data privacy;Interference;Network security;Privacy;Radio spectrum management;Sensors;Cognitive radio;dynamic spectrum access;enforcement;security;spectrum sharing}, 
doi={10.1109/JPROC.2014.2301972}, 
ISSN={0018-9219}, 
month={March},}

@misc{bitcoin,
title={BitCoin GitHub},
howpublished={\url{https://github.com/bitcoin/bitcoin}}
}

@misc{hyperledger,
title={Linux HyperLedger},
howpublished={\url{https://www.hyperledger.org/}}
}

@misc{opensignal,
title={OpenSignal},
howpublished={\url{https://opensignal.com/}}
}

@inproceedings{police-spectrum-zheng,
 author = {Zhou, Xia and Zheng, Haitao},
 title = {Breaking Bidder Collusion in Large-scale Spectrum Auctions},
 booktitle = {Proceedings of the Eleventh ACM International Symposium on Mobile Ad Hoc Networking and Computing},
 series = {MobiHoc '10},
 year = {2010},
 isbn = {978-1-4503-0183-1},
 location = {Chicago, Illinois, USA},
 pages = {121--130},
 numpages = {10},
 url = {http://doi.acm.org/10.1145/1860093.1860110},
 doi = {10.1145/1860093.1860110},
 acmid = {1860110},
 publisher = {ACM},
 address = {New York, NY, USA},
 keywords = {cognitive radio networks, collusion-resistance, dynamic spectrum auctions},
} 
[download]

@inproceedings{mitigating-mobicom,
 author = {Marti, Sergio and Giuli, T. J. and Lai, Kevin and Baker, Mary},
 title = {Mitigating Routing Misbehavior in Mobile Ad Hoc Networks},
 booktitle = {ACM MobiCom},
 year = {2000},
 isbn = {1-58113-197-6},
 location = {Boston, Massachusetts, USA},
 pages = {255--265},
 numpages = {11},
 url = {http://doi.acm.org/10.1145/345910.345955},
 doi = {10.1145/345910.345955},
 acmid = {345955},
 publisher = {ACM},
 address = {New York, NY, USA},
} 

@article{robust-data-fusion,
title={Robust Distributed Spectrum Sensing in Cognitive Radio Networks},
author={Ruiliang Chen and Jung-Min Park and Kaigui Bian},
journal={IEEE INFOCOM},
year={2008}
}

@misc{microsoft-news,
title={Microsoft pushing for \$10B effort to bring broadband internet to rural {A}merica},
author={Matt Day},
year={2017},
howpublished={Seattle Times},
note={\url{https://www.seattletimes.com/business/microsoft/microsoft-proposing-10b-program-to-bring-broadband-internet-to-rural-america/}}
}

@misc{microsoft-airband,
title={A rural broadband strategy: {C}onnecting rural {A}merica to new opportunities},
author={Brad Smith},
howpublished={Microsoft},
year={2017},
note={\url{https://blogs.microsoft.com/on-the-issues/2017/07/10/rural-broadband-strategy-connecting-rural-america-new-opportunities/}}
}

@article{PCAST,
  title={REPORT TO THE PRESIDENT REALIZING THE FULL POTENTIAL
OF GOVERNMENT-HELD SPECTRUM TO SPUR ECONOMIC GROWTH},
 year={Dec. 2012},
 author={{Executive Office of the President,
President's Council of Advisors on
Science and Technology}}
}

@inproceedings{sen2012dual,
  title={A dual technology femto cell architecture for robust communication using whitespaces},
  author={Sen, Sayandeep and Zhang, Tan and Buddhikot, Milind M and Banerjee, Suman and Samardzija, Dragan and Walker, Susan},
  booktitle={Dynamic Spectrum Access Networks (DYSPAN), 2012 IEEE International Symposium on},
  pages={242--253},
  year={2012},
  organization={IEEE}
}

@article{whitespace-maps, 
author={K. Harrison and S. M. Mishra and A. Sahai}, 
journal={IEEE Symposium on New Frontiers in Dynamic Spectrum (DySPAN)}, 
title={How Much White-Space Capacity Is There?}, 
year={2010}, 
pages={1-10}, 
keywords={Internet;investment;radio spectrum management;television broadcasting;television transmitters;FCC;economic investment;power law distribution;semi empirical perspective;television transmitter database;television white space;white space capacity;wireless ISP;wireless data service;wireless pollution;Databases;FCC;Internet;Investments;Pollution;Power generation economics;TV;Transmitters;Urban areas;White spaces}, 
doi={10.1109/DYSPAN.2010.5457914}, 
month={April},}

@article{yin,
 author = {Yin, Xiaoqi and Jindal, Abhishek and Sekar, Vyas and Sinopoli, Bruno},
 title = {A Control-Theoretic Approach for Dynamic Adaptive Video Streaming over HTTP},
 journal = {ACM SIGCOMM},
 year = {2015},
} 

@article{huang2,
 author = {Huang, Te-Yuan and Johari, Ramesh and McKeown, Nick and Trunnell, Matthew and Watson, Mark},
 title = {A Buffer-based Approach to Rate Adaptation: Evidence from a Large Video Streaming Service},
 journal = {ACM SIGCOMM},
 year = {2014},
} 

@article{gur2010cognitive,
  title={Cognitive femtocell networks: an overlay architecture for localized dynamic spectrum access [dynamic spectrum management]},
  author={Gur, Gurkan and Bayhan, Suzan and Alagoz, Fatih},
  journal={Wireless Communications, IEEE},
  volume={17},
  number={4},
  pages={62--70},
  year={2010},
  publisher={IEEE}
}

@inproceedings{feng2011database,
  title={Database-assisted multi-ap network on tv white spaces: Architecture, spectrum allocation and ap discovery},
  author={Feng, Xiaojun and Zhang, Jin and Zhang, Qian},
  booktitle={New Frontiers in Dynamic Spectrum Access Networks (DySPAN), 2011 IEEE Symposium on},
  pages={265--276},
  year={2011},
  organization={IEEE}
}

@inproceedings{deb2009dynamic,
  title={Dynamic spectrum access in DTV whitespaces: design rules, architecture and algorithms},
  author={Deb, Supratim and Srinivasan, Vikram and Maheshwari, Ritesh},
  booktitle={Proceedings of the 15th annual international conference on Mobile computing and networking},
  pages={1--12},
  year={2009},
  organization={ACM}
}

@article {polaris,
author = {Ravi Netravali and Ameesh Goyal and James Mickens and Hari Balakrishnan},
title = {Polaris: Faster Page Loads Using Fine-grained Dependency Tracking},
journal = {USENIX NSDI},
year = {2016},
address = {Santa Clara, CA},
publisher = {USENIX Association},
}

@article {shandian,
author = {Xiao Sophia Wang and Arvind Krishnamurthy and David Wetherall},
title = {Speeding up Web Page Loads with Shandian},
booktitle = {13th USENIX Symposium on Networked Systems Design and Implementation (NSDI 16)},
year = {2016},
isbn = {978-1-931971-29-4},
address = {Santa Clara, CA},
pages = {109--122},
url = {https://www.usenix.org/conference/nsdi16/technical-sessions/presentation/wang},
publisher = {USENIX Association},
}

@article{klotski,
author = {Michael Butkiewicz and Daimeng Wang and Zhe Wu and Harsha V. Madhyastha and Vyas Sekar},
title = {Klotski: Reprioritizing Web Content to Improve User Experience on Mobile Devices},
booktitle = {12th USENIX Symposium on Networked Systems Design and Implementation (NSDI 15)},
year = {2015},
isbn = {978-1-931971-218},
address = {Oakland, CA},
pages = {439--453},
url = {https://www.usenix.org/conference/nsdi15/technical-sessions/presentation/butkiewicz},
publisher = {USENIX Association},
}

@inproceedings{shirley-whitespace, 
author={X. Wang and J. Chen and A. Dutta and M. Chiang}, 
booktitle={Proc. IEEE INFOCOM}, 
title={Adaptive video streaming over whitespace: {SVC} for 3-Tiered spectrum sharing}, 
year={2015}, }

@book{boyd,
  title={Convex Optimization},
  author={Boyd, Stephen and Vandenberghe, Lieven},
  year={2004},
  publisher={Cambridge University Press}
}

@article{auer,
year={2002},
journal={Machine Learning},
volume={47},
number={2-3},
title={Finite-time Analysis of the Multiarmed Bandit Problem},
pages={235-256},
author={Peter Auer and Nicolo Cesa-Bianchi and Paul Fischer}
}

@article{lai,
 author = {Lai, T.L and Robbins, Herbert},
 title = {Asymptotically Efficient Adaptive Allocation Rules},
 journal = {Adv. Appl. Math.},
 issue_date = {March, 1985},
 volume = {6},
 number = {1},
 month = mar,
 year = {1985},
 issn = {0196-8858},
 pages = {4--22},
 numpages = {19},
 url = {http://dx.doi.org/10.1016/0196-8858(85)90002-8},
 doi = {10.1016/0196-8858(85)90002-8},
 acmid = {2609757},
 publisher = {Academic Press, Inc.},
 address = {Orlando, FL, USA},
} 


@ARTICLE{bandit, 
author={K. Liu and Q. Zhao}, 
journal={IEEE Transactions on Signal Processing}, 
title={Distributed Learning in Multi-Armed Bandit With Multiple Players}, 
year={2010}, 
volume={58}, 
number={11}, 
pages={5667-5681}, 
keywords={Web services;cognitive radio;multi-agent systems;social networking (online);cognitive radio networks;decentralized multi-armed bandit;distributed learning;multi-agent systems;multi-channel communication systems;multiple players;social networks;time-division fair sharing;web search and advertising;Advertising;Arm;Cognitive radio;Context;Fading;History;Laboratories;Multiagent systems;Permission;Radio access networks;Social network services;Throughput;USA Councils;Web search;Cognitive radio;Web search and advertising;decentralized multi-armed bandit;distributed learning;multi-agent systems;system regret}, 
doi={10.1109/TSP.2010.2062509}, 
ISSN={1053-587X}, 
month={Nov},}

@article{multipathTCP,
  title={Architectural guidelines for multipath TCP development},
  author={Ford, Alan and Raiciu, Costin and Handley, Mark and Barre, Sebastien and Iyengar, Janardhan},
  journal={RFC6182 (March 2011), www. ietf. ort/rfc/6182},
  year={2011}
}

@ARTICLE{sctp, 
author={J. R. Iyengar and P. D. Amer and R. Stewart}, 
journal={IEEE/ACM Transactions on Networking}, 
title={Concurrent Multipath Transfer Using SCTP Multihoming Over Independent End-to-End Paths}, 
year={2006}, 
volume={14}, 
number={5}, 
pages={951-964}, 
keywords={computer networks;transport protocols;SCTP multihoming;buffer sizes;concurrent multipath transfer;conservative congestion window;end-to-end paths;receiver;stream control transmission protocol;Collaborative work;Counting circuits;Delay;Electronic mail;Fault tolerance;Load management;Network interfaces;Resilience;Traffic control;Transport protocols;End-to-end;SCTP;load balancing;load sharing;multipath;transport layer}, 
doi={10.1109/TNET.2006.882843}, 
ISSN={1063-6692}, 
month={Oct},}

@ARTICLE{peng, 
author={Q. Peng and A. Walid and J. Hwang and S. H. Low}, 
journal={IEEE/ACM Transactions on Networking}, 
title={Multipath TCP: Analysis, Design, and Implementation}, 
year={2016}, 
volume={24}, 
number={1}, 
pages={596-609}, 
keywords={transport protocols;Balia algorithm;Linux kernel;MP-TCP algorithms;balanced linked adaptation;multipath TCP;window oscillation;Aggregates;Algorithm design and analysis;Asymptotic stability;Heuristic algorithms;Oscillators;Stability analysis;Vectors;Computer networks;TCPIP;convergence;nonlinear dynamical systems}, 
doi={10.1109/TNET.2014.2379698}, 
ISSN={1063-6692}, 
month={Feb},}


@article {raiciu,
author = {Costin Raiciu and Christoph Paasch and Sebastien Barre and Alan Ford and Michio Honda and Fabien Duchene and Olivier Bonaventure and Mark Handley},
title = {How Hard Can It Be? Designing and Implementing a Deployable Multipath TCP},
journal = {USENIX NSDI},
year = {2012},
isbn = {978-931971-92-8},
address = {San Jose, CA},
pages = {399--412},
url = {https://www.usenix.org/conference/nsdi12/technical-sessions/presentation/raiciu},
publisher = {USENIX},
}

@ARTICLE{olia, 
author={R. Khalili and N. Gast and M. Popovic and J. Y. Le Boudec}, 
journal={IEEE/ACM Transactions on Networking}, 
title={MPTCP Is Not Pareto-Optimal: Performance Issues and a Possible Solution}, 
year={2013}, 
volume={21}, 
number={5}, 
pages={1651-1665}, 
keywords={Linux;transport protocols;IETF;LIA;Linux kernel;MPTCP users;OLIA;Pareto-optimal;TCP users;linked-increases algorithm;multipath TCP;opportunistic linked-increases algorithm;Algorithm design and analysis;Delays;IEEE transactions;Kernel;Linux;Servers;Throughput;Congestion control algorithm;multipath TCP;performance evaluation;protocol design}, 
doi={10.1109/TNET.2013.2274462}, 
ISSN={1063-6692}, 
month={Oct},}

@article{mihaela_cognitive, 
author={U. Berthold and F. Fu and M. van der Schaar and F. K. Jondral}, 
journal={IEEE Symposium on New Frontiers in Dynamic Spectrum Access Networks}, 
title={Detection of Spectral Resources in Cognitive Radios Using Reinforcement Learning}, 
year={2008}, 
pages={1-5}, 
keywords={cognitive radio;frequency allocation;learning (artificial intelligence);mobile communication;cognitive radio;dynamic spectrum access;frequency band assignment;mobile communication;overlay system;reinforcement learning;spectral resource detection;wireless communication;Cognitive radio;Frequency measurement;Learning;Mobile communication;OFDM;Resource management;Signal processing;Switches;Time frequency analysis;Wireless communication}, 
doi={10.1109/DYSPAN.2008.82}, 
month={Oct},}

@article{shroff_cognitive,
 author = {Li, Shuang and Zheng, Zizhan and Ekici, Eylem and Shroff, Ness},
 title = {Maximizing System Throughput by Cooperative Sensing in Cognitive Radio Networks},
 journal = {IEEE/ACM Trans. Netw.},
 issue_date = {August 2014},
 volume = {22},
 number = {4},
 month = aug,
 year = {2014},
 issn = {1063-6692},
 pages = {1245--1256},
 numpages = {12},
 url = {http://dx.doi.org/10.1109/TNET.2013.2272722},
 doi = {10.1109/TNET.2013.2272722},
 acmid = {2736213},
 publisher = {IEEE Press},
 address = {Piscataway, NJ, USA},
 keywords = {approximation algorithms, cognitive radio, cross-layer design, optimization},
} 
[download]

@article{bhaskar_cognitive, 
author={Y. Gai and B. Krishnamachari and R. Jain}, 
booktitle={2010 IEEE Symposium on New Frontiers in Dynamic Spectrum (DySPAN)}, 
title={Learning Multiuser Channel Allocations in Cognitive Radio Networks: A Combinatorial Multi-Armed Bandit Formulation}, 
year={2010}, 
pages={1-9}, 
keywords={channel allocation;cognitive radio;multiuser channels;polynomials;radio spectrum management;channelized dynamic spectrum access;cognitive radio networks;combinatorial multiarmed bandit formulation;discrete decision rounds;distributed random variable;genie-aided perfect allocation;geographic dispersion;matching-learning algorithm;multiuser channel allocations;orthogonal channels;polynomial computation;polynomial storage;secondary users;spectrum opportunity;userchannel combination;Arm;Cognitive radio;Communications Society;Intelligent networks;Multiuser channels;Polynomials;Random variables;Stochastic processes;Throughput;USA Councils}, 
doi={10.1109/DYSPAN.2010.5457857}, 
month={April},}

@ARTICLE{hetnets_tutorial, 
author={L. Wang and G. S. G. S. Kuo}, 
journal={IEEE Communications Surveys Tutorials}, 
title={Mathematical Modeling for Network Selection in Heterogeneous Wireless Networks; A Tutorial}, 
year={2013}, 
volume={15}, 
number={1}, 
pages={271-292}, 
keywords={communication complexity;decision making;mathematical analysis;mobile radio;optimisation;complexity objective;heterogeneous wireless networks;mathematical modeling;mathematical theories;mobile terminals;multiple attribute decision making;network selection problem;optimization objective;performance objective;selection procedure;Bandwidth;Cost function;Decision making;Fuzzy logic;Mathematical model;Tutorials;Wireless networks;Markov chain;Network selection;combinatorial optimization;fuzzy logic;game theory;heterogeneous wireless networks (HWNs);multiple attribute decision making (MADM);utility theory}, 
doi={10.1109/SURV.2012.010912.00044}, 
ISSN={1553-877X}, 
month={First},}

@ARTICLE{shakkottai, 
author={S. Shakkottai and E. Altman and A. Kumar}, 
journal={IEEE Journal on Selected Areas in Communications}, 
title={Multihoming of Users to Access Points in WLANs: A Population Game Perspective}, 
year={2007}, 
volume={25}, 
number={6}, 
pages={1207-1215}, 
keywords={evolutionary computation;game theory;pricing;radio access networks;telecommunication traffic;wireless LAN;WLAN access points;cost price mechanism;game model;noncooperative mobiles;user multihoming}, 
doi={10.1109/JSAC.2007.070814}, 
ISSN={0733-8716}, 
month={August},}

@ARTICLE{hetnets, 
author={E. Aryafar and A. Keshavarz-Haddad and M. Wang and M. Chiang}, 
journal={IEEE INFOCOM}, 
title={RAT selection games in HetNets}, 
year={2013}, 
pages={998-1006}, 
keywords={Pareto optimisation;convergence;game theory;radio access networks;telecommunication congestion control;telecommunication network management;HetNets;Nash equilibria;Pareto efficiency;Pareto-dominant points;RAT selection games;heterogeneous wireless networks;hysteresis mechanism;network selection;radio access technology;random access networks;scheduled access networks;throughput models;Convergence;Games;Hysteresis;IEEE 802.11 Standards;Rats;Switches;Throughput}, 
doi={10.1109/INFCOM.2013.6566889}, 
ISSN={0743-166X}, 
month={April},}

@ARTICLE{plc_pam, 
author={Kittipat Apicharttrisorn and Ahmed Atya and Jiasi Chen and Karthikeyan Sundaresan and Srikanth V. Krishnamurthy}, 
journal={Passive and Active Measurement Conference}, 
title={Enhancing WiFi Throughput With PLC Extenders: A Measurement Study}, 
year={2017}, }

@ARTICLE{ssim, 
author={Zhou Wang and A. C. Bovik and H. R. Sheikh and E. P. Simoncelli}, 
journal={IEEE Transactions on Image Processing}, 
title={Image quality assessment: from error visibility to structural similarity}, 
year={2004}, 
volume={13}, 
number={4}, 
pages={600-612}, 
keywords={data compression;image coding;visual perception;JPEG;JPEG2000;distorted image;error sensitivity;error visibility;human visual perception;human visual system;image compression;image database;perceptual image quality assessment;reference image;structural information;structural similarity index;Data mining;Degradation;Humans;Image quality;Indexes;Layout;Quality assessment;Transform coding;Visual perception;Visual system;Algorithms;Data Interpretation, Statistical;Hypermedia;Image Enhancement;Image Interpretation, Computer-Assisted;Information Storage and Retrieval;Models, Statistical;Pattern Recognition, Automated;Quality Control;Reproducibility of Results;Sensitivity and Specificity;Signal Processing, Computer-Assisted;Subtraction Technique}, 
doi={10.1109/TIP.2003.819861}, 
ISSN={1057-7149}, 
month={April},}

@inproceedings{Jiang:2012,
 author = {Jiang, Junchen and Sekar, Vyas and Zhang, Hui},
 title = {Improving Fairness, Efficiency, and Stability in HTTP-based Adaptive Video Streaming with FESTIVE},
 booktitle = {Proceedings of the 8th International Conference on Emerging Networking Experiments and Technologies},
 series = {CoNEXT '12},
 year = {2012},
 isbn = {978-1-4503-1775-7},
 location = {Nice, France},
 pages = {97--108},
 numpages = {12},
 url = {http://doi.acm.org/10.1145/2413176.2413189},
 doi = {10.1145/2413176.2413189},
 acmid = {2413189},
 publisher = {ACM},
 address = {New York, NY, USA},
 keywords = {DASH, HTTP, adaptation, video},
} 


@inproceedings{Ha:2012,
 author = {Ha, Sangtae and Sen, Soumya and Joe-Wong, Carlee and Im, Youngbin and Chiang, Mung},
 title = {TUBE: Time-dependent Pricing for Mobile Data},
 booktitle = {Proceedings of the ACM SIGCOMM 2012 Conference on Applications, Technologies, Architectures, and Protocols for Computer Communication},
 series = {SIGCOMM '12},
 year = {2012},
 isbn = {978-1-4503-1419-0},
 location = {Helsinki, Finland},
 pages = {247--258},
 numpages = {12},
 url = {http://doi.acm.org/10.1145/2342356.2342402},
 doi = {10.1145/2342356.2342402},
 acmid = {2342402},
 publisher = {ACM},
 address = {New York, NY, USA},
 keywords = {time-dependent pricing, user trial, wireless},
} 

@inproceedings{Poularakis:2014,
 author = {Poularakis, Konstantinos and Pefkianakis, Ioannis and Chandrashekar, Jaideep and Tassiulas, Leandros},
 title = {Pricing The Last Mile: Data Capping For Residential Broadband},
 booktitle = {Proceedings of the 10th ACM International on Conference on Emerging Networking Experiments and Technologies},
 series = {CoNEXT '14},
 year = {2014},
 isbn = {978-1-4503-3279-8},
 location = {Sydney, Australia},
 pages = {295--306},
 numpages = {12},
 url = {http://doi.acm.org/10.1145/2674005.2675008},
 doi = {10.1145/2674005.2675008},
 acmid = {2675008},
 publisher = {ACM},
 address = {New York, NY, USA},
 keywords = {broadband access networks, data caps, usage-based pricing},
} 


@article{imap-rfc,
  title={Internet message access protocol-version 4rev1},
  author={Crispin, Mark R},
  year={2003}
}

@book{bovik,
 author = {Bovik, Alan C.},
 title = {The Essential Guide to Video Processing},
 year = {2009},
 isbn = {0123744563, 9780123744562},
 edition = {2nd},
 publisher = {Academic Press},
} 


@inproceedings{Chen:2012,
 author = {Chen, Jiasi and Ghosh, Amitabha and Magutt, Josphat and Chiang, Mung},
 title = {QAVA: Quota Aware Video Adaptation},
 booktitle = {Proc. ACM CoNext},
 series = {CoNEXT '12},
 year = {2012},
 isbn = {978-1-4503-1775-7},
 location = {Nice, France},
 pages = {121--132},
 numpages = {12},
 url = {http://doi.acm.org/10.1145/2413176.2413191},
 doi = {10.1145/2413176.2413191},
 acmid = {2413191},
 publisher = {ACM},
 address = {New York, NY, USA},
 keywords = {data quota, video rate adaptation, video streaming},
} 


@INPROCEEDINGS{Chang05,
    author = {Shih-fu Chang and Shih-fu Chang and Anthony Vetro and Anthony Vetro and Senior Member},
    title = {Video Adaptation: Concepts, Technologies, and Open Issues},
    booktitle = {Proc. IEEE},
    year = {2005},
    pages = {148--158}
}

@article{Jan:2006,
 author = {Jan, Rong-Hong and Lin, Ching-Peng and Chern, Maw-Sheng},
 title = {An Optimization Model for Web Content Adaptation},
 journal = {Comput. Netw.},
 issue_date = {15 May 2006},
 volume = {50},
 number = {7},
 month = may,
 year = {2006},
 issn = {1389-1286},
 pages = {953--965},
 numpages = {13},
 url = {http://dx.doi.org/10.1016/j.comnet.2005.06.006},
 doi = {10.1016/j.comnet.2005.06.006},
 acmid = {1648634},
 publisher = {Elsevier North-Holland, Inc.},
 address = {New York, NY, USA},
 keywords = {Content transcoding, Dynamic programming, Knapsack problem},
} 

@misc{cisco-vni,
title={Visual Networking Index Mobile Forecast (2015-2020)},
author={Cisco},
howpublished={\url{http://www.cisco.com/c/en/us/solutions/collateral/service-provider/visual-networking-index-vni/mobile-white-paper-c11-520862.html}}
}


@misc{google-database,
title={Spectrum Database},
author={Google},
howpublished={\url{https://www.google.com/get/spectrumdatabase/}}
}



@misc{fcc-database,
title={White Space Database Administration},
author={FCC},
howpublished={\url{https://www.fcc.gov/general/white-space-database-administration}}
}


@misc{ffmpeg,
title={ffmpeg},
howpublished={\url{http://www.ffmpeg.org/}}
}

@misc{assetviz,
title={Assetviz},
howpublished={\url{https://github.com/Munter/assetviz}}
}

@misc{onavo,
title={Onavo},
howpublished={\url{http://www.onavo.com/}}
}

@misc{state-of-mpeg-dash,
title={The State of MPEG-DASH 2016},
howpublished={\url{http://www.streamingmedia.com/Articles/Editorial/Featured-Articles/The-State-of-MPEG-DASH-2016-110099.aspx}}
}

@misc{dash,
title={{DASH} Industry Forum},
howpublished={\url{http://dashif.org/}}
}

@misc{android-data-saver,
title={Data Saver - Android Developers},
howpublished={\url{https://developer.android.com/training/basics/network-ops/data-saver.html}}
}

@misc{android-bg-traffic,
title={Reduce \& manage cellular data usage - Google Help},
howpublished={\url{https://support.google.com/nexus/answer/2819524?hl=enl}}
}

@article{freund1999short,
  title={A short introduction to boosting},
  author={Freund, Yoav and Schapire, Robert},
  journal={Journal-Japanese Society For Artificial Intelligence},
  volume={14},
  number={771-780},
  pages={1612},
  year={1999},
  publisher={JAPANESE SOC ARTIFICIAL INTELL}
}

@inproceedings {Netravali:2016,
author = {Ravi Netravali and Ameesh Goyal and James Mickens and Hari Balakrishnan},
title = {Polaris: Faster Page Loads Using Fine-grained Dependency Tracking},
booktitle = {13th USENIX Symposium on Networked Systems Design and Implementation (NSDI 16)},
year = {2016},
month = Mar,
address = {Santa Clara, CA},
url = {https://www.usenix.org/conference/nsdi16/technical-sessions/presentation/netravali},
publisher = {USENIX Association},
}

@inproceedings{Seneviratne:2013,
 author = {Seneviratne, Suranga and Seneviratne, Aruna and Mohapatra, Prasant},
 title = {Personal Cloudlets for Privacy and Resource Efficiency in Mobile In-app Advertising},
 booktitle = {Proceedings of the First International Workshop on Mobile Cloud Computing \&\#38; Networking},
 series = {MobileCloud '13},
 year = {2013},
} 
@inproceedings{Enck:2010,
 author = {Enck, William and Gilbert, Peter and Chun, Byung-Gon and Cox, Landon P. and Jung, Jaeyeon and McDaniel, Patrick and Sheth, Anmol N.},
 title = {TaintDroid: An Information-flow Tracking System for Realtime Privacy Monitoring on Smartphones},
 booktitle = {USENIX OSDI},
 year = {2010},
} 

@inproceedings{Pathak:2012,
 author = {Pathak, Abhinav and Hu, Y. Charlie and Zhang, Ming},
 title = {Where is the Energy Spent Inside My App?: Fine Grained Energy Accounting on Smartphones with Eprof},
 booktitle = {Proceedings of the 7th ACM European Conference on Computer Systems},
 series = {EuroSys '12},
 year = {2012},
} 
@inproceedings{Roy:2011,
 author = {Roy, Arjun and Rumble, Stephen M. and Stutsman, Ryan and Levis, Philip and Mazi\`{e}res, David and Zeldovich, Nickolai},
 title = {Energy Management in Mobile Devices with the Cinder Operating System},
 booktitle = {Proceedings of the Sixth Conference on Computer Systems},
 series = {EuroSys '11},
 year = {2011},
} 
@inproceedings{Zhuang:2010,
 author = {Zhuang, Zhenyun and Kim, Kyu-Han and Singh, Jatinder Pal},
 title = {Improving Energy Efficiency of Location Sensing on Smartphones},
 booktitle = {Proceedings of the 8th International Conference on Mobile Systems, Applications, and Services},
 series = {MobiSys '10},
 year = {2010},
} 
@inproceedings{Manweiler:2011,
 author = {Manweiler, Justin and Roy Choudhury, Romit},
 title = {Avoiding the Rush Hours: WiFi Energy Management via Traffic Isolation},
 booktitle = {Proceedings of the 9th International Conference on Mobile Systems, Applications, and Services},
 series = {MobiSys '11},
 year = {2011},
} 
@inproceedings{Pyles:2011,
 author = {Pyles, Andrew J. and Ren, Zhen and Zhou, Gang and Liu, Xue},
 title = {SiFi: Exploiting VoIP Silence for WiFi Energy Savings Insmart Phones},
 booktitle = {Proceedings of the 13th International Conference on Ubiquitous Computing},
 series = {UbiComp '11},
 year = {2011},
} 
@inproceedings{Deng:2012,
 author = {Deng, Shuo and Balakrishnan, Hari},
 title = {Traffic-aware Techniques to Reduce 3G/LTE Wireless Energy Consumption},
 booktitle = {Proceedings of the 8th International Conference on Emerging Networking Experiments and Technologies},
 series = {CoNEXT '12},
 year = {2012},
} 
@inproceedings{Pearce:2012,
 author = {Pearce, Paul and Felt, Adrienne Porter and Nunez, Gabriel and Wagner, David},
 title = {AdDroid: Privilege Separation for Applications and Advertisers in Android},
 booktitle = {ACM ASIACCS},
 year = {2012},
} 
@inproceedings{Vallina-Rodriguez:2010,
 author = {Vallina-Rodriguez, Narseo and Hui, Pan and Crowcroft, Jon and Rice, Andrew},
 title = {Exhausting Battery Statistics: Understanding the Energy Demands on Mobile Handsets},
 booktitle = {Proceedings of the Second ACM SIGCOMM Workshop on Networking, Systems, and Applications on Mobile Handhelds},
 series = {MobiHeld '10},
 year = {2010},
} 
@inproceedings{Pathak2:2012,
 author = {Pathak, Abhinav and Jindal, Abhilash and Hu, Y. Charlie and Midkiff, Samuel P.},
 title = {What is Keeping My Phone Awake?: Characterizing and Detecting No-sleep Energy Bugs in Smartphone Apps},
 booktitle = {Proceedings of the 10th International Conference on Mobile Systems, Applications, and Services},
 series = {MobiSys '12},
 year = {2012},
} 
@inproceedings{Ra:2010,
 author = {Ra, Moo-Ryong and Paek, Jeongyeup and Sharma, Abhishek B. and Govindan, Ramesh and Krieger, Martin H. and Neely, Michael J.},
 title = {Energy-delay Tradeoffs in Smartphone Applications},
 booktitle = {Proceedings of the 8th International Conference on Mobile Systems, Applications, and Services},
 series = {MobiSys '10},
 year = {2010},
} 
@INPROCEEDINGS{Calder:2010, 
author={Calder, M. and Marina, M.K.}, 
booktitle={IEEE SECON},
title={Batch Scheduling of Recurrent Applications for Energy Savings on Mobile Phones}, 
year = {2010},
}
@inproceedings{Vallina-Rodriguez:2011,
 author = {Vallina-Rodriguez, Narseo and Crowcroft, Jon},
 title = {ErdOS: Achieving Energy Savings in Mobile OS},
 booktitle = {Proceedings of the Sixth International Workshop on MobiArch},
 series = {MobiArch '11},
 year = {2011},
} 
@INPROCEEDINGS{Ding:2011, 
author={Fangwei Ding and Feng Xia and Wei Zhang and Xuhai Zhao and Chengchuan Ma}, 
booktitle={Internet of Things (iThings/CPSCom), 2011 International Conference on and 4th International Conference on Cyber, Physical and Social Computing}, 
title={Monitoring Energy Consumption of Smartphones}, 
year={2011}, 
}
@inproceedings{Liang:2010,
 author = {Liang, Wen-Yew and Chiou, Che Wun},
 title = {An Energy Conservation DVFS Algorithm for the Android Operating System},
 booktitle = {Journal of Convergence},
 series = {FTRAI '10},
 year = {2010},
} 
@inproceedings {Yoon:2012,
author = {Chanmin Yoon and Dongwon Kim and Wonwoo Jung and Chulkoo Kang and Hojung Cha},
title = {AppScope: Application Energy Metering Framework for Android Smartphone Using Kernel Activity Monitoring},
booktitle = {Presented as part of the 2012 USENIX Annual Technical Conference},
year = {2012},
}
@incollection{Yajin:2011,
year={2011},
booktitle={Trust and Trustworthy Computing},
series={Lecture Notes in Computer Science},
title={Taming Information-Stealing Smartphone Applications (on Android)},
publisher={Springer Berlin Heidelberg},
author={Zhou, Yajin and Zhang, Xinwen and Jiang, Xuxian and Freeh, VincentW.},
}
@INPROCEEDINGS{Paul:2010, 
author={Paul, K. and Kundu, T.K.}, 
booktitle={Computer and Information Technology (CIT), 2010 IEEE 10th International Conference on}, 
title={Android on Mobile Devices: An Energy Perspective}, 
year={2010}, 
}
@incollection{Kemp:2012,
year={2012},
isbn={978-3-642-32319-5},
booktitle={Mobile Computing, Applications, and Services},
series={Lecture Notes of the Institute for Computer Sciences, Social Informatics and Telecommunications Engineering},
title={Energy Efficient Information Monitoring Applications on Smartphones through Communication Offloading},
publisher={Springer Berlin Heidelberg},
author={Kemp, Roelof and Palmer, Nicholas and Kielmann, Thilo and Bal, Henri},
}
@inproceedings{Chung:2011,
 author = {Chung, Yi-Fan and Lin, Chun-Yu and King, Chung-Ta},
 title = {ANEPROF: Energy Profiling for Android Java Virtual Machine and Applications},
 booktitle = {Proceedings of the 2011 IEEE 17th International Conference on Parallel and Distributed Systems},
 series = {ICPADS '11},
 year = {2011},
 publisher = {IEEE Computer Society},
} 
@INPROCEEDINGS{Trestian:2012, 
author={Trestian, R. and Moldovan, A.-N. and Ormond, O. and Muntean, G.}, 
booktitle={Network Operations and Management Symposium (NOMS), 2012 IEEE}, 
title={Energy consumption analysis of video streaming to Android mobile devices}, 
year={2012}, 
}
@INPROCEEDINGS{Kalic:2012, 
author={Kalic, G. and Bojic, I. and Kusek, M.}, 
booktitle={MIPRO, 2012 Proceedings of the 35th International Convention}, 
title={Energy consumption in android phones when using wireless communication technologies}, 
year={2012}, 
}
@inproceedings{Carroll:2010,
 author = {Carroll, Aaron and Heiser, Gernot},
 title = {An Analysis of Power Consumption in a Smartphone},
 booktitle = {USENIX ATC},
 year = {2010},
} 
@inproceedings{Zhang:2010,
 author = {Zhang, Lide and Tiwana, Birjodh and Qian, Zhiyun and Wang, Zhaoguang and Dick, Robert P. and Mao, Zhuoqing Morley and Yang, Lei},
 title = {Accurate Online Power Estimation and Automatic Battery Behavior Based Power Model Generation for Smartphones},
 booktitle = {Proceedings of IEEE/ACM/IFIP CODES/ISSS},
 year = {2010},
}
@misc{avgApps,
	title = "{Nielsen: US smartphones have an average of 41 apps installed, up from 32 last year}",
	howpublished = "\url{http://thenextweb.com/insider/2012/05/16/nielsen-us-smartphones-have-an-average-of-41-apps-installed-up-from-32-last-year/}",
}

@misc{citrix,
        title = "{Citrix: Mobile Data Users Fear Exceeding Their Quota, Open to Sponsored Data Plans}",
        howpublished = "\url{https://www.citrix.com/news/announcements/apr-2014/citrix--mobile-data-users-fear-exceeding-their-quota--open-to-sp.html}",
}

@misc{interactApps,
	title="{An Upper Limit For Apps? New Data Suggests Consumers Only Use Around Two Dozen Apps Per Month}",
	howpublished = "\url{http://techcrunch.com/2014/07/01/an-upper-limit-for-apps-new-data-suggests-consumers-only-use-around-two-dozen-apps-per-month/}",
}
@misc{mSoftBatt,
	title= "{Microsoft Wants One-Week Battery Life From Smartphones}",
	howpublished = "\url{http://www.dailytech.com/Microsoft+Wants+OneWeek+Battery+Life+From+Smartphones/article35045.htm}",
}
@misc{andyShare,
	title = "{Android Officially Owns More Than 80\% Of The World Smartphone Market}",
	howpublished = "\url{http://www.businessinsider.com/android-owns-over-80-of-world-market-2013-11}",
}
@misc{taskKiller,
	title = "{The truth about Android task killers and why you don't need them}",
	howpublished = "\url{https://goo.gl/MP1PRP}",
}
@inproceedings{Huang:2012,
 author = {Huang, Junxian and Qian, Feng and Gerber, Alexandre and Mao, Z. Morley and Sen, Subhabrata and Spatscheck, Oliver},
 title = {A Close Examination of Performance and Power Characteristics of 4G LTE Networks},
 booktitle = {ACM MobiSys},
 year = {2012},
}
@misc{andyDocs,
	title = "{Android Source Code Documentations}",
	howpublished = "\url{http://www.elinux.org/Master-android}",
} 
@misc{privatos,
	title = "{blackphone}",
	howpublished = "\url{https://www.blackphone.ch}",
}
@inproceedings{Beresford:2011,
 author = {Beresford, Alastair R. and Rice, Andrew and Skehin, Nicholas and Sohan, Ripduman},
 title = {MockDroid: Trading Privacy for Application Functionality on Smartphones},
 booktitle = {ACM HotMobile},
 year = {2011},
}
@inproceedings{Hornyack:2011,
 author = {Hornyack, Peter and Han, Seungyeop and Jung, Jaeyeon and Schechter, Stuart and Wetherall, David},
 title = {These Aren'T the Droids You'Re Looking for: Retrofitting Android to Protect Data from Imperious Applications},
 booktitle = {ACM CCS},
 year = {2011},
}
@misc{appBrainStats,
	title = "{Number of available Android applications}",
	howpublished = "\url{http://www.appbrain.com/stats/number-of-android-apps}",
}
@misc{downloadStats,
	title = "{Google Play: number of downloads 2010-2013}",
	howpublished = "\url{http://www.statista.com/statistics/281106/number-of-android-app-downloads-from-google-play/}",
}
@misc{lotsApps,
	title = "{Digital Diary: Are We Suffering From Mobile App Burnout?}",
	howpublished ="\url{http://bits.blogs.nytimes.com/2013/02/15/digital-diary-are-we-suffering-from-mobile-app-burnout/?_r=0}",
}
@inproceedings{Ravindranath:2012,
 author = {Ravindranath, Lenin and Padhye, Jitendra and Agarwal, Sharad and Mahajan, Ratul and Obermiller, Ian and Shayandeh, Shahin},
 title = {AppInsight: Mobile App Performance Monitoring in the Wild},
 booktitle = {USENIX OSDI},
 year = {2012},
}
@inproceedings{Batyuk:2011,
 author = {Batyuk, Leonid and Herpich, Markus and Camtepe, Seyit Ahmet and Raddatz, Karsten and Schmidt, Aubrey-Derrick and Albayrak, Sahin},
 title = {Using Static Analysis for Automatic Assessment and Mitigation of Unwanted and Malicious Activities Within Android Applications},
 booktitle = {Proceedings of the 2011 6th International Conference on Malicious and Unwanted Software},
 series = {MALWARE '11},
 year = {2011},
} 
 
@inproceedings{Wei2012,
 author = {Wei, Xuetao and Gomez, Lorenzo and Neamtiu, Iulian and Faloutsos, Michalis},
 title = {ProfileDroid: Multi-layer Profiling of Android Applications},
 booktitle = {ACM MobiCom},
 year = {2012},
}
@misc{permDenied,
	title = "{Permission Denied}",
	howpublished = "\url{https://play.google.com/store/apps/details?id=com.stericson.permissions.donate}",
}
@misc{xPrivacy,
	title = "{XPrivacy}",
	howpublished = "\url{http://www.xprivacy.eu}",
}
@misc{xPrivacy2,
	title = "{XDA Community Support for XPrivacy}",
	howpublished = "\url{http://forum.xda-developers.com/xposed/modules/xprivacy-ultimate-android-privacy-app-t2320783/page39}",
}
@misc{appOps,
	title = "{Google Removes App Ops Privacy Control Feature from Android 4.4.2}",
	howpublished = "\url{http://www.dailytech.com/Google+Removes+App+Ops+Privacy+Control+Feature+from+Android+442/article33936.htm}",
}
@misc{andyCheck,
	title = "{Launch Checklist for Android}",
	howpublished = "\url{http://developer.android.com/distribute/tools/launch-checklist.html}",
}
@misc{aTKill,
	title = "{Advanced Task Killer}",
	howpublished = "\url{https://play.google.com/store/apps/details?id=com.rechild.advancedtaskkiller}",
}
@misc{startRightUp,
	title = "{Android Task Killers Explained: What They Do and Why You Shouldn't Use Them}",
	howpublished = "\url{https://goo.gl/94aX3M}"
}
@misc{whyNoATK,
	title = "{Why You Shouldn't Be Using a Task Killer with Android}",
	howpublished = "\url{http://forum.xda-developers.com/showthread.php?t=678205}",
}
@misc{whyATKBad,
	title = "{Why RAM Boosters And Task Killers Are Bad For Your Android}",
	howpublished = "\url{http://www.makeuseof.com/tag/ram-boosters-task-killers-bad-android/ }",
}
@misc{fuelGauge,
	title = "{Android's FuelGuage}",
	howpublished = "\url{https://android.googlesource.com/platform/packages/apps/Settings/+/android-4.3.1_r1/src/com/android/settings/fuelgauge/PowerUsageSummary.java}",
}
@misc{andynetcls,
	title = "{Network classifier cgroup}",
	howpublished = "\url{https://android.googlesource.com/kernel/common/+/android-3.10/Documentation/cgroups/net_cls.txtt}",
}
@misc{getPackSize,
	title="{Android Get the size of the application (package)}",
	howpublished = "\url{http://www.phonesdevelopers.com/1813928/}",
}
@misc{andyPower,
	title="{BatteryStatsHelper Lines 364-611}",
	howpublished = "\url{https://github.com/android/platform_packages_apps_settings/blob/master/src/com/android/settings/fuelgauge/BatteryStatsHelper.java}",
}
@misc{AIDL,
	title ="{Android Interface Definition Language (AIDL)}",
	howpublished = "\url{http://developer.android.com/guide/components/aidl.html}",
}
@misc{andySec,
	title = "{Android Security Overview}",
	howpublished = "\url{https://source.android.com/devices/tech/security/#the-android-permission-model-accessing-protected-apis}",
}
@misc{sparseArray,
	title = "{Android Sparse Array}",
	howpublished = "\url{http://developer.android.com/reference/android/util/SparseArray.html}",
}
@misc{swipeApp,
	title = "{What actually happens when you swipe an app out of the recent apps list?}",
	howpublished = "\url{http://android.stackexchange.com/questions/19987/what-actually-happens-when-you-swipe-an-app-out-of-the-recent-apps-list}",
}
@misc{GCM,
	title = "{Google Cloud Messaging for Android}",
	howpublished = "\url{http://developer.android.com/google/gcm/index.html}",
}			
@misc{autoUpdate,
	title = "{Automatic updating of Android apps becomes riskier}",
	howpublished = "\url{http://www.net-security.org/secworld.php?id=17000}",
}
@misc{freqUpdate,
	title = "{Updating Your Android Apps: Chossing automatic or manual, and how to get it done}",
	howpublished = "\url{http://www.androidcentral.com/updating-your-android-apps-choosing-automatic-or-manual-and-how-get-it-done}",
}
@misc{nexusBattery,
	title = "{LG Nexus 5}",
	howpublished = "\url{http://www.lg.com/us/cell-phones/lg-D820-Sprint-Black-nexus-5}",
}
@misc{galaxyS4Battery,
	title = "{Samsung Galaxy S4}",
	howpublished= "\url{http://www.samsung.com/global/microsite/galaxys4/}",
}
@misc{andyMessenger,
	title = "{Android Messenger}",
	howpublished = "\url{http://developer.android.com/guide/components/bound-services.html#Messenger}",
}
@misc{mPow,
	title = "{Monsoon Power Meter}",
	howpublished = "\url{https://www.msoon.com/LabEquipment/PowerMonitor/}",
}
@misc{namedPipes,
	title = "{An Introduction to Named Pipes| Linux Journal}",
	howpublished = "\url{http://www.linuxjournal.com/article/2156}",
}
@misc{sharedPrefs,
	title = "{SharedPreferences}",
	howpublished = "\url{http://developer.android.com/reference/android/content/SharedPreferences.html}",
}
@misc{iptables,
	title = "{Block Outgoing Network Access For a Single User Using Iptables}",
	howpublished = "\url{http://www.cyberciti.biz/tips/block-outgoing-network-access-for-a-single-user-from-my-server-using-iptables.html}",
}
@misc{Andy:Service,
	title = "{Android Service Lifecycle}",
	howpublished = "\url{http://developer.android.com/guide/components/services.html}",
}
@misc{bDoctor,
	title = "{Battery Doctor}",
	howpublished = "\url{https://play.google.com/store/apps/details?id=com.ijinshan.kbatterydoctor_en}",
}
@misc{jDefender,
	title = "{Juice Defender}",
	howpublished = "\url{https://play.google.com/store/apps/details?id=com.latedroid.juicedefender}",
}
@inproceedings{Felt:2011,
 author = {Felt, Adrienne Porter and Chin, Erika and Hanna, Steve and Song, Dawn and Wagner, David},
 booktitle = {ACM CCS},
 title = {Android permissions demystified.},
 year = 2011,
}
@article{Cuervo:2010,
 author = {Cuervo, Eduardo and Balasubramanian, Aruna and Cho, Dae-ki and Wolman, Alec and Saroiu, Stefan and Chandra, Ranveer and Bahl, Paramvir},
 title = {MAUI: Making Smartphones Last Longer with Code Offload},
 journal = {ACM MobiSys},
 year = {2010},
}
@misc{strace,
	title = "{strace Linux- man page}",
	howpublished = "\url{http://linux.die.net/man/1/strace}",
}
@misc{novaPrime,
	title = "{Nova Launcher Prime}",
	howpublished = "\url{https://play.google.com/store/apps/details?id=com.teslacoilsw.launcher.prime}",
}
@misc{oneHit,
	title = "{Smartphone users waste `\textsterling 6m a year on one hit wonder apps'}",
	howpublished = "\url{http://metro.co.uk/2013/05/30/smartphone-users-waste-6m-a-year-on-one-hit-wonder-apps-3814805/}",
}
@misc{permsMean,
	title = "{What do the permissions that applications require mean?}",
	howpublished = "\url{http://android.stackexchange.com/questions/38388/what-do-the-permissions-that-applications-require-mean}",
}
@misc{fortune-article,
	title = "{108 apps per iPhone}",
	howpublished = "\url{http://fortune.com/2011/01/28/108-apps-per-iphone/}",
}
@misc{accService,
	title = "{Android: Accessibility Service}",
	howpublished = "\url{https://developer.android.com/reference/android/accessibilityservice/AccessibilityService.html}",
}
@article{balasubramanian:2013,
  title={Efficiently Running Continuous Monitoring Applications on Mobile Devices using Sensor Hubs},
  author={Balasubramanian, Aruna and LaMarca, Anthony and Wetherall, David}
}

@inproceedings{zapdroid,
  title={ZapDroid: managing infrequently used applications on smartphones},
  author={Singh, Indrajeet and Krishnamurthy, Srikanth V and Madhyastha, Harsha V and Neamtiu, Iulian},
  booktitle={Proceedings of the 2015 ACM International Joint Conference on Pervasive and Ubiquitous Computing (UbiComp)},
  pages={1185--1196},
  year={2015},
  organization={ACM}
}

@inproceedings{xu2013,
  title={Preference, context and communities: a multi-faceted approach to predicting smartphone app usage patterns},
  author={Xu, Ye and Lin, Mu and Lu, Hong and Cardone, Giuseppe and Lane, Nicholas and Chen, Zhenyu and Campbell, Andrew and Choudhury, Tanzeem},
  booktitle={Proceedings of the 2013 International Symposium on Wearable Computers},
  pages={69--76},
  year={2013},
  organization={ACM}
}

@inproceedings{falaki2010diversity,
  title={Diversity in smartphone usage},
  author={Falaki, Hossein and Mahajan, Ratul and Kandula, Srikanth and Lymberopoulos, Dimitrios and Govindan, Ramesh and Estrin, Deborah},
  booktitle={Proceedings of the 8th international conference on Mobile systems, applications, and services},
  pages={179--194},
  year={2010},
  organization={ACM}
}

@article{tossell2012empirical,
  title={An empirical analysis of smartphone personalisation: measurement and user variability},
  author={Tossell, Chad C and Kortum, Philip and Shepard, Clayton and Rahmati, Ahmad and Zhong, Lin},
  journal={Behaviour \& Information Technology},
  volume={31},
  number={10},
  pages={995--1010},
  year={2012},
  publisher={Taylor \& Francis}
}

@inproceedings{dao2015tide,
  title={TIDE: A user-centric tool for identifying energy hungry applications on smartphones},
  author={Dao, Tuan and Singh, Indrajeet and Madhyastha, Harsha V and Krishnamurthy, Srikanth V and Cao, Guohong and Mohapatra, Prasant},
  booktitle={Distributed Computing Systems (ICDCS), 2015 IEEE 35th International Conference on},
  pages={123--132},
  year={2015},
  organization={IEEE}
}

@article{yu2006supporting,
  title={Supporting context-aware media recommendations for smart phones},
  author={Yu, Zhiwen and Zhou, Xingshe and Zhang, Daqing and Chin, Chung-Yau and Wang, Xiaohang and Men, Ji},
  journal={IEEE Pervasive Computing},
  volume={5},
  number={3},
  pages={68--75},
  year={2006},
  publisher={IEEE}
}

@inproceedings{siewiorek2003sensay,
  title={SenSay: A Context-Aware Mobile Phone.},
  author={Siewiorek, Daniel P and Smailagic, Asim and Furukawa, Junichi and Krause, Andreas and Moraveji, Neema and Reiger, Kathryn and Shaffer, Jeremy and Wong, Fei Lung},
  booktitle={ISWC},
  volume={3},
  pages={248},
  year={2003}
}

@article{krause2006context,
  title={Context-aware mobile computing: Learning context-dependent personal preferences from a wearable sensor array},
  author={Krause, Andreas and Smailagic, Asim and Siewiorek, Daniel P},
  journal={IEEE Transactions on Mobile Computing},
  volume={5},
  number={2},
  pages={113--127},
  year={2006},
  publisher={IEEE}
}

@inproceedings{singh2015flexiweb,
  title={Flexiweb: Network-aware compaction for accelerating mobile web transfers},
  author={Singh, Shailendra and Madhyastha, Harsha V and Krishnamurthy, Srikanth V and Govindan, Ramesh},
  booktitle={Proceedings of the 21st Annual International Conference on Mobile Computing and Networking},
  pages={604--616},
  year={2015},
  organization={ACM}
}

@inproceedings {klotski:2015,
	author = {Michael Butkiewicz and Daimeng Wang and Zhe Wu and Harsha V. Madhyastha and Vyas Sekar},
	title = {Klotski: Reprioritizing Web Content to Improve User Experience on Mobile Devices},
	journal = {USENIX NSDI},
	year = {2015},
}

@inproceedings {shandian:2016,
	author = {Xiao Sophia Wang and Arvind Krishnamurthy and David Wetherall},
	title = {Speeding up Web Page Loads with Shandian},
	journal = {USENIX NSDI},
	year = {2016},
}

@inproceedings{flywheel:2015,
	author = {Agababov, Victor and Buettner, Michael and Chudnovsky, Victor and Cogan, Mark and Greenstein, Ben and McDaniel, Shane and Piatek, Michael and Scott, Colin and Welsh, Matt and Yin, Bolian},
	title = {Flywheel: Google's Data Compression Proxy for the Mobile Web},
	booktitle = {Proceedings of the 12th USENIX Conference on Networked Systems Design and Implementation},
	series = {NSDI'15},
	year = {2015},
}

@inproceedings{pocketweb:2012,
	author = {Lymberopoulos, Dimitrios and Riva, Oriana and Strauss, Karin and Mittal, Akshay and Ntoulas, Alexandros},
	title = {PocketWeb: Instant Web Browsing for Mobile Devices},
	booktitle = {Proceedings of the Seventeenth International Conference on Architectural Support for Programming Languages and Operating Systems},
	series = {ASPLOS XVII},
	year = {2012},
}

@INPROCEEDINGS{network-agile-prefetch:2014, 
	author={J. Han and X. Y. Li and T. Jung and J. Zhao and Z. Zhao}, 
	booktitle={2014 IEEE 33rd International Performance Computing and Communications Conference (IPCCC)}, 
	title={Network agile preference-based prefetching for mobile devices}, 
	year={2014}, 
}

@inproceedings{mobile-cache-mobisys:2012,
	author = {Qian, Feng and Quah, Kee Shen and Huang, Junxian and Erman, Jeffrey and Gerber, Alexandre and Mao, Zhuoqing and Sen, Subhabrata and Spatscheck, Oliver},
	title = {Web Caching on Smartphones: Ideal vs. Reality},
	booktitle = {Proceedings of the 10th International Conference on Mobile Systems, Applications, and Services},
	series = {MobiSys '12},
	year = {2012},
}

@inproceedings{mobile-cache-www:2015,
	author = {Ma, Yun and Liu, Xuanzhe and Zhang, Shuhui and Xiang, Ruirui and Liu, Yunxin and Xie, Tao},
	title = {Measurement and Analysis of Mobile Web Cache Performance},
	booktitle = {Proceedings of the 24th International Conference on World Wide Web},
	series = {WWW '15},
	year = {2015},
}

@INPROCEEDINGS{mobile-web-overhead:2015 , 
	author={A. Mendoza and K. Singh and G. Gu}, 
	booktitle={2015 IEEE Conference on Computer Communications (INFOCOM)}, 
	title={What is wrecking your data plan? A measurement study of mobile web overhead}, 
	year={2015}, 
}

@INPROCEEDINGS{re-examine-complexity-website:2015, 
	author={R. Tian and R. Rejaie}, 
	booktitle={Hot Topics in Web Systems and Technologies (HotWeb), 2015 Third IEEE Workshop on}, 
	title={Re-Examining the Complexity of Popular Websites}, 
	year={2015}, 
}

@inproceedings{complexity-website:2011,
	author = {Butkiewicz, Michael and Madhyastha, Harsha V. and Sekar, Vyas},
	title = {Understanding Website Complexity: Measurements, Metrics, and Implications},
	booktitle = {Proceedings of the 2011 ACM SIGCOMM Conference on Internet Measurement Conference},
	series = {IMC '11},
	year = {2011},
}

@INPROCEEDINGS{spam-15-year:2013, 
	author={D. Wang and D. Irani and C. Pu}, 
	booktitle={Collaborative Computing: Networking, Applications and Worksharing (Collaboratecom), 2013 9th International Conference Conference on}, 
	title={A study on evolution of email spam over fifteen years}, 
	year={2013}, 
}

@article{blei2003latent,
  title={Latent dirichlet allocation},
  author={Blei, David M and Ng, Andrew Y and Jordan, Michael I},
  journal={Journal of machine Learning research},
  volume={3},
  number={Jan},
  year={2003}
}

@inproceedings{wang2006topics,
  title={Topics over time: a non-Markov continuous-time model of topical trends},
  author={Wang, Xuerui and McCallum, Andrew},
  booktitle={ACM SIGKDD},
  year={2006}
}

@book{PKI-SSL,
	author = {Ivan Ristic},
	title = {Bulletproof SSL and TLS: Understanding and Deploying SSL/TLS and PKI to Secure Servers and Web Applications},
	year = {2014}
}


@misc{Netfilter,
    title = {Netfilter library for {L}inux},
    howpublished = {\url{https://www.netfilter.org/}}
}

@inproceedings{dao14managing,
  title={Managing redundant content in bandwidth constrained wireless networks},
  author={Dao, Tuan and Roy-Chowdhury, Amit K and Madhyastha, Harsha V and Krishnamurthy, Srikanth V and La Porta, Tom},
  booktitle={Proceedings of the 10th ACM International on Conference on emerging Networking Experiments and Technologies},
  pages={349--362},
  year={2014},
  organization={ACM}
}

@inproceedings{aqil15,
  title={Streaming Lower Quality Video over LTE: How Much Energy Can You Save?},
  author={Aqil, Azeem and Atya, Ahmed OF and Krishnamurthy, Srikanth V and Papageorgiou, George},
  booktitle={2015 IEEE 23rd International Conference on Network Protocols (ICNP)},
  pages={156--167},
  year={2015},
  organization={IEEE}
}

@inproceedings{elmalaki2015caredroid,
  title={CAreDroid: Adaptation Framework for Android Context-Aware Applications},
  author={Elmalaki, Salma and Wanner, Lucas and Srivastava, Mani},
  booktitle={Proceedings of the 21st Annual International Conference on Mobile Computing and Networking},
  pages={386--399},
  year={2015},
  organization={ACM}
}

@inproceedings{xu2011identifying,
  title={Identifying diverse usage behaviors of smartphone apps},
  author={Xu, Qiang and Erman, Jeffrey and Gerber, Alexandre and Mao, Zhuoqing and Pang, Jeffrey and Venkataraman, Shobha},
  booktitle={Proceedings of the 2011 ACM SIGCOMM conference on Internet measurement conference},
  pages={329--344},
  year={2011},
  organization={ACM}
}

Spectrum auctions
@inproceedings{parzy2011non,
  title={Non-identical objects auction for spectrum sharing in TV white spacesÑThe perspective of service providers as secondary users},
  author={Parzy, Marcin and Bogucka, Hanna},
  booktitle={New Frontiers in Dynamic Spectrum Access Networks (DySPAN), 2011 IEEE Symposium on},
  pages={389--398},
  year={2011},
  organization={IEEE}
}
@inproceedings{friedman2003pricing,
  title={Pricing {WiFi} at {S}tarbucks: {I}ssues in online mechanism design},
  author={Friedman, Eric J and Parkes, David C},
  booktitle={Proc. of ACM EC},
  pages={240--241},
  year={2003},
  organization={ACM}
}

@inproceedings{jia2009revenue,
  title={Revenue generation for truthful spectrum auction in dynamic spectrum access},
  author={Jia, Juncheng and Zhang, Qian and Zhang, Qin and Liu, Mingyan},
  booktitle={Proc. of ACM MobiHoc},
  pages={3--12},
  year={2009}
}

@article{dramitinos2004auction,
  title={Auction-based resource reservation in 2.5/3G networks},
  author={Dramitinos, Manos and Stamoulis, George D and Courcoubetis, Costas},
  journal={Mobile Networks and Applications},
  volume={9},
  number={6},
  pages={557--566},
  year={2004},
  publisher={Springer}
}
@inproceedings{pan2011dealing,
  title={Dealing with the untrustworthy auctioneer in combinatorial spectrum auctions},
  author={Pan, Miao and Li, Hongyan and Li, Pan and Fang, Yuguang},
  booktitle={Global Telecommunications Conference (GLOBECOM 2011), 2011 IEEE},
  pages={1--5},
  year={2011},
  organization={IEEE}
}
@article{pal2007combinatorial,
  title={Combinatorial reverse auction based scheduling in multi-rate wireless systems},
  author={Pal, Sourav and Kundu, Sumantra and Chatterjee, Mainak and Das, Sajal},
  journal={IEEE Transactions on Computers},
  volume={56},
  number={10},
  pages={1329--1341},
  year={2007},
  publisher={IEEE}
}

@article{sengupta2008designing,
  title={Designing auction mechanisms for dynamic spectrum access},
  author={Sengupta, Shamik and Chatterjee, Mainak},
  journal={Mobile Networks and Applications},
  volume={13},
  number={5},
  pages={498--515},
  year={2008},
  publisher={Springer}
}
@article{sengupta2009economic,
  title={An economic framework for dynamic spectrum access and service pricing},
  author={Sengupta, Shamik and Chatterjee, Mainak},
  journal={IEEE/ACM Transactions on Networking},
  volume={17},
  number={4},
  pages={1200--1213},
  year={2009},
  publisher={IEEE Press}
}
@inproceedings{han2007competitive,
  title={A competitive fair subchannel allocation for OFDMA system using an auction algorithm},
  author={Han, Sang-Wook and Han, Youngnam},
  booktitle={IEEE 66th Vehicular Technology Conference},
  pages={1787--1791},
  year={2007},
  organization={IEEE}
}
@inproceedings{kong2009auction,
  title={Auction-based scheduling in non-cooperative multiuser OFDM systems},
  author={Kong, Zhen and Kwok, Yu-Kwong and Wang, Jiangzhou},
  booktitle={IEEE Vehicular Technology Conference},
  pages={1--4},
  year={2009},
  organization={IEEE}
}
@inproceedings{yang2011online,
  title={Online market clearing in dynamic spectrum auction},
  author={Yang, Yaoyu and Wu, Jing and Long, Chengnian and Li, Bo},
  booktitle={IEEE GLOBECOM},
  pages={1--5},
  year={2011},
  organization={IEEE}
}
@inproceedings{wang2010toda,
  title={TODA: truthful online double auction for spectrum allocation in wireless networks},
  author={Wang, ShiGuang and Xu, Ping and Xu, XiaoHua and Tang, ShaoJie and Li, XiangYang and Liu, Xin},
  booktitle={IEEE Symposium on New Frontiers in Dynamic Spectrum},
  pages={1--10},
  year={2010}
}
@article{xu2010salsa,
  title={SALSA: Strategyproof online spectrum admissions for wireless networks},
  author={Xu, Ping and Wang, ShiGuang and Li, Xiang-Yang},
  journal={IEEE Transactions on Computers},
  volume={59},
  number={12},
  pages={1691--1702},
  year={2010},
  publisher={IEEE}
}
@article{zhang2013auction,
  title={Auction approaches for resource allocation in wireless systems: A survey},
  author={Zhang, Yang and Lee, Chonho and Niyato, Dusit and Wang, Ping},
  journal={IEEE Communications surveys \& tutorials},
  volume={15},
  number={3},
  pages={1020--1041},
  year={2013},
  publisher={IEEE}
}

@article{wu2009scalable,
  title={A scalable collusion-resistant multi-winner cognitive spectrum auction game},
  author={Wu, Yongle and Wang, Beibei and Liu, KJ Ray and Clancy, T Charles},
  journal={IEEE Transactions on Communications},
  volume={57},
  number={12},
  pages={3805--3816},
  year={2009},
  publisher={IEEE}
}
@inproceedings{zhou2010breaking,
  title={Breaking bidder collusion in large-scale spectrum auctions},
  author={Zhou, Xia and Zheng, Haitao},
  booktitle={Proceedings of the eleventh ACM international symposium on Mobile ad hoc networking and computing},
  pages={121--130},
  year={2010},
  organization={ACM}
}
@article{niyato2008competitive,
  title={Competitive pricing for spectrum sharing in cognitive radio networks: Dynamic game, inefficiency of nash equilibrium, and collusion},
  author={Niyato, Dusit and Hossain, Ekram},
  journal={IEEE journal on selected areas in communications},
  volume={26},
  number={1},
  pages={192--202},
  year={2008},
  publisher={IEEE}
}
@article{im2016amuse,
  title={AMUSE: Empowering users for cost-aware offloading with throughput-delay tradeoffs},
  author={Im, Youngbin and Joe-Wong, Carlee and Ha, Sangtae and Sen, Soumya and Kwon, Ted Taekyoung and Chiang, Mung},
  journal={IEEE Transactions on Mobile Computing},
  volume={15},
  number={5},
  pages={1062--1076},
  year={2016},
  publisher={IEEE}
}

Static hetnet pricing (Google Fi works, technology adoption)
@article{musacchio2006wifi,
  title={{WiFi} access point pricing as a dynamic game},
  author={Musacchio, John and Walrand, Jean},
  journal={IEEE/ACM Trans. Netw.},
  volume={14},
  number={2},
  pages={289--301},
  year={2006}
}
@article{shakkottai2006economics,
  title={Economics of network pricing with multiple ISPs},
  author={Shakkottai, Srinivas and Srikant, Rayadurgam},
  journal={IEEE/ACM Trans. Netw.},
  volume={14},
  number={6},
  pages={1233--1245},
  year={2006}
}
@incollection{gyarmati2009competition,
  title={On competition for market share in a dynamic ISP market with customer loyalty: a game-theoretic analysis},
  author={Gyarmati, L{\'a}szl{\'o} and Trinh, Tuan Anh},
  booktitle={Network Economics for Next Generation Networks},
  pages={11--23},
  year={2009}
}
@article{joe2015offering,
author={Joe-Wong, C. and Sen, S. and Sangtae Ha},
journal={IEEE/ACM Trans. Netw.},
title={Offering Supplementary Network Technologies: Adoption Behavior and Offloading Benefits},
year={2015},
volume={23},
number={2},
pages={355-368}
}
@article{ren2013entry,
  title={Entry and spectrum sharing scheme selection in femtocell communications markets},
  author={Ren, Shaolei and Park, Jaeok and Van Der Schaar, Mihaela},
  journal={IEEE/ACM Trans. Netw.},
  volume={21},
  number={1},
  pages={218--232},
  year={2013}
}
@article{lee2014economics,
  title={Economics of WiFi offloading: Trading delay for cellular capacity},
  author={Lee, Joohyun and Yi, Yung and Chong, Song and Jin, Youngmi},
  journal={IEEE Trans. Wireless Commun.},
  volume={13},
  number={3},
  pages={1540--1554},
  year={2014}
}

TDP
@inproceedings{zhang2014time,
  title={Time-dependent pricing in wireless data networks: {F}lat-rate vs. usage-based schemes},
  author={Zhang, Liang and Wu, Weijie and Wang, Dan},
  booktitle={Proc. of IEEE INFOCOM},
  year={2014}
}
@inproceedings{joe2011time,
  title={Time-dependent broadband pricing: {F}easibility and benefits},
  author={Joe-Wong, Carlee and Ha, Sangtae and Chiang, Mung},
  booktitle={Proc. of IEEE ICDCS},
  pages={288--298},
  year={2011},
  organization={IEEE}
}
@inproceedings{jiang2008time,
  title={Time-dependent network pricing and bandwidth trading},
  author={Jiang, Libin and Parekh, Shyam and Walrand, Jean},
  booktitle={IEEE NOMS Workshops},
  pages={193--200},
  year={2008},
  organization={IEEE}
}
@inproceedings{Ganesh,
  title={Congestion pricing and user adaptation},
  author={Ganesh, A. and Laevens, K. and Steinberg, R.},
  booktitle={Proceedings of IEEE INFOCOM},
  volume={2},
  pages={959--965},
  year={2001},
  organization={IEEE}
}
@article{Paschalidis,
   author ="I. C. Paschalidis and J. N. Tsitsikilis",
   title = {Congestion-dependent Pricing of Network Services},
    journal = {IEEE/ACM Transactions on Networking},
    year = {1998},
    volume = {8},
    pages = {171--184}
} 
@article{al2011congestion,
  title={Congestion pricing in wireless cellular networks},
  author={Al-Manthari, B. and Nasser, N. and Hassanein, H.},
  journal={IEEE Communications Surveys \& Tutorials},
  volume={13},
  number={3},
  pages={358--371},
  year={2011},
  publisher={IEEE}
}
@incollection{Gupta,
  title={Priority pricing of integrated services networks},
  author={Gupta, A. and Stahl, D.O. and Whinston, A.B.},
  booktitle={Internet Economics},
  pages={323--352},
  year={1997},
   editor={L. W. McKnight and J. P. Bailey},
  publisher={{The MIT Press}},
   address={Cambridge, MA}
}
@article{Kelly-PFP,
   author = "F. Kelly and A. K. Maulloo and D. H. K. Tan",
   title = {Rate Control for Communication Networks: {S}hadow Prices, Proportional Fairness, and Stability},
   journal = {Journal of the Operational Research Society},
   volume={49},
   pages={237-252},
   year = "1998"
}

@inproceedings{sen2013price,
  title={When the price is right: enabling time-dependent pricing of broadband data},
  author={Sen, Soumya and Joe-Wong, Carlee and Ha, Sangtae and Bawa, Jasika and Chiang, Mung},
  booktitle={Proceedings of the SIGCHI Conference on Human Factors in Computing Systems},
  pages={2477--2486},
  year={2013},
  organization={ACM}
}

@inproceedings{chetty2010s,
  title={Who's hogging the bandwidth: the consequences of revealing the invisible in the home},
  author={Chetty, Marshini and Banks, Richard and Harper, Richard and Regan, Tim and Sellen, Abigail and Gkantsidis, Christos and Karagiannis, Thomas and Key, Peter},
  booktitle={Proceedings of the SIGCHI Conference on Human Factors in Computing Systems},
  pages={659--668},
  year={2010},
  organization={ACM}
}

@article{sen2013survey,
   author = "Soumya Sen and Carlee Joe-Wong and Sangtae Ha and Mung Chiang",
   title = {A Survey of Smart Data Pricing: {P}ast Proposals, Current Plans, and Future Trends},
   journal = {ACM Computing Surveys},
   number = {2},
   volume = {46},
   year = "2013"
}

@article{sen2012incentivizing,
  title={Incentivizing time-shifting of data: {A} survey of time-dependent pricing for {I}nternet access},
  author={Sen, S. and Joe-Wong, C. and Ha, S. and Chiang, M.},
  journal={IEEE Communications Magazine},
  volume={50},
  number={11},
  pages={91--99},
  year={2012},
  publisher={IEEE}
}

@incollection{sen2013smart,
author={Sen, Soumya and Joe-Wong, Carlee and Ha, Sangtae and Chiang, Mung},
title={Smart Data Pricing ({SDP}): {E}conomic Solutions to Network Congestion},
booktitle={Recent Advances in Networking},
editor = {Hamed Haddadi and Olivier Bonaventure},
pages={221--274},
publisher = {ACM SIGCOMM},
year={2013}
}

@article{sen2015smart,
  title={Smart data pricing: {U}sing economics to manage network congestion},
  author={Sen, Soumya and Joe-Wong, Carlee and Ha, Sangtae and Chiang, Mung},
  journal={Communications of the ACM},
  volume={58},
  number={12},
  pages={86--93},
  year={2015},
  publisher={ACM}
}

@article{bhattarai2016overview,
  title={An Overview of Dynamic Spectrum Sharing: Ongoing Initiatives, Challenges, and a Roadmap for Future Research},
  author={Bhattarai, Sudeep and Park, Jung-Min Jerry and Gao, Bo and Bian, Kaigui and Lehr, William},
  journal={IEEE Transactions on Cognitive Communications and Networking},
  volume={2},
  number={2},
  pages={110--128},
  year={2016},
  publisher={IEEE}
}

@article{dutta2016see,
  title={ÒSee Something, Say SomethingÓ Crowdsourced Enforcement of Spectrum Policies},
  author={Dutta, Aveek and Chiang, Mung},
  journal={IEEE Transactions on Wireless Communications},
  volume={15},
  number={1},
  pages={67--80},
  year={2016},
  publisher={IEEE}
}

@misc{weiss2012enforcement,
  title={Enforcement in dynamic spectrum access systems},
  author={Weiss, Martin BH and Lehr, William and Altamimi, Mohammed and Cui, Liu},
  year={2012},
  howpublished={{SSRN}}
}

@inproceedings{cui2014dimensions,
  title={Dimensions of cooperative spectrum sharing: Rights and enforcement},
  author={Cui, Liu and Gomez, Marcela M and Weiss, Martin BH},
  booktitle={Dynamic Spectrum Access Networks (DYSPAN), 2014 IEEE International Symposium on},
  pages={416--426},
  year={2014},
  organization={IEEE}
}

@inproceedings{hou2013enforcing,
  title={Enforcing spectrum access rules in cognitive radio networks through cooperative jamming},
  author={Hou, Yantian and Li, Ming},
  booktitle={International Conference on Wireless Algorithms, Systems, and Applications},
  pages={440--453},
  year={2013},
  organization={Springer}
}
@inproceedings{woyach2008crime,
  title={Crime and punishment for cognitive radios},
  author={Woyach, Kristen Ann and Sahai, Anant and Atia, George and Saligrama, Venkatesh},
  booktitle={Communication, Control, and Computing, 2008 46th Annual Allerton Conference on},
  pages={236--243},
  year={2008},
  organization={IEEE}
}
@article{altamimi2013enforcement,
  title={Enforcement and spectrum sharing: Case studies of federal-commercial sharing},
  author={Altamimi, Mohammed and Weiss, Martin BH and McHenry, Mark},
  journal={Available at SSRN 2310883},
  year={2013}
}

@article{whitespace-offloading,
title={Improving Cellular Capacity with White Space Offloading (under submission)},
author={Suzan Bayhan and Liang Zheng and Jiasi Chen and Mario Di Francesco and Jussi Kangasharju and Mung Chiang},
year={2017},
journal={WiOpt}
}

@inproceedings{zheng2017economic,
title={Economic Viability of a Virtual {ISP}},
author={Zheng, Liang and Joe-Wong, Carlee and Chen, Jiasi and Brinton, Christopher Greg and Tan, Chee Wei and Chiang, Mung},
year={2017},
booktitle={Proc. of IEEE INFOCOM},
organization={IEEE}
}
@inproceedings{zheng2017aneconomic,
  title={An economic analysis of wireless network infrastructure sharing},
  author={Zheng, Liang and Chen, Jiasi and Joe-Wong, Carlee and Tan, Chee Wei and Chiang, Mung},
  booktitle={Modeling and Optimization in Mobile, Ad Hoc, and Wireless Networks (WiOpt), 2017 15th International Symposium on},
  pages={1--8},
  year={2017},
  organization={IEEE}
}
@inproceedings{harishankar2018accept,
title={To Accept or Not to Accept: The Question of Supplemental Discount Offers in Mobile Data Plans},
author={Harishankar, Madhumitha and Srinivasan, Nagarjun and Joe-Wong, Carlee and Tague, Patrick},
year={2018},
booktitle={Proc. of IEEE INFOCOM}
}
@inproceedings{joe2015sponsoring,
  title={Sponsoring mobile data: An economic analysis of the impact on users and content providers},
  author={Joe-Wong, Carlee and Ha, Sangtae and Chiang, Mung},
  booktitle={Computer Communications (INFOCOM), 2015 IEEE Conference on},
  pages={1499--1507},
  year={2015},
  organization={IEEE}
}
@inproceedings{weiss2015socio,
  title={Socio-technical considerations for Spectrum Access System (SAS) design},
  author={Weiss, Martin BH and Lehr, William H and Acker, Amelia and Gomez, Marcela M},
  booktitle={Dynamic Spectrum Access Networks (DySPAN), 2015 IEEE International Symposium on},
  pages={35--46},
  year={2015},
  organization={IEEE}
}
@inproceedings{joe2015mobile,
  title={Do mobile data plans affect usage? results from a pricing trial with isp customers},
  author={Joe-Wong, Carlee and Ha, Sangtae and Sen, Soumya and Chiang, Mung},
  booktitle={International Conference on Passive and Active Network Measurement},
  pages={96--108},
  year={2015},
  organization={Springer}
}
@article{kullback1951information,
  title={On information and sufficiency},
  author={Kullback, Solomon and Leibler, Richard A},
  journal={The annals of mathematical statistics},
  volume={22},
  number={1},
  pages={79--86},
  year={1951},
  publisher={JSTOR}
}

@inproceedings{kulkarni_nfvnice:_2017,
  address = {New York, NY, USA},
  series = {{SIGCOMM} '17},
  title = {{NFVnice}: {Dynamic} {Backpressure} and {Scheduling} for {NFV} {Service} {Chains}},
  isbn = {978-1-4503-4653-5},
  shorttitle = {{NFVnice}},
  url = {http://doi.acm.org/10.1145/3098822.3098828},
  doi = {10.1145/3098822.3098828},
  abstract = {Managing Network Function (NF) service chains requires careful system resource management. We propose NFVnice, a user space NF scheduling and service chain management framework to provide fair, efficient and dynamic resource scheduling capabilities on Network Function Virtualization (NFV) platforms. The NFVnice framework monitors load on a service chain at high frequency (1000Hz) and employs backpressure to shed load early in the service chain, thereby preventing wasted work. Borrowing concepts such as rate proportional scheduling from hardware packet schedulers, CPU shares are computed by accounting for heterogeneous packet processing costs of NFs, I/O, and traffic arrival characteristics. By leveraging cgroups, a user space process scheduling abstraction exposed by the operating system, NFVnice is capable of controlling when network functions should be scheduled. NFVnice improves NF performance by complementing the capabilities of the OS scheduler but without requiring changes to the OS's scheduling mechanisms. Our controlled experiments show that NFVnice provides the appropriate rate-cost proportional fair share of CPU to NFs and significantly improves NF performance (throughput and loss) by reducing wasted work across an NF chain, compared to using the default OS scheduler. NFVnice achieves this even for heterogeneous NFs with vastly different computational costs and for heterogeneous workloads.},
  urldate = {2017-09-17},
  booktitle = {Proceedings of the {Conference} of the {ACM} {Special} {Interest} {Group} on {Data} {Communication}},
  publisher = {ACM},
  author = {Kulkarni, Sameer G. and Zhang, Wei and Hwang, Jinho and Rajagopalan, Shriram and Ramakrishnan, K. K. and Wood, Timothy and Arumaithurai, Mayutan and Fu, Xiaoming},
  year = {2017},
  keywords = {Backpressure, Cgroups, Network Functions (NF), NF-Scheduling},
  pages = {71--84}
}
@inproceedings{zhang_opennetvm:_2016,
        title = {{OpenNetVM}: {A} {Platform} for {High} {Performance} {Network} {Service} {Chains}},
        url = {http://faculty.cs.gwu.edu/ timwood/papers/16-HotMiddlebox-onvm.pdf},
        booktitle = {Proceedings of the 2016 {ACM} {SIGCOMM} {Workshop} on {Hot} {Topics} in {Middleboxes} and {Network} {Function} {Virtualization}},
        publisher = {ACM},
        author = {Zhang, Wei and Liu, Guyue and Zhang, Wenhui and Shah, Neel and Lopreiato, Phillip and Todeschi, Gregoire and Ramakrishnan, K.K. and Wood, Timothy},
        month = aug,
        year = {2016},
        annote = {34\% acceptance}
}

@inproceedings{zhang_flurries:_2016,
        series = {Co-{NEXT} 16},
        title = {Flurries: {Countless} {Fine}-{Grained} {NFs} for {Flexible} {Per}-{Flow} {Customization}},
        booktitle = {{ACM} {Co}-{NEXT}},
        author = {Zhang, Wei and Hwang, Jinho and Rajagopalan, Shriram and Ramakrishnan, K. K. and Wood, Timothy},
        month = dec,
        year = {2016}
}
@inproceedings{hwang_netvm:_2014,
        series = {{NSDI} 14},
        title = {{NetVM}: {High} {Performance} and {Flexible} {Networking} using {Virtualization} on {Commodity} {Platforms}},
        booktitle = {Symposium on {Networked} {System} {Design} and {Implementation}},
        author = {Hwang, Jinho and Ramakrishnan, K.K. and Wood, Timothy},
        month = apr,
        year = {2014}
}
@inproceedings{zhang_sdnfv:_2016,
        title = {{SDNFV}: {Flexible} and {Dynamic} {Software} {Defined} {Control} of an {Application}- and {Flow}-{Aware} {Data} {Plane}},
        booktitle = {{ACM}/{IFIP}/{USENIX} {Middleware} {Conference}},
        author = {Zhang, Wei and Liu, Guyue and Mohammadkhan, Ali and Hwang, Jinho and Ramakrishnan, K. K. and Wood, Timothy},
        month = dec,
        year = {2016}
}
@INPROCEEDINGS{mohammadkhan_protocols_2015,
author={A. Mohammadkhan and G. Liu and W. Zhang and K. K. Ramakrishnan and T. Wood},
booktitle={2015 IEEE Conference on Network Function Virtualization and Software Defined Network (NFV-SDN)},
title={Protocols to support autonomy and control for NFV in software defined networks},
year={2015},
volume={},
number={},
pages={163-169},
abstract={The use of Network Function Virtualization to run network services in software enables Software Defined Networks to create a largely software-based network. We envision a dynamic and flexible network that can support a smarter data plane than just simple switches that forward packets. This network architecture needs to support complex stateful routing of flows where processing by network functions (NFs) can dynamically modify the path taken by flows, without unduly burdening or depending on the centralized SDN controller. To this end, we specify a protocol across the different components of an SDN-NFV environment to support the creation of NFs required by a service graph specification, using an orchestrator speaking to an NF Manager running on each host. We take advantage of, and extend, the concept of the SDN controller-to-node protocol (OpenFlow being the most popular) and tagging flows to support complex stateful routing. Output generated by NFs processing packets may be returned to the NF Manager to influence dynamic route changes based on a priori rules defined through a service graph specification provided by network administrators. We envisage the SDN controller setting up these rules based on the output from NFs, the flow specification as well as global tags. By not treating tags as an independent component for routing, we show that we can dramatically reduce the number of tags required across the entire network. Further, by providing the right autonomy in decision making at the NF Manager and the individual NFs in our hierarchical control framework, we significantly reduce the load on the SDN controller.},
keywords={protocols;software defined networking;telecommunication network routing;virtualisation;NF manager;NFV;SDN controller-to-node protocol;complex stateful routing;network function processing;network function virtualization;network services;service graph specification;software defined networks;software-based network;Computer architecture;Control systems;Engines;Noise measurement;Protocols;Software;Software Defined networking;network function placement;network function virtualization},
doi={10.1109/NFV-SDN.2015.7387422},
ISSN={},
month={Nov},}

@ARTICLE{2015-sun-recent, 
author={S. Sun and Q. Gao and W. Chen and R. Zhao and Y. Peng}, 
journal={IET Communications}, 
title={Recent progress of long-term evolution device-to-device in third-generation partnership project standardisation}, 
year={2015}, 
volume={9}, 
number={3}, 
pages={412-420}, 
month={},}
@article{2016-Jung-new,
title = "A new way of extending network coverage: Relay-assisted \{D2D\} communications in 3GPP ",
journal = "\{ICT\} Express ",
volume = "2",
number = "3",
pages = "117 - 121",
year = "2016",
note = "Special Issue on \{ICT\} Convergence in the Internet of Things (IoT) ",
author = "SungHoon Jung and Junsu Kim",
}
@article {2015-munir-reliable,
author = {Munir, Daniyal and Gu, Jaheon and Hasan, Syed Faraz and Chung, Min Young},
title = {Reliable cooperative scheme for public safety services in LTE-A networks},
journal = {Transactions on Emerging Telecommunications Technologies},
year = {2015},
}
@ARTICLE{lte-overview,
author={P. Bhat and S. Nagata and L. Campoy and I. Berberana and T. Derham and G. Liu and X. Shen and P. Zong and J. Yang},
journal={IEEE Communications Magazine},
title={LTE-advanced: an operator perspective},
year={2012},
volume={50},
number={2},
pages={104-114},
keywords={3G mobile communication;Long Term Evolution;MIMO communication;intercarrier interference;3GPP;LTE-Advanced;Long Term Evolution;MIMO antenna;cell coverage;data throughput;eNode-B;heterogeneous networks;intercell interference control;mobile wireless customers;operator perspective;relay nodes;user experience;virtual block;4G mobile communication;Downlink;MIMO;Mobile communication;Multiplexing;Transmitting antennas;Wireless communication},
doi={10.1109/MCOM.2012.6146489},
ISSN={0163-6804},
month={February},}

@ARTICLE{wimax,
author={C. Eklund and R. B. Marks and K. L. Stanwood and S. Wang},
journal={IEEE Communications Magazine},
title={IEEE standard 802.16: a technical overview of the WirelessMAN/sup TM/ air interface for broadband wireless access},
year={2002},
volume={40},
number={6},
pages={98-107},
keywords={IEEE standards;access protocols;broadband networks;metropolitan area networks;network interfaces;radio access networks;telecommunication standards;IEEE standard 802.16;WirelessMAN air interface;broadband wireless access;broadband wireless access industry;medium access control;second-generation wireless MAN;second-generation wireless metropolitan area networks;Buildings;Coaxial cables;DSL;Frequency;Media Access Protocol;Metropolitan area networks;Optical fiber cables;Physical layer;Standards development;Wireless LAN},
doi={10.1109/MCOM.2002.1007415},
ISSN={0163-6804},
month={June},}

@misc{Nvidia_doc,
  title = {NVIDIA DEEP LEARNING PLATFORM},
  howpublished = {\url{https://images.nvidia.com/content/pdf/inference-technical-overview.pdf}},
  note = {Accessed: 2018-05-20}
}
@inproceedings{palkar_e2:_2015,
        address = {New York, NY, USA},
        series = {{SOSP} '15},
        title = {E2: {A} {Framework} for {NFV} {Applications}},
        isbn = {978-1-4503-3834-9},
        shorttitle = {E2},
        url = {http://doi.acm.org/10.1145/2815400.2815423},
        doi = {10.1145/2815400.2815423},
        abstract = {By moving network appliance functionality from proprietary hardware to software, Network Function Virtualization promises to bring the advantages of cloud computing to network packet processing. However, the evolution of cloud computing (particularly for data analytics) has greatly benefited from application-independent methods for scaling and placement that achieve high efficiency while relieving programmers of these burdens. NFV has no such general management solutions. In this paper, we present a scalable and application-agnostic scheduling framework for packet processing, and compare its performance to current approaches.},
        urldate = {2016-01-13},
        booktitle = {Proceedings of the 25th {Symposium} on {Operating} {Systems} {Principles}},
        publisher = {ACM},
        author = {Palkar, Shoumik and Lan, Chang and Han, Sangjin and Jang, Keon and Panda, Aurojit and Ratnasamy, Sylvia and Rizzo, Luigi and Shenker, Scott},
        year = {2015},
        pages = {121--136},
        file = {ACM Full Text PDF:/Users/timwood/Library/Application Support/Firefox/Profiles/uyn5sz9x.default/zotero/storage/S784S4NE/Palkar et al. - 2015 - E2 A Framework for NFV Applications.pdf:application/pdf}
}
@techreport{han_softnic:_2015,
  title = {{SoftNIC}: {A} {Software} {NIC} to {Augment} {Hardware}},
  url = {http://www.eecs.berkeley.edu/Pubs/TechRpts/2015/EECS-2015-155.html},
  abstract = {As the main gateway for network traffic to a server, the network interface card (NIC) is an ideal place to incorporate diverse network functionality, such as traffic control, protocol offloading, and virtualization. However, the slow evolution and inherent inflexibility of NIC hardware have failed to support evolving protocols, emerging applications, and rapidly changing system/network architectures. The traditional soft- ware approach to this problem—implementing NIC features in the host network stack—is unable to meet increasingly challenging performance requirements. In this paper we present SoftNIC, a hybrid software-hardware architecture to bridge the gap between limited hardware capabilities and ever changing user demands. SoftNIC provides a programmable platform that allows applications to leverage NIC features implemented in software and hard- ware, without sacrificing performance. Our evaluation results show that SoftNIC achieves multi-10G performance even on a single core and scales further with multiple cores. We also present a variety of use cases to show the potential of software NIC augmentation.},
  number = {UCB/EECS-2015-155},
  institution = {EECS Department, University of California, Berkeley},
  author = {Han, Sangjin and Jang, Keon and Panda, Aurojit and Palkar, Shoumik and Han, Dongsu and Ratnasamy, Sylvia},
  month = may,
  year = {2015}
}

@misc{_fast_????,
  title = {Fast {Data} {Project}},
  url = {https://fd.io/},
  urldate = {2017-03-02},
  note = {https://fd.io/},
  file = {Home | FD.io:/Users/timwood/Library/Application Support/Firefox/Profiles/uyn5sz9x.default/zotero/storage/NGB3SUBT/fd.io.html:text/html}
}
@inproceedings{martins_clickos_2014,
        address = {Seattle, WA},
        title = {{ClickOS} and the {Art} of {Network} {Function} {Virtualization}},
        isbn = {978-1-931971-09-6},
        url = {https://www.usenix.org/conference/nsdi14/technical-sessions/presentation/martins},
        booktitle = {11th {USENIX} {Symposium} on {Networked} {Systems} {Design} and {Implementation} ({NSDI} 14)},
        publisher = {USENIX Association},
        author = {Martins, Joao and Ahmed, Mohamed and Raiciu, Costin and Olteanu, Vladimir and Honda, Michio and Bifulco, Roberto and Huici, Felipe},
        month = apr,
        year = {2014},
        keywords = {nfv},
        pages = {459--473},
        annote = {TIM:
Goal is to do NFV with lots of small network middleboxes running as VMs on a single host. They use Xen's mini-OS to build a 5MB VM that is a simple OS plus the Click user space router. They do some changes to xen to allow them to start tehse VMs very quickly ({\textasciitilde}30ms).
Paper has breakdown of time costs for sending a packet through Xen's various layers. Speed up networking by reusing page permissions (instead of adjusting grant table on every packet reception). Use a VALE, a faster software switch than OVS in host. VALE is based on netmap, so I think they get high speed zero copy for free to the host.  To remove zero copy between host and guest they change the front end network driver in the VM to share memory with the host.  Only need to share 4MB of RAM to store all the netmap data structures between host and guest.
Look at a bunch of different click-based middleboxes.
open source released
Do you need to do something smart for CPU scheduling if you have lots of VMs?  Since it is interupt driven to VMs, how does that affect latency? Sounds like they use lots of batching which could give bad latency.},
        file = {nsdi14-paper-martins.pdf:/Users/timwood/Library/Application Support/Firefox/Profiles/uyn5sz9x.default/zotero/storage/JNTRH5QN/nsdi14-paper-martins.pdf:application/pdf}
}

@inproceedings{hoda-18,
  author    = {Hoda Naghibijouybari and
               Ajaya Neupane and
               Zhiyun Qian and
               Nael B. Abu{-}Ghazaleh},
  title     = {Rendered Insecure: {GPU} Side Channel Attacks are Practical},
  booktitle = {ACM CCS},
  pages     = {2139--2153},
  year      = {2018}
}

@article{dutta-21,
  title={Leaky Buddies: Cross-Component Covert Channels on Integrated CPU-GPU Systems},
  author={Dutta, Sankha Baran and Naghibijouybari, Hoda and Abu-Ghazaleh, Nael and Marquez, Andres and Barker, Kevin},
  journal={ACM/IEEE ISCA},
  year={2021}
}



@article{frustum,
author = {Assarsson, Ulf and Moller, Tomas},
year = {2000},
month = {07},
pages = {},
title = {Optimized View Frustum Culling Algorithms for Bounding Boxes},
volume = {5},
journal = {Journal of Graphics Tools},
doi = {10.1080/10867651.2000.10487517}
}

@inproceedings{ CityGML,
author = {Schilling, Arne and Bolling, Jannes and Nagel, Claus},
year = {2016},
month = {07},
pages = {109-116},
title = {Using glTF for streaming CityGML 3D city models},
journal={ACM Web3D}
}

@inproceedings{3Ddelivery,
author = {Limper, Max and Wagner, Stefan and Stein, Christian and Jung, Yvonne and Stork, André},
year = {2013},
month = {06},
pages = {11-17},
title = {Fast delivery of 3D Web content: A case study},
journal = {ACM Web3D},
}

@INPROCEEDINGS{GraphasBus,
  author={Dhanjan, Jaspreet Singh and Steed, Anthony},
  booktitle={2021 IEEE Conference on Virtual Reality and 3D User Interfaces Abstracts and Workshops (VRW)}, 
  title={Revisiting the Scene-Graph-as-Bus Concept: Inter-networking Heterogeneous Applications Using glTF Fragments}, 
  year={2021},
  volume={},
  number={},
  pages={342-346},
  doi={10.1109/VRW52623.2021.00068}
  }
  
@article{accell3Dvisibility,
author = {Stein, Christian and Limper, Max and Kuijper, Arjan},
year = {2014},
month = {08},
pages = {},
title = {Spatial data structures for accelerated 3D visibility computation to enable large model visualization on the web},
isbn = {978-1-4503-3015-2},
journal = {Proceedings of the 19th International ACM Conference on 3D Web Technologies, Web3D 2014},
doi = {10.1145/2628588.2628600}
}

@misc{Bayou_Shack,
title = {Forest Loner},
howpublished = {\url{https://sketchfab.com/3d-models/forest-loner-b914786647d54b979bc7021e69c0db2e}},
note = {Accessed: 2021-06-27},
  year={2021},
}

@misc{CityGridBlock,
  title = {City Grid Block},
  howpublished = {\url{https://sketchfab.com/3d-models/city-grid-block-3488e40ceca846bb9023f894a749c398}},
  year={2021},
  note = {Accessed: 2021-06-27}
}

@misc{FutureHouse,
  title = {Future House},
  howpublished = {\url{https://xeogl.org/examples/\#importing\_gltf\_BranchHouse}},
  note = {Accessed: 2021-06-27},
  year={2016}
}

@misc{SolarSystem,
  title = {Solar System},
  howpublished = {\url{https://sketchfab.com/3d-models/solar-system-b6b69a95a6f0426bb8bbc2e8cb7ff46a}},
  note = {Accessed: 2021-08-01},
  year={2018}
}

@inproceedings{Stream3D,
author = {Lavou\'{e}, Guillaume and Chevalier, Laurent and Dupont, Florent},
title = {Streaming Compressed 3D Data on the Web Using JavaScript and WebGL},
year = {2013},
booktitle = {ACM Web3D},
}

@inproceedings{optviewfrust,
  title={Optimized View Frustum Culling Algorithms for Bounding Boxes},
  author={Assarsson, Ulf and Moller, Tomas},
  booktitle={Journal of Graphics Tools},
  pages={9--22},
  year={2000},
  volume={5:1},
  organization={Taylor \& Francis},
  doi = {10.1080/10867651.2000.10487517}
}

@inproceedings{WebTorrent,
author = {Hu, Yonghao and Chen, Zhaohui and Liu, Xiaojun and Huang, Fei and Jia, Jinyuan},
title = {WebTorrent Based Fine-Grained P2P Transmission of Large-Scale WebVR Indoor Scenes},
year = {2017},
booktitle = {ACM Web3D},
}

@Manual{Cesium3D,
author = {{Cesium}},
title = {Cesium 3D Tileset},
year = {2017},
url = {https://github.com/CesiumGS/3d-tiles}
} 

@article{octrees,
author = {Wilhelms, Jane and Van Gelder, Allen},
title = {Octrees for Faster Isosurface Generation},
year = {1992},
issue_date = {July 1992},
publisher = {Association for Computing Machinery},
address = {New York, NY, USA},
volume = {11},
number = {3},
issn = {0730-0301},
url = {https://doi.org/10.1145/130881.130882},
doi = {10.1145/130881.130882},
journal = {ACM Trans. Graph.},
month = jul,
pages = {201–227},
numpages = {27},
keywords = {scientific visualization, hierarchical spatial enumeration, isosurface extraction, octree}
}
