
@article{anarticle ,
author = {Arthur B Cummings and David Eftekhary and Frank G House},
title = {The accurate determination of college students’
coefficients of friction},
journal = {Journal of Sketchy Physics},
volume = {13},
year = {2003},
number = {2},
pages = {46--129}
}



@book{abook ,
author = {I J Kuss},
title = {On the Importance of Kissing Up to Your Boss},
edition = {5},
publisher = {Dilbert Books},
address = {Cambridge MA},
year = {1995}
}



@book{bookseries ,
author = {L M Napster},
title = {Mathematical Theory of Efficient Piracy},
series = {Lecture Notes in Mathematics},
volume = {3204},
publisher = {Springer Verlag},
address = {New York NY},
year = {1998}
}



@phdthesis{thesis ,
author = {O P Qwerty},
title = {History of the Goofy Layout of Keyboards},
publisher = {Podunk University Arcana Department},
address = {Podunk IN},
year = {1996}
}


@techreport{report ,
author = {Robert Swearingen},
title = {Morpholoty and syntax of British sailors’ English},
series = {Technical Report},
volume = {249},
publisher = {Profanity Institute},
address = {New York NY},
year = {1985}
}



@incollection{collection ,
author = {Tom Upsilon},
title = {Obscure Greek letters and their meanings
in mathematics and the sciences},
editor = {V W Xavier},
booktitle = {Proceedings of the seventh international
trivia conference},
publisher = {Last Resort Publishers},
address = {Philadelphia PA},
year = {1987},
pages = {129--158}
}



@misc{website ,
author = {James Tetazoo},
title = {A brief guide to recreational pyromania},
howpublished = {Available at \url{http://
www.blowinglotsofweirdstuffup.com/guide.html} (2005/06/12)}
}



@unpublished{acceptedpub ,
author = {J Mentor},
title = {Behavior of small animals on fire},
journal = {Nature},
note = {(in press)}
}



@unpublished{unpub ,
author = {J Mentor},
title = {Behavior of small animals on fire},
note = {Unpublished Manuscript},
year = {2012}
}

@unpublished{notpub ,
author = {J Mentor},
title = {Behavior of small animals on fire},
note = {Unpublished Manuscript},
year = {2012}
}

@misc{conv ,
author = {Sigmund Freud},
month = {July},
year = {2012},
howpublished = {Personal conversation}
}


@article{huzaifa2022illixr,
  title={Illixr: An open testbed to enable extended reality systems research},
  author={Huzaifa, Muhammad and Desai, Rishi and Grayson, Samuel and Jiang, Xutao and Jing, Ying and Lee, Jae and Lu, Fang and Pang, Yihan and Ravichandran, Joseph and Sinclair, Finn and others},
  journal={IEEE Micro},
  volume={42},
  number={4},
  pages={97--106},
  year={2022},
  publisher={IEEE}
}


@article{szegedy2013intriguing,
  title={Intriguing properties of neural networks},
  author={Szegedy, C},
  journal={arXiv preprint arXiv:1312.6199},
  year={2013}
}

@inproceedings{carlini2017towards,
  title={Towards evaluating the robustness of neural networks},
  author={Carlini, Nicholas and Wagner, David},
  booktitle={2017 ieee symposium on security and privacy (sp)},
  pages={39--57},
  year={2017},
  organization={Ieee}
}

@inproceedings{eykholt2018robust,
  title={Robust physical-world attacks on deep learning visual classification},
  author={Eykholt, Kevin and Evtimov, Ivan and Fernandes, Earlence and Li, Bo and Rahmati, Amir and Xiao, Chaowei and Prakash, Atul and Kohno, Tadayoshi and Song, Dawn},
  booktitle={Proceedings of the IEEE conference on computer vision and pattern recognition},
  pages={1625--1634},
  year={2018}
}

@inproceedings{song2018physical,
  title={Physical adversarial examples for object detectors},
  author={Song, Dawn and Eykholt, Kevin and Evtimov, Ivan and Fernandes, Earlence and Li, Bo and Rahmati, Amir and Tramer, Florian and Prakash, Atul and Kohno, Tadayoshi},
  booktitle={12th USENIX workshop on offensive technologies (WOOT 18)},
  year={2018}
}

@inproceedings{zhao2019seeing,
  title={Seeing isn't believing: Towards more robust adversarial attack against real world object detectors},
  author={Zhao, Yue and Zhu, Hong and Liang, Ruigang and Shen, Qintao and Zhang, Shengzhi and Chen, Kai},
  booktitle={Proceedings of the 2019 ACM SIGSAC conference on computer and communications security},
  pages={1989--2004},
  year={2019}
}

@article{li2019adversarial,
  title={Adversarial camera stickers: A physical camera attack on deep learning classifier},
  author={Li, Juncheng B and Schmidt, Frank R and Kolter, J Zico},
  journal={arXiv preprint arXiv:1904.00759},
  volume={2},
  number={2},
  year={2019}
}

@inproceedings{man2020ghostimage,
  title={$\{$GhostImage$\}$: Remote perception attacks against camera-based image classification systems},
  author={Man, Yanmao and Li, Ming and Gerdes, Ryan},
  booktitle={23rd International Symposium on Research in Attacks, Intrusions and Defenses (RAID 2020)},
  pages={317--332},
  year={2020}
}

@inproceedings{sharif2016accessorize,
  title={Accessorize to a crime: Real and stealthy attacks on state-of-the-art face recognition},
  author={Sharif, Mahmood and Bhagavatula, Sruti and Bauer, Lujo and Reiter, Michael K},
  booktitle={Proceedings of the 2016 acm sigsac conference on computer and communications security},
  pages={1528--1540},
  year={2016}
}

@article{zhou2018invisible,
  title={Invisible mask: Practical attacks on face recognition with infrared},
  author={Zhou, Zhe and Tang, Di and Wang, Xiaofeng and Han, Weili and Liu, Xiangyu and Zhang, Kehuan},
  journal={arXiv preprint arXiv:1803.04683},
  year={2018}
}

@article{yoshida2022adversarial,
  title={Adversarial scan attack against scan matching algorithm for pose estimation in lidar-based slam},
  author={Yoshida, Kota and Hojo, Masaya and Fujino, Takeshi},
  journal={IEICE Transactions on Fundamentals of Electronics, Communications and Computer Sciences},
  volume={105},
  number={3},
  pages={326--335},
  year={2022},
  publisher={The Institute of Electronics, Information and Communication Engineers}
}

@article{fukunagarandom,
  title={Random Spoofing Attack against LiDAR-Based Scan Matching SLAM},
  author={Fukunaga, Masashi and Sugawara, Takeshi}
}

@article{ikram2022perceptual,
  title={Perceptual aliasing++: Adversarial attack for visual slam front-end and back-end},
  author={Ikram, Muhammad Haris and Khaliq, Saran and Anjum, Muhammad Latif and Hussain, Wajahat},
  journal={IEEE Robotics and Automation Letters},
  volume={7},
  number={2},
  pages={4670--4677},
  year={2022},
  publisher={IEEE}
}

@inproceedings{chen2024adversary,
  title={Adversary is on the Road: Attacks on Visual $\{$SLAM$\}$ using Unnoticeable Adversarial Patch},
  author={Chen, Baodong and Wang, Wei and Sikorski, Pascal and Zhu, Ting},
  booktitle={33rd USENIX Security Symposium (USENIX Security 24)},
  pages={6345--6362},
  year={2024}
}

@inproceedings{wang2021can,
  title={I can see the light: Attacks on autonomous vehicles using invisible lights},
  author={Wang, Wei and Yao, Yao and Liu, Xin and Li, Xiang and Hao, Pei and Zhu, Ting},
  booktitle={Proceedings of the 2021 ACM SIGSAC Conference on Computer and Communications Security},
  pages={1930--1944},
  year={2021}
}

@inproceedings{son2015rocking,
  title={Rocking drones with intentional sound noise on gyroscopic sensors},
  author={Son, Yunmok and Shin, Hocheol and Kim, Dongkwan and Park, Youngseok and Noh, Juhwan and Choi, Kibum and Choi, Jungwoo and Kim, Yongdae},
  booktitle={24th USENIX security symposium (USENIX Security 15)},
  pages={881--896},
  year={2015}
}

@inproceedings{trippel2017walnut,
  title={WALNUT: Waging doubt on the integrity of MEMS accelerometers with acoustic injection attacks},
  author={Trippel, Timothy and Weisse, Ofir and Xu, Wenyuan and Honeyman, Peter and Fu, Kevin},
  booktitle={2017 IEEE European symposium on security and privacy (EuroS\&P)},
  pages={3--18},
  year={2017},
  organization={IEEE}
}

@article{wang2017sonic,
  title={Sonic gun to smart devices: Your devices lose control under ultrasound/sound},
  author={Wang, Zhengbo and Wang, Kang and Yang, Bo and Li, Shangyuan and Pan, Aimin},
  journal={Black Hat USA},
  pages={1--50},
  year={2017}
}

@inproceedings{tu2018injected,
  title={Injected and delivered: Fabricating implicit control over actuation systems by spoofing inertial sensors},
  author={Tu, Yazhou and Lin, Zhiqiang and Lee, Insup and Hei, Xiali},
  booktitle={27th USENIX security symposium (USENIX Security 18)},
  pages={1545--1562},
  year={2018}
}

@inproceedings{ji2021poltergeist,
  title={Poltergeist: Acoustic adversarial machine learning against cameras and computer vision},
  author={Ji, Xiaoyu and Cheng, Yushi and Zhang, Yuepeng and Wang, Kai and Yan, Chen and Xu, Wenyuan and Fu, Kevin},
  booktitle={2021 IEEE Symposium on Security and Privacy (SP)},
  pages={160--175},
  year={2021},
  organization={IEEE}
}

@inproceedings{michalevsky2014gyrophone,
  title={Gyrophone: Recognizing speech from gyroscope signals},
  author={Michalevsky, Yan and Boneh, Dan and Nakibly, Gabi},
  booktitle={23rd USENIX Security Symposium (USENIX Security 14)},
  pages={1053--1067},
  year={2014}
}

@inproceedings{aviv2012practicality,
  title={Practicality of accelerometer side channels on smartphones},
  author={Aviv, Adam J and Sapp, Benjamin and Blaze, Matt and Smith, Jonathan M},
  booktitle={Proceedings of the 28th annual computer security applications conference},
  pages={41--50},
  year={2012}
}

@inproceedings{owusu2012accessory,
  title={Accessory: password inference using accelerometers on smartphones},
  author={Owusu, Emmanuel and Han, Jun and Das, Sauvik and Perrig, Adrian and Zhang, Joy},
  booktitle={proceedings of the twelfth workshop on mobile computing systems \& applications},
  pages={1--6},
  year={2012}
}

@inproceedings{dey2014accelprint,
  title={AccelPrint: Imperfections of Accelerometers Make Smartphones Trackable.},
  author={Dey, Sanorita and Roy, Nirupam and Xu, Wenyuan and Choudhury, Romit Roy and Nelakuditi, Srihari},
  booktitle={NDSS},
  volume={14},
  pages={23--26},
  year={2014},
  organization={Citeseer}
}

@inproceedings{marquardt2011sp,
  title={(sp) iphone: Decoding vibrations from nearby keyboards using mobile phone accelerometers},
  author={Marquardt, Philip and Verma, Arunabh and Carter, Henry and Traynor, Patrick},
  booktitle={Proceedings of the 18th ACM conference on Computer and communications security},
  pages={551--562},
  year={2011}
}

@article{campos2021orb,
  title={Orb-slam3: An accurate open-source library for visual, visual--inertial, and multimap slam},
  author={Campos, Carlos and Elvira, Richard and Rodr{\'\i}guez, Juan J G{\'o}mez and Montiel, Jos{\'e} MM and Tard{\'o}s, Juan D},
  journal={IEEE Transactions on Robotics},
  volume={37},
  number={6},
  pages={1874--1890},
  year={2021},
  publisher={IEEE}
}

@article{ungureanu2020hololens,
  title={Hololens 2 research mode as a tool for computer vision research},
  author={Ungureanu, Dorin and Bogo, Federica and Galliani, Silvano and Sama, Pooja and Duan, Xin and Meekhof, Casey and St{\"u}hmer, Jan and Cashman, Thomas J and Tekin, Bugra and Sch{\"o}nberger, Johannes L and others},
  journal={arXiv preprint arXiv:2008.11239},
  year={2020}
}

@article{dibene2022hololens,
  title={HoloLens 2 Sensor Streaming},
  author={Dibene, Juan C and Dunn, Enrique},
  journal={arXiv preprint arXiv:2211.02648},
  year={2022}
}

@article{Burri25012016,
author = {Burri, Michael and Nikolic, Janosch and Gohl, Pascal and Schneider, Thomas and Rehder, Joern and Omari, Sammy and Achtelik, Markus W and Siegwart, Roland}, 
title = {The EuRoC micro aerial vehicle datasets},
year = {2016}, 
doi = {10.1177/0278364915620033}, 
URL = {http://ijr.sagepub.com/content/early/2016/01/21/0278364915620033.abstract}, 
eprint = {http://ijr.sagepub.com/content/early/2016/01/21/0278364915620033.full.pdf+html}, 
journal = {The International Journal of Robotics Research} 
}

@inproceedings{geneva2020openvins,
  title={Openvins: A research platform for visual-inertial estimation},
  author={Geneva, Patrick and Eckenhoff, Kevin and Lee, Woosik and Yang, Yulin and Huang, Guoquan},
  booktitle={2020 IEEE International Conference on Robotics and Automation (ICRA)},
  pages={4666--4672},
  year={2020},
  organization={IEEE}
}

@inproceedings{jeong2023rocking,
  title={Un-Rocking Drones: Foundations of Acoustic Injection Attacks and Recovery Thereof.},
  author={Jeong, Jinseob and Kim, Dongkwan and Jang, Joon-Ha and Noh, Juhwan and Song, Changhun and Kim, Yongdae},
  booktitle={NDSS},
  year={2023}
}

@article{khazaaleh2019vulnerability,
  title={Vulnerability of MEMS gyroscopes to targeted acoustic attacks},
  author={Khazaaleh, Shadi and Korres, Georgios and Eid, Mohammed and Rasras, Mahmoud and Daqaq, Mohammed F},
  journal={IEEE Access},
  volume={7},
  pages={89534--89543},
  year={2019},
  publisher={IEEE}
}

@article{hong2022esp,
  title={ESP spoofing: Covert acoustic attack on MEMS gyroscopes in vehicles},
  author={Hong, Zhen and Li, Xiong and Wen, Zhenyu and Zhou, Leiqiang and Chen, Huan and Su, Jie},
  journal={IEEE Transactions on Information Forensics and Security},
  volume={17},
  pages={3734--3747},
  year={2022},
  publisher={IEEE}
}

  @misc{UnitySDK,
title={Unity XR SDK},
howpublished = {\url{ https://docs.unity3d.com/Manual/xr-sdk.html}},
author={Unity},
} 

@misc{mrtk,
  howpublished={\url{https://github.com/microsoft/MixedRealityToolkit-Unity}},
  title={{Mixed Reality Toolkit}},
  author={Microsoft},
  year={2022}
}




@inproceedings{lee2021adcube,
  title={$\{$AdCube$\}$:$\{$WebVR$\}$ Ad Fraud and Practical Confinement of $\{$Third-Party$\}$ Ads},
  author={Lee, Hyunjoo and Lee, Jiyeon and Kim, Daejun and Jana, Suman and Shin, Insik and Son, Sooel},
  booktitle={30th USENIX Security Symposium (USENIX Security 21)},
  pages={2543--2560},
  year={2021}
}

@misc{hololens-gestures-intro,
  howpublished={\url{  https://docs.microsoft.com/en-us/hololens/hololens2-basic-usage}},
  title={Getting around HoloLens 2},
  author={Microsoft},
  year={2021}
  }



@misc{guardian_zone_vr,
  howpublished={\url{https://www.meta.com/help/quest/articles/in-vr-experiences/oculus-features/boundary/}},
  title={Set up your boundary for Meta Quest},
  author={Meta},
  year={2024}
  }

@article{huang2024ar,
  title={Ar overlay: Training image pose estimation on curved surface in a synthetic way},
  author={Huang, Sining and Song, Yukun and Kang, Yixiao and Yu, Chang},
  journal={arXiv preprint arXiv:2409.14577},
  year={2024}
}

@inproceedings{kang2022tie,
  title={Tie Memories to E-souvenirs: Hybrid Tangible AR Souvenirs in the Museum},
  author={Kang, Yixiao and Zhang, Zhenglin and Zhao, Meiqi and Yang, Xuanhui and Yang, Xubo},
  booktitle={Adjunct Proceedings of the 35th Annual ACM Symposium on User Interface Software and Technology},
  pages={1--3},
  year={2022}
}


@misc{unity_shader,
  howpublished={\url{https://docs.unity3d.com/Manual/Shaders.html}},
  title={Unity Manual - Shaders},
  author={Unity},
  year={2024}
  }


@inproceedings{chandio2024stealthy,
  title={Stealthy and Practical Multi-modal Attacks on Mixed Reality Tracking},
  author={Chandio, Yasra and Bashir, Noman and Anwar, Fatima M},
  booktitle={2024 IEEE International Conference on Artificial Intelligence and eXtended and Virtual Reality (AIxVR)},
  pages={11--20},
  year={2024},
  organization={IEEE}
}

@inproceedings{al2021vr,
  title={Vr-spy: A side-channel attack on virtual key-logging in vr headsets},
  author={Al Arafat, Abdullah and Guo, Zhishan and Awad, Amro},
  booktitle={2021 IEEE Virtual Reality and 3D User Interfaces (VR)},
  pages={564--572},
  year={2021},
  organization={IEEE}
}


@article{li2024dangers,
  title={Dangers behind Charging VR Devices: Hidden Side Channel Attacks via Charging Cables},
  author={Li, Jiachun and Meng, Yan and Zhan, Yuxia and Zhang, Le and Zhu, Haojin},
  journal={IEEE Transactions on Information Forensics and Security},
  year={2024},
  publisher={IEEE}
}

@article{su2024remote,
  title={Remote Keylogging Attacks in Multi-user VR Applications},
  author={Su, Zihao and Cai, Kunlin and Beeler, Reuben and Dresel, Lukas and Garcia, Allan and Grishchenko, Ilya and Tian, Yuan and Kruegel, Christopher and Vigna, Giovanni},
  journal={arXiv preprint arXiv:2405.14036},
  year={2024}
}

@inproceedings{ling2019know,
  title={I know what you enter on gear vr},
  author={Ling, Zhen and Li, Zupei and Chen, Chen and Luo, Junzhou and Yu, Wei and Fu, Xinwen},
  booktitle={2019 IEEE Conference on Communications and Network Security (CNS)},
  pages={241--249},
  year={2019},
  organization={IEEE}
}

@inproceedings{slocum2024doesn,
  title={That Doesn't Go There: Attacks on Shared State in $\{$Multi-User$\}$ Augmented Reality Applications},
  author={Slocum, Carter and Zhang, Yicheng and Shayegani, Erfan and Zaree, Pedram and Abu-Ghazaleh, Nael and Chen, Jiasi},
  booktitle={33rd USENIX Security Symposium (USENIX Security 24)},
  pages={2761--2778},
  year={2024}
}

@inproceedings{davidson2016controlling,
  title={Controlling $\{$UAVs$\}$ with sensor input spoofing attacks},
  author={Davidson, Drew and Wu, Hao and Jellinek, Rob and Singh, Vikas and Ristenpart, Thomas},
  booktitle={10th USENIX workshop on offensive technologies (WOOT 16)},
  year={2016}
}

@article{gluck2020spoofing,
  title={Spoofing attack on ultrasonic distance sensors using a continuous signal},
  author={Gluck, Tomer and Kravchik, Moshe and Chocron, Samuel and Elovici, Yuval and Shabtai, Asaf},
  journal={Sensors},
  volume={20},
  number={21},
  pages={6157},
  year={2020},
  publisher={MDPI}
}

@article{hu2024apple,
  title={Apple vs. Meta: A Comparative Study on Spatial Tracking in SOTA XR Headsets},
  author={Hu, Tianyi and Yang, Fan and Scargill, Tim and Gorlatova, Maria},
  journal={Proceedings of ACM ImmerCom (co-located with ACM MobiCom)},
  year={2024}
}

@inproceedings{zhang2023adc,
  title={ADC-Bank: Detecting Acoustic Out-of-Band Signal Injection on Inertial Sensors},
  author={Zhang, Jianyi and Wang, Yuchen and Tu, Yazhou and Rampazzi, Sara and Lin, Zhiqiang and Lee, Insup and Hei, Xiali},
  booktitle={International Conference on Security and Privacy in Cyber-Physical Systems and Smart Vehicles},
  pages={53--72},
  year={2023},
  organization={Springer}
}
@misc{microsoftSpatialAnchors,
  author = {Microsoft},
  title = {Microsoft Azure Spatial Anchors},
  howpublished = {\url{https://azure.microsoft.com/en-us/services/spatial-anchors/}},
  note = {Accessed: 2024-11-12}
}

@article{chaplot2020learning,
  title={Learning to explore using active neural slam},
  author={Chaplot, Devendra Singh and Gandhi, Dhiraj and Gupta, Saurabh and Gupta, Abhinav and Salakhutdinov, Ruslan},
  journal={arXiv preprint arXiv:2004.05155},
  year={2020}
}

@article{zhang2017neural,
  title={Neural slam: Learning to explore with external memory},
  author={Zhang, Jingwei and Tai, Lei and Liu, Ming and Boedecker, Joschka and Burgard, Wolfram},
  journal={arXiv preprint arXiv:1706.09520},
  year={2017}
}

@inproceedings{liso2024loopy,
  title={Loopy-slam: Dense neural slam with loop closures},
  author={Liso, Lorenzo and Sandstr{\"o}m, Erik and Yugay, Vladimir and Van Gool, Luc and Oswald, Martin R},
  booktitle={Proceedings of the IEEE/CVF Conference on Computer Vision and Pattern Recognition},
  pages={20363--20373},
  year={2024}
}