@inproceedings{LukyanenkoBSP023,
  author       = {Roman Lukyanenko and
                  Dominik Bork and
                  Veda C. Storey and
                  Jeffrey Parsons and
                  Oscar Pastor},
  title        = {Inclusive conceptual modeling: Diversity, equity, involvement, and
                  belonging in conceptual modeling},
  booktitle    = {{ER} Forum}, 
  year         = {2023}
}

@article{akoka,
title = {Unraveling the foundations and the evolution of conceptual modeling—Intellectual structure, current themes, and trajectories},
journal = {Data \& Knowledge Engineering},
volume = {154},
pages = {102351},
year = {2024},
author = {Jacky Akoka and Isabelle Comyn-Wattiau and Nicolas Prat and Veda C. Storey}
}

@inproceedings{dangol,
author = {Dangol, Aayushi and Dasgupta, Sayamindu},
title = {Constructionist approaches to critical data literacy: A review},
year = {2023},
booktitle = {ACM IDC},
pages = {112–123},
}

@inproceedings{kinnee,
author = {Kinnee, Brian and Desjardins, Audrey and Rosner, Daniela},
title = {Autospeculation: Reflecting on the intimate and imaginative capacities of data analysis},
year = {2023},
booktitle = {ACM CHI},
articleno = {151},
numpages = {10}
}

@article{melanieSlow,
  author       = {Melanie Feinberg},
  title        = {Reading databases: slow information interactions beyond the retrieval paradigm},
journal = {Journal of Documentation},
volume = {73},
number = {2},
pages = {336-356},
  year         = {2017}
}

@inproceedings{muller,
author = {Muller, Michael and Lange, Ingrid and Wang, Dakuo and Piorkowski, David and Tsay, Jason and Liao, Q. Vera and Dugan, Casey and Erickson, Thomas},
title = {How data science workers work with data: Discovery, capture, curation, design, creation},
year = {2019},
booktitle = {ACM CHI},
pages = {1–15},
}

@article{poirier,
author = {Lindsay Poirier},
title ={Reading datasets: Strategies for interpreting the politics of data signification},
journal = {Big Data \& Society},
volume = {8},
number = {2},
year = {2021}
}

@article{simsion,
title = {Data modeling: Description or design?},
journal = {Information \& Management},
volume = {49},
number = {3},
pages = {151-163},
year = {2012},
author = {Graeme Simsion and Simon K. Milton and Graeme Shanks}
}

@phdthesis{stevens,
    author = {Nikki Lane Stevens},
    title = {Modeling power: data models and the production of social inequality},
    school = {Arizona State University},
    year = {2022}
}

@article{storey,
author = {Storey, Veda C. and Lukyanenko, Roman and Castellanos, Arturo},
title = {Conceptual modeling: Topics, themes, and technology trends},
year = {2023},
volume = {55},
journal = {ACM Comput. Surv.},
articleno = {317}
}

@article{wickett,
author = {Karen M. Wickett},
title = {Critical data modeling and the basic representation model},
journal = {J Assoc Inf Sci Technol},
year = {2023}
}

@article{yun2021,
author = {Yun, Wei and Zhang, Xuan and Li, Zhudong and Liu, Hui and Han, Mengting},
title = {Knowledge modeling: A survey of processes and techniques},
year = {2021},
volume = {36},
number = {4},
journal = {Int. J. Intell. Syst.},
pages = {1686–1720}
}

