@book{design_justice,
  author    = {Costanza-Chock S},
  title     = {Design Justice},
  publisher   = {The MIT Press},
  year      = {2020},
  doi       = {https://doi.org/10.7551/mitpress/12255.001.0001},
}

@article{data_feminism,
  author    = {D’Ignazio C. and Klein L. F},
  title     = {Data Feminism},
  journal   = {The MIT Press},
  year      = {2020},
  doi       = {https://doi.org/10.7551/mitpress/12255.001.0001},
}

@article{critical_modeling,
  author    = {Karen M. Wickett},
  title     = {Critical data modeling and the basic representation model},
  journal   = {Journal of the Association for Information Science and Technology},
  year      = {2023},
}

@book{design_justice,
  author    = {Christoph Becker},
  title     = {Insolvent: How to Reorient Computing for Just Sustainability},
  publisher   = {The MIT Press},
  year      = {2023},
  doi       = {https://doi.org/10.7551/mitpress/14668.001.0001},
}

@article{eda,
  author    = {Prasad Patil},
  title     = {What is Exploratory Data Analysis?},
  journal   = {Towards Data Science},
  year      = {2018},
}

@misc{brainshtorming,
  author       = "{Indeed Editorial Team}",
  title        = "How To Brainstorm: Steps, Techniques and Examples",
  year         = "2025",
  url          = "https://www.indeed.com/career-advice/career-development/how-to-brainstorm",
  note         = "Accessed: 2025-02-05"
}

@misc{sh_for_cr,
  author       = "{The Writing Center, University of Wisconsin-Madison}",
  title        = "Close Reading",
  year         = "2025",
  url          = "https://writing.wisc.edu/handbook/closereading/",
  note         = "Accessed: 2025-02-05"
}

@article{erd,
  author    = {Oluwadamilola, Oyetola and Okubanjo, Ayodeji and Olaluwoye, Olawale},
  title     = {A Secure Students Attendance Monitoring System},
  year      = {2017},
  journal = {Journal of Engineering and Technology},
  volume = {2},
  number = {2}
}

@article{wickett,
author = {Karen M. Wickett},
title = {Critical data modeling and the basic representation model},
journal = {J Assoc Inf Sci Technol},
year = {2023}
}

@inproceedings{kinnee,
author = {Kinnee, Brian and Desjardins, Audrey and Rosner, Daniela},
title = {Autospeculation: Reflecting on the intimate and imaginative capacities of data analysis},
year = {2023},
booktitle = {ACM CHI},
articleno = {151},
numpages = {10}
}

@article{amoore,
author = {Louise Amoore and Alexander Campolo and Benjamin Jacobsen and Ludovico Rella},
title ={Machine learning, meaning making: On reading computer science texts},
journal = {Big Data \& Society},
volume = {10},
number = {1},
year = {2023}
}

@article{poirier,
author = {Lindsay Poirier},
title ={Reading datasets: Strategies for interpreting the politics of data signification},
journal = {Big Data \& Society},
volume = {8},
number = {2},
year = {2021}
}

@inproceedings{dangol,
author = {Dangol, Aayushi and Dasgupta, Sayamindu},
title = {Constructionist approaches to critical data literacy: A review},
year = {2023},
booktitle = {ACM IDC},
pages = {112–123},
}

@article{storey,
author = {Storey, Veda C. and Lukyanenko, Roman and Castellanos, Arturo},
title = {Conceptual modeling: Topics, themes, and technology trends},
year = {2023},
volume = {55},
journal = {ACM Comput. Surv.},
articleno = {317}
}

@article{akoka,
title = {Unraveling the foundations and the evolution of conceptual modeling—Intellectual structure, current themes, and trajectories},
journal = {Data \& Knowledge Engineering},
volume = {154},
pages = {102351},
year = {2024},
author = {Jacky Akoka and Isabelle Comyn-Wattiau and Nicolas Prat and Veda C. Storey}
}

@article{simsion,
title = {Data modeling: Description or design?},
journal = {Information \& Management},
volume = {49},
number = {3},
pages = {151-163},
year = {2012},
author = {Graeme Simsion and Simon K. Milton and Graeme Shanks}
}

@inproceedings{LukyanenkoBSP023,
  author       = {Roman Lukyanenko and
                  Dominik Bork and
                  Veda C. Storey and
                  Jeffrey Parsons and
                  Oscar Pastor},
  title        = {Inclusive conceptual modeling: Diversity, equity, involvement, and
                  belonging in conceptual modeling},
  booktitle    = {{ER} Forum}, 
  year         = {2023}
}

@article{yun2021,
author = {Yun, Wei and Zhang, Xuan and Li, Zhudong and Liu, Hui and Han, Mengting},
title = {Knowledge modeling: A survey of processes and techniques},
year = {2021},
volume = {36},
number = {4},
journal = {Int. J. Intell. Syst.},
pages = {1686–1720}
}

@inproceedings{valdivia,
author = {Valdivia, Ana and Tazzioli, Martina},
title = {Datafication genealogies beyond algorithmic fairness: Making up racialised subjects},
year = {2023},
booktitle = {ACM FAccT},
pages = {840–850}
}

@book{wiggins,
    author = {Chris Wiggins and Matthew L. Jones},
    title = {How data happened},
    publisher = {W. W. Norton and Co.},
    year = {2023}
}

@article{penn,
author       = {Penn, Jonnie},
title        = {Animo Nullius: On AI’s origin story and a data colonial doctrine of discovery},
journal      = {BJHS Themes},
volume       = {8},
pages        = {19-34},
year         = {2023}
}

@article{whittaker,
author       = {Meredith Whittaker},
title        = {Origin stories: plantations, computers, and industrial control},
journal      = {Logic(s)},
volume       = {19},
year         = {2023}
}

@misc{onuoha,
author = {Mimi \d{O}n\d{u}\d{o}ha},
title = {On missing data sets},
howpublished = {https://github.com/MimiOnuoha/missing-datasets},
year         = {2016}
}

@book{azoulay,
    author = {Ariella{~}Aïsha Azoulay},
    title = {Potential history: Unlearning imperialism},
    publisher = {Verso},
    year = {2019}
}

@article{Leonelli2015,
	author = {Sabina Leonelli},
	journal = {Philosophy of Science},
	number = {5},
	pages = {810--821},
	title = {What counts as scientific data? A relational framework},
	volume = {82},
	year = {2015}
}

@article{bopp,
author = {Bopp, Chris and Benjamin, Lehn M. and Voida, Amy},
title = {The coerciveness of the primary key: Infrastructure problems in human services work},
year = {2019},
volume = {3},
number = {CSCW},
journal = {Proc. ACM Hum.-Comput. Interact.},
articleno = {51}
}

@article{maleve,
author       = {Nicolas Malevé},
title        = {On the data set’s ruins},
journal      = {AI and Society},
volume       = {36},
pages        = {1117–1131},
year         = {2021}
}

@misc{parrish,
    author = {Allison Parrish},
    title = {Programming is forgetting},
    year = {2016},
    note = {Keynote, Open Hardware Summit 2016},
    howpublished = {http://opentranscripts.org/transcript/programming-forgetting-new-hacker-ethic/}
}

@book{becker,
    author = {Christoph Becker},
    title = {Insolvent},
    publisher = {MIT Press},
    year = {2023}
}

@book{costanza,
    author = {Sasha Costanza-Chock},
    title = {Design justice},
    publisher = {MIT Press},
    year = {2020}
}

@book{eubanks,
    author = {Virginia Eubanks},
    title = {Automating inequality},
    publisher = {St Martin’s Press},
    year = {2018}
}
  
@phdthesis{stevens,
    author = {Nikki Lane Stevens},
    title = {Modeling power: data models and the production of social inequality},
    school = {Arizona State University},
    year = {2022}
}
  
@article{LewinskiBS24,
  author       = {Kai von{~}Lewinski and
                  Michael Beurskens and
                  Stefanie Scherzinger},
  title        = {Data modelling as a means of power: At the legal and computer science
                  crossroads},
  journal      = {Comput. Law Secur. Rev.},
  volume       = {52},
  pages        = {105865},
  year         = {2024}
}

@book{biopower,
    editor = {Holly Randell-Moon and Ryan Tippet},
    title = {Security, race, biopower: Essays on technology and corporeality},
    publisher = {Palgrave Macmillan},
    year = {2016}
}
  
@article{bode,
    author = {Bode, Katherine and Goodlad, Lauren M. E.},
    title = "{Data worlds: An introduction}",
    journal = {Critical AI},
    volume = {1},
    number = {1-2},
    year = {2023}
}

@inproceedings{Feinberg17,
  author       = {Melanie Feinberg},
  title        = {A design perspective on data},
  booktitle    = {{CHI}},
  pages        = {2952--2963},
  publisher    = {{ACM}},
  year         = {2017}
}

@article{melanieSlow,
  author       = {Melanie Feinberg},
  title        = {Reading databases: slow information interactions beyond the retrieval paradigm},
journal = {Journal of Documentation},
volume = {73},
number = {2},
pages = {336-356},
  year         = {2017}
}

@article{shaw,
author = {Shaw, Ryan},
title = {Conceptual modeling as language design},
journal = {J Assoc Inf Sci Technol},
year = {2023}
}

@inproceedings{sherman,
author = {Sherman, Jihan and Morrison, Romi and Klein, Lauren and Rosner, Daniela},
title = {The power of absence: Thinking with archival theory in algorithmic design},
year = {2024},
booktitle = {ACM DIS},
pages = {214–223}
}   

@inproceedings{hermans,
author = {Hermans, Felienne and Schlesinger, Ari}, 
title = {A case for feminism in programming language design}, 
year = {2024}, 
booktitle = {ACM SIGPLAN Onward!},
pages = {205–222}
}

@inproceedings{muller,
author = {Muller, Michael and Lange, Ingrid and Wang, Dakuo and Piorkowski, David and Tsay, Jason and Liao, Q. Vera and Dugan, Casey and Erickson, Thomas},
title = {How data science workers work with data: Discovery, capture, curation, design, creation},
year = {2019},
booktitle = {ACM CHI},
pages = {1–15},
}


@book{ansorge,
    author = {Josef Ansorge},
    title = {Identify and sort},
    publisher = {Hurst and Co.},
    year = {2016}
}

@book{weizenbaum,
    author = {Joseph Weizenbaum},
    title = {Computer power and human reason},
    publisher = {W. H. Freeman and Co.},
    year = {1976}
}
   
@book{benjamin,
    author = {Ruha Benjamin},
    title = {Race after technology},
    publisher = {Polity},
    year = {2019}
}
  
@book{couldry,
    author = {Nick Couldry and Ulises A. Mejias},
    title = {The costs of connection},
    publisher = {Stanford University Press},
    year = {2019}
}

@book{datajourney,
    editor = {Sabina Leonelli and Niccolò Tempini}, 
    title = {Data journeys in the sciences},
    publisher = {Springer},
    year = {2020}
}

@article{martin,
author = {Aaron Martin and Linnet Taylor},
title = {Exclusion and inclusion in identification: regulation, displacement and data justice},
journal = {Information Technology for Development},
volume = {27},
number = {1},
pages = {50--66},
year = {2021}
}

@book{sorting,
    author = {Geoffrey C. Bowker and Susan Leigh Star},
    title = {Sorting things out},
    publisher = {MIT Press},
    year = {1999}
}

@book{abedjan,
  author       = {Ziawasch Abedjan and
                  Lukasz Golab and
                  Felix Naumann and
                  Thorsten Papenbrock},
  title        = {Data profiling},
  series       = {Synthesis Lectures on Data Management},
  publisher    = {Morgan {\&} Claypool Publishers},
  year         = {2018}
}


@book{downey,
    author = {Allen Downey},
    title = {Think Stats: Exploratory data analysis, 2nd Ed},
    publisher = {O'Reilly},
    year = {2014}
}

@book{feinberg,
    author = {Melanie Feinberg},
    title = {Everday adventures with unruly data},
    publisher = {MIT Press},
    year = {2022}
}

@book{frank,
    editor = {Frank Lentricchia and Andrew DuBois},
    title = {Close reading: The reader},
    publisher = {Duke UP},
    year = {2003}
}


@book{silberschatz,
    author = {Avi Silberschatz and Henry F. Korth and S. Sudarshan},
    title = {Database System Concepts, Seventh Edition},
    publisher = {McGraw-Hill},
    year = {2019}
}
@book{foucault,
    author = {Michel Foucault},
    title = {Power/Knowledge: Selected interviews and other writings 1972-1977, C. Gordon (Ed.)},
    publisher = {Pantheon Books},
    year = {1980}
}

@book{dourish,
    author = {Paul Dourish},
    title = {The stuff of bits},
    publisher = {MIT Press},
    year = {2017}
}

@article{Smith85,
  author       = {Brian Cantwell Smith},
  title        = {The limits of correctness},
  journal      = {{SIGCAS} Comput. Soc.},
  volume       = {14-15},
  number       = {4, 1-3},
  pages        = {18--26},
  year         = {1985}
}

@inproceedings{SambasivanKHAPA21,
  author       = {Nithya Sambasivan and
                  Shivani Kapania and
                  Hannah Highfill and
                  Diana Akrong and
                  Praveen K. Paritosh and
                  Lora Aroyo},
  title        = {"Everyone wants to do the model work, not the data work": Data cascades in high-stakes {AI}},
  booktitle    = {{CHI}},
  pages        = {39:1--39:15},
  year         = {2021}
}

@article{hogan,
    author = {Hogan, Mél},
    title = "{The fumes of AI}",
    journal = {Critical AI},
    volume = {2},
    number = {1},
    year = {2024},
    month = {04}
}