@inproceedings{YadavZ22,
  author       = {Sarthak Yadav and
                  Neil Zeghidour},
  title        = {Learning neural audio features without supervision},
  booktitle    = {Proc. INTERSPEECH},
  pages        = {396--400},
  year         = {2022}
}

@inproceedings{anderson2023learnable,
  title={Learnable Frontends That Do Not Learn: Quantifying Sensitivity To Filterbank Initialisation},
  author={Anderson, Mark and Kinnunen, Tomi and Harte, Naomi},
  booktitle={Proc. IEEE International Conference on Acoustics, Speech and Signal Processing (ICASSP)},
  pages={1--5},
  year={2023}
}

@article{audiomae,
  title={Masked autoencoders that listen},
  author={Huang, Po-Yao and Xu, Hu and Li, Juncheng and Baevski, Alexei and Auli, Michael and Galuba, Wojciech and Metze, Florian and Feichtenhofer, Christoph},
  journal={Advances in Neural Information Processing Systems},
  volume={35},
  pages={28708--28720},
  year={2022}
}

@article{byol,
  title={BYOL for Audio: Exploring Pre-trained General-purpose Audio Representations},
  author={Niizumi, Daisuke and Takeuchi, Daiki and Ohishi, Yasunori and Harada, Noboru and Kashino, Kunio},
  journal={IEEE/ACM Transactions on Audio, Speech, and Language Processing},
  volume={31},
  pages={137--151},
  year={2022}
}

@inproceedings{chen2023beats,
  title={BEATs: Audio Pre-Training with Acoustic Tokenizers},
  author={Chen, Sanyuan and Wu, Yu and Wang, Chengyi and Liu, Shujie and Tompkins, Daniel and Chen, Zhuo and Che, Wanxiang and Yu, Xiangzhan and Wei, Furu},
  booktitle={International Conference on Machine Learning},
  pages={5178--5193},
  year={2023},
  organization={PMLR}
}

@inproceedings{dinkel2017end,
  title={{End-to-end spoofing detection with raw waveform CLDNNS}},
  author={Dinkel, Heinrich and Chen, Nanxin and Qian, Yanmin and Yu, Kai},
  booktitle={Proc. IEEE International Conference on Acoustics, Speech and Signal Processing (ICASSP)},
  pages={4860--4864},
  year={2017}
}

@inproceedings{gauss,
  title={A deep neural network integrated with filterbank learning for speech recognition},
  author={Seki, Hiroshi and Yamamoto, Kazumasa and Nakagawa, Seiichi},
  booktitle={Proc. IEEE International Conference on Acoustics, Speech and Signal Processing (ICASSP)},
  pages={5480--5484},
  year={2017}
}

@inproceedings{gong2022ssast,
  title={{SSAST}: Self-supervised audio spectrogram transformer},
  author={Gong, Yuan and Lai, Cheng-I and Chung, Yu-An and Glass, James},
  booktitle={Proceedings of the AAAI Conference on Artificial Intelligence},
  volume={36},
  number={10},
  pages={10699--10709},
  year={2022}
}

@inproceedings{gong21b_interspeech,
  author={Yuan Gong and Yu-An Chung and James Glass},
  title={{AST: Audio Spectrogram Transformer}},
  year=2021,
  booktitle={Proc. INTERSPEECH 2021},
  pages={571--575},
  doi={10.21437/Interspeech.2021-698}
}

@inproceedings{hoshen2015speech,
  title={Speech acoustic modeling from raw multichannel waveforms},
  author={Hoshen, Yedid and Weiss, Ron J and Wilson, Kevin W},
  booktitle={Proc. IEEE International Conference on Acoustics, Speech and Signal Processing (ICASSP)},
  pages={4624--4628},
  year={2015}
}

@article{hubert,
  title={Hubert: Self-supervised speech representation learning by masked prediction of hidden units},
  author={Hsu, Wei-Ning and Bolte, Benjamin and Tsai, Yao-Hung Hubert and Lakhotia, Kushal and Salakhutdinov, Ruslan and Mohamed, Abdelrahman},
  journal={IEEE/ACM Transactions on Audio, Speech, and Language Processing},
  volume={29},
  pages={3451--3460},
  year={2021}
}

@inproceedings{jaitly2011learning,
  title={Learning a better representation of speech soundwaves using restricted boltzmann machines},
  author={Jaitly, Navdeep and Hinton, Geoffrey},
  booktitle={Proc. IEEE International Conference on Acoustics, Speech and Signal Processing (ICASSP)},
  pages={5884--5887},
  year={2011}
}

@inproceedings{leaf,
  title={{LEAF: A Learnable Frontend for Audio Classification}},
  author={Zeghidour, Neil and Teboul, Olivier and de Chaumont Quitry, F{\'e}lix and Tagliasacchi, Marco},
  booktitle={Proc. ICLR},
  year={2022}
}

@inproceedings{meng23c_interspeech,
  author={Hanyu Meng and Vidhyasaharan Sethu and Eliathamby Ambikairajah},
  title={{What is Learnt by the LEArnable Front-end (LEAF)? Adapting Per-Channel Energy Normalisation (PCEN) to Noisy Conditions}},
  year=2023,
  booktitle={Proc. INTERSPEECH},
  pages={2898--2902}
}

@inproceedings{palaz2013estimating,
  title={Estimating Phoneme Class Conditional Probabilities from Raw Speech Signal using Convolutional Neural Networks},
  author={Palaz, Dimitri and Collobert, Ronan and Doss, Mathew Magimai-},
  booktitle={Proceedings of INTERSPEECH},
  pages={1766--1770},
  year={2013}
}

@inproceedings{sainath15_interspeech,
  author={Tara N. Sainath and Ron J. Weiss and Andrew Senior and Kevin W. Wilson and Oriol Vinyals},
  title={{Learning the speech front-end with raw waveform CLDNNs}},
  year=2015,
  booktitle={Proc. INTERSPEECH},
  pages={1--5}
}

@inproceedings{sainath2013learning,
  title={Learning filter banks within a deep neural network framework},
  author={Sainath, Tara N and Kingsbury, Brian and Mohamed, Abdel-rahman and Ramabhadran, Bhuvana},
  booktitle={Proc. IEEE Workshop on Automatic Speech Recognition and Understanding (ASRU)},
  pages={297--302},
  year={2013}
}

@inproceedings{senet,
  title={Squeeze-and-excitation networks},
  author={Hu, Jie and Shen, Li and Sun, Gang},
  booktitle={Proc. CVPR},
  pages={7132--7141},
  year={2018}
}

@INPROCEEDINGS{sincnet,
  author={Ravanelli, Mirco and Bengio, Yoshua},
  booktitle={Proc. IEEE Spoken Language Technology Workshop (SLT)}, 
  title={Speaker Recognition from Raw Waveform with SincNet}, 
  year={2018},
  pages={1021-1028}
  }

@article{wav2vec2,
  title={wav2vec 2.0: A framework for self-supervised learning of speech representations},
  author={Baevski, Alexei and Zhou, Yuhao and Mohamed, Abdelrahman and Auli, Michael},
  journal={Advances in neural information processing systems},
  volume={33},
  pages={12449--12460},
  year={2020}
}

@article{wavlm,
  title={Wavlm: Large-scale self-supervised pre-training for full stack speech processing},
  author={Chen, Sanyuan and Wang, Chengyi and Chen, Zhengyang and Wu, Yu and Liu, Shujie and Chen, Zhuo and Li, Jinyu and Kanda, Naoyuki and Yoshioka, Takuya and Xiao, Xiong and others},
  journal={IEEE Journal of Selected Topics in Signal Processing},
  volume={16},
  number={6},
  pages={1505--1518},
  year={2022}
}

@phdthesis{wickramasinghe2021replay,
  title={Replay detection in voice biometrics: an investigation of adaptive and non-adaptive front-ends},
  author={Wickramasinghe, Buddhi},
  year={2021},
  school={UNSW Sydney}
}

@article{wickramasinghe2023dnn,
  title={DNN Controlled Adaptive Front-end for Replay Attack Detection Systems},
  author={Wickramasinghe, Buddhi and Ambikairajah, Eliathamby and Sethu, Vidhyasaharan and Epps, Julien and Li, Haizhou and Dang, Ting},
  journal={Speech Communication},
  pages={102973},
  year={2023},
  publisher={Elsevier}
}

@inproceedings{won2020data,
  title={Data-driven harmonic filters for audio representation learning},
  author={Won, Minz and Chun, Sanghyuk and Nieto, Oriol and Serrc, Xavier},
  booktitle={Proc. IEEE International Conference on Acoustics, Speech and Signal Processing (ICASSP)},
  pages={536--540},
  year={2020}
}

@inproceedings{zeghidour2018learning,
  title={Learning filterbanks from raw speech for phone recognition},
  author={Zeghidour, Neil and Usunier, Nicolas and Kokkinos, Iasonas and Schaiz, Thomas and Synnaeve, Gabriel and Dupoux, Emmanuel},
  booktitle={Proc. IEEE International Conference on Acoustics, Speech and Signal Processing (ICASSP)},
  pages={5509--5513},
  year={2018}
}

