@article{Davis80-COP,
	Author = {Steven B. Davis and Paul Mermelstein},
	Journal = {IEEE Transactions on Acoustics, Speech and Signal Processing},
	Number = {4},
	Pages = {357--366},
	Title = {Comparison of Parametric Representations for Monosyllabic Word Recognition in Continuously Spoken Sentences},
	Volume = {28},
  Month = aug,
	Year = {1980}}

@article{Rabiner89-ATO,
	Author = {Lawrence R. Rabiner},
	Journal = {Proceedings of the IEEE},
	Number = {2},
	Pages = {257--286},
	Title = {A Tutorial on Hidden {Markov} Models and Selected Applications in Speech Recognition},
	Volume = {77},
  Month = feb,
	Year = {1989}}
@inproceedings{lin23c_interspeech,
  author={Xiaoyu Lin and Simon Leglaive and Laurent Girin and Xavier Alameda-Pineda},
  title={{Unsupervised speech enhancement with deep dynamical generative speech and noise models}},
  year=2023,
  booktitle={Proc. INTERSPEECH},
  pages={5102--5106}
}
@ARTICLE{PNCC,
  author={Kim, Chanwoo and Stern, Richard M.},
  journal={IEEE/ACM Transactions on Audio, Speech, and Language Processing}, 
  title={Power-Normalized Cepstral Coefficients (PNCC) for Robust Speech Recognition}, 
  year={2016},
  volume={24},
  number={7},
  pages={1315-1329}
}
@INPROCEEDINGS{9414177,
  author={Hao, Xiang and Su, Xiangdong and Horaud, Radu and Li, Xiaofei},
  booktitle={Proc. IEEE International Conference on Acoustics, Speech and Signal Processing (ICASSP)}, 
  title={Fullsubnet: A Full-Band and Sub-Band Fusion Model for Real-Time Single-Channel Speech Enhancement}, 
  year={2021},
  pages={6633-6637}
}
@ARTICLE{zcpa,
  author={Doh-Suk Kim and Soo-Young Lee and Kil, R.M.},
  journal={IEEE Transactions on Speech and Audio Processing}, 
  title={Auditory processing of speech signals for robust speech recognition in real-world noisy environments}, 
  year={1999},
  volume={7},
  number={1},
  pages={55-69}
}
@inproceedings{zheng2021interactive,
  title={Interactive speech and noise modeling for speech enhancement},
  author={Zheng, Chengyu and Peng, Xiulian and Zhang, Yuan and Srinivasan, Sriram and Lu, Yan},
  booktitle={Proceedings of the AAAI conference on artificial intelligence},
  volume={35},
  number={16},
  pages={14549--14557},
  year={2021}
}

@InProceedings{chen23ag,
  title = {{BEAT}s: Audio Pre-Training with Acoustic Tokenizers},
  author = {Chen, Sanyuan and Wu, Yu and Wang, Chengyi and Liu, Shujie and Tompkins, Daniel and Chen, Zhuo and Che, Wanxiang and Yu, Xiangzhan and Wei, Furu},
  booktitle = {Proc. ICML},
  pages = {5178--5193},
  year = 	{2023}
}
@article{nam2018deep,
  title={Deep learning for audio-based music classification and tagging: Teaching computers to distinguish rock from bach},
  author={Nam, Juhan and Choi, Keunwoo and Lee, Jongpil and Chou, Szu-Yu and Yang, Yi-Hsuan},
  journal={IEEE signal processing magazine},
  volume={36},
  number={1},
  pages={41--51},
  year={2018}
}
@inproceedings{shor2020towards,
  title={Towards Learning a Universal Non-Semantic Representation of Speech},
  author={Shor, Joel and Jansen, Aren and Lang, Oran and Tuval, Omry and de Chaumont Quitry, F{\'e}lix and Tagliasacchi, Marco and Emanuel, Dotan},
  booktitle={Proc. INTERSPEECH},
  year={2020}
}
@article{niizumi2024masked,
  title={Masked Modeling Duo: Towards a Universal Audio Pre-Training Framework},
  author={Niizumi, Daisuke and Takeuchi, Daiki and Ohishi, Yasunori and Harada, Noboru and Kashino, Kunio},
  journal={IEEE/ACM Transactions on Audio, Speech, and Language Processing},
  year={2024},
  publisher={IEEE}
}
@article{atito2024asit,
  title={ASiT: Local-Global Audio Spectrogram vIsion Transformer for Event Classification},
  author={Atito, Sara and Awais, Muhammad and Wang, Wenwu and Plumbley, Mark D and Kittler, Josef},
  journal={IEEE/ACM Transactions on Audio, Speech, and Language Processing},
  year={2024},
  publisher={IEEE}
}
@inproceedings{chen2023beats,
  title={BEATs: Audio Pre-Training with Acoustic Tokenizers},
  author={Chen, Sanyuan and Wu, Yu and Wang, Chengyi and Liu, Shujie and Tompkins, Daniel and Chen, Zhuo and Che, Wanxiang and Yu, Xiangzhan and Wei, Furu},
  booktitle={International Conference on Machine Learning},
  pages={5178--5193},
  year={2023},
  organization={PMLR}
}
@book{Hastie09-TEO,
	Address = {New York},
	Author = {Trevor Hastie and Robert Tibshirani and Jerome Friedman},
	Publisher = {Springer},
	Title = {The Elements of Statistical Learning -- Data Mining, Inference, and Prediction},
	Year = {2009}}
@inproceedings{esc50,
  title={{ESC: Dataset for environmental sound classification}},
  author={Piczak, Karol J},
  booktitle={Proceedings of ACM international conference on Multimedia},
  pages={1015--1018},
  year={2015}
}
@ARTICLE{tmm15,
  author={Kereliuk, Corey and Sturm, Bob L. and Larsen, Jan},
  journal={IEEE Transactions on Multimedia}, 
  title={Deep Learning and Music Adversaries}, 
  year={2015},
  volume={17},
  number={11},
  pages={2059-2071}
  }
@article{gtzan,
  author       = {Bob L. Sturm},
  title        = {The {GTZAN} dataset: Its contents, its faults, their effects on evaluation,
                  and its future use},
  journal      = {CoRR},
  volume       = {abs/1306.1461},
  year         = {2013},
  url          = {http://arxiv.org/abs/1306.1461},
  eprinttype    = {arXiv},
  eprint       = {1306.1461}
}
@inproceedings{kazemnejad2023impact,
  title={The Impact of Positional Encoding on Length Generalization in Transformers},
  author={Kazemnejad, Amirhossein and Padhi, Inkit and Ramamurthy, Karthikeyan Natesan and Das, Payel and Reddy, Siva},
  Booktitle = {Proc. {NeurIPS}},
  year={2023}
}

@InProceedings{pmlr-v202-ray-chowdhury23b,
  title = 	 {Monotonic Location Attention for Length Generalization},
  author =       {Ray Chowdhury, Jishnu and Caragea, Cornelia},
  booktitle = 	 {Proc. International Conference on Machine Learning (ICML)},
  pages = 	 {28792--28808},
  year = 	 {2023}
}

@inproceedings{Smith22-XXX,
	Author = {Jane Smith and Firstname2 Lastname2 and Firstname3 Lastname3},
	Pages = {100--104},
	Title = {A really good paper about {D}ynamic {T}ime {W}arping},
 	Booktitle = {Proc. {INTERSPEECH} 2022 -- 23\textsuperscript{rd} Annual Conference of the International Speech Communication Association},
    Address = {{Incheon, Korea}},
    Month = {{Sep.}},
	Year = {2022}}

 % use the Crossref field to copy any unspecified fields (such as booktitle) from another entry, 
@inproceedings{Jones22-XXX,
	Author = {Robert Jones and Firstname2 Lastname2 and Firstname3 Lastname3},
	Crossref = {Smith22-XXX},
	Pages = {105--109},
	Title = {An excellent paper introducing the {ABC} toolkit}}

@inproceedings{moore19_interspeech,
  author={Roger K. Moore and Lucy Skidmore},
  title={On the Use/Misuse of the Term {`Phoneme'}},
   Address = {{Graz, Austria}},
   Month = {{Sep.}},
  year=2019,
  Booktitle = {Proc. {INTERSPEECH}},
  pages={2340--2344}
}
@inproceedings{fma,
  author       = {Micha{\"{e}}l Defferrard and
                  Kirell Benzi and
                  Pierre Vandergheynst and
                  Xavier Bresson},
  editor       = {Sally Jo Cunningham and
                  Zhiyao Duan and
                  Xiao Hu and
                  Douglas Turnbull},
  title        = {{FMA:} {A} Dataset for Music Analysis},
  booktitle    = {Proc. of International Society for Music Information
                  Retrieval Conference, {ISMIR}},
  pages        = {316--323},
  year         = {2017}
}
@INPROCEEDINGS{asr2015,
  author={Senior, Andrew and Sak, Haşim and de Chaumont Quitry, Félix and Sainath, Tara and Rao, Kanishka},
  booktitle={Proc. IEEE Workshop on Automatic Speech Recognition and Understanding (ASRU)}, 
  title={Acoustic modelling with CD-CTC-SMBR LSTM RNNS}, 
  year={2015},
  pages={604-609}
  }
@article{byol,
  title={BYOL for Audio: Exploring Pre-trained General-purpose Audio Representations},
  author={Niizumi, Daisuke and Takeuchi, Daiki and Ohishi, Yasunori and Harada, Noboru and Kashino, Kunio},
  journal={IEEE/ACM Transactions on Audio, Speech, and Language Processing},
  volume={31},
  pages={137--151},
  year={2022}
}
@inproceedings{senet,
  title={Squeeze-and-excitation networks},
  author={Hu, Jie and Shen, Li and Sun, Gang},
  booktitle={Proc. CVPR},
  pages={7132--7141},
  year={2018}
}
@INPROCEEDINGS{sincnet,
  author={Ravanelli, Mirco and Bengio, Yoshua},
  booktitle={Proc. IEEE Spoken Language Technology Workshop (SLT)}, 
  title={Speaker Recognition from Raw Waveform with SincNet}, 
  year={2018},
  pages={1021-1028}
  }
@INPROCEEDINGS{phonereg,
  author={Zeghidour, Neil and Usunier, Nicolas and Kokkinos, Iasonas and Schaiz, Thomas and Synnaeve, Gabriel and Dupoux, Emmanuel},
  booktitle={Proc. IEEE International Conference on Acoustics, Speech and Signal Processing (ICASSP)}, 
  title={Learning Filterbanks from Raw Speech for Phone Recognition}, 
  year={2018},
  pages={5509-5513}
  }
@article{anden2014deep,
  title={Deep scattering spectrum},
  author={And{\'e}n, Joakim and Mallat, St{\'e}phane},
  journal={IEEE Transactions on Signal Processing},
  volume={62},
  number={16},
  pages={4114--4128},
  year={2014},
  publisher={IEEE}
}
@inproceedings{gauss,
  title={A deep neural network integrated with filterbank learning for speech recognition},
  author={Seki, Hiroshi and Yamamoto, Kazumasa and Nakagawa, Seiichi},
  booktitle={Proc. IEEE International Conference on Acoustics, Speech and Signal Processing (ICASSP)},
  pages={5480--5484},
  year={2017}
}
@inproceedings{jaitly2011learning,
  title={Learning a better representation of speech soundwaves using restricted boltzmann machines},
  author={Jaitly, Navdeep and Hinton, Geoffrey},
  booktitle={Proc. IEEE International Conference on Acoustics, Speech and Signal Processing (ICASSP)},
  pages={5884--5887},
  year={2011}
}
@inproceedings{won2020data,
  title={Data-driven harmonic filters for audio representation learning},
  author={Won, Minz and Chun, Sanghyuk and Nieto, Oriol and Serrc, Xavier},
  booktitle={Proc. IEEE International Conference on Acoustics, Speech and Signal Processing (ICASSP)},
  pages={536--540},
  year={2020}
}
@article{lostanlen2018per,
  title={Per-channel energy normalization: Why and how},
  author={Lostanlen, Vincent and Salamon, Justin and Cartwright, Mark and McFee, Brian and Farnsworth, Andrew and Kelling, Steve and Bello, Juan Pablo},
  journal={IEEE Signal Processing Letters},
  volume={26},
  number={1},
  pages={39--43},
  year={2018},
  publisher={IEEE}
}
@inproceedings{wang2017trainable,
  title={Trainable frontend for robust and far-field keyword spotting},
  author={Wang, Yuxuan and Getreuer, Pascal and Hughes, Thad and Lyon, Richard F and Saurous, Rif A},
  booktitle={Proc. IEEE International Conference on Acoustics, Speech and Signal Processing (ICASSP)},
  pages={5670--5674},
  year={2017}
}
@article{wav2vec2,
  title={wav2vec 2.0: A framework for self-supervised learning of speech representations},
  author={Baevski, Alexei and Zhou, Yuhao and Mohamed, Abdelrahman and Auli, Michael},
  journal={Advances in neural information processing systems},
  volume={33},
  pages={12449--12460},
  year={2020}
}
@inproceedings{librispeech,
  title={Librispeech: an asr corpus based on public domain audio books},
  author={Panayotov, Vassil and Chen, Guoguo and Povey, Daniel and Khudanpur, Sanjeev},
  booktitle={Proc. IEEE International Conference on Acoustics, Speech and Signal Processing (ICASSP)},
  pages={5206--5210},
  year={2015}
}
@inproceedings{anderson2023learnable,
  title={Learnable Frontends That Do Not Learn: Quantifying Sensitivity To Filterbank Initialisation},
  author={Anderson, Mark and Kinnunen, Tomi and Harte, Naomi},
  booktitle={Proc. IEEE International Conference on Acoustics, Speech and Signal Processing (ICASSP)},
  pages={1--5},
  year={2023}
}
@article{conformer,
  title={Conformer: Convolution-augmented Transformer for Speech Recognition},
  author={Gulati, Anmol and Qin, James and Chiu, Chung-Cheng and Parmar, Niki and Zhang, Yu and Yu, Jiahui and Han, Wei and Wang, Shibo and Zhang, Zhengdong and Wu, Yonghui and others},
  journal={Proc. INTERSPEECH 2020},
  pages={5036--5040},
  year={2020}
}
@article{kong2020panns,
  title={{PANNs: Large-scale pretrained audio neural networks for audio pattern recognition}},
  author={Kong, Qiuqiang and Cao, Yin and Iqbal, Turab and Wang, Yuxuan and Wang, Wenwu and Plumbley, Mark D},
  journal={IEEE/ACM Transactions on Audio, Speech, and Language Processing},
  volume={28},
  pages={2880--2894},
  year={2020}
}
@inproceedings{audioset,
  title={Audio set: An ontology and human-labeled dataset for audio events},
  author={Gemmeke, Jort F and Ellis, Daniel PW and Freedman, Dylan and Jansen, Aren and Lawrence, Wade and Moore, R Channing and Plakal, Manoj and Ritter, Marvin},
  booktitle={Proc. IEEE International Conference on Acoustics, Speech and Signal Processing (ICASSP)},
  pages={776--780},
  year={2017}
}
@inproceedings{gong2022ssast,
  title={{SSAST}: Self-supervised audio spectrogram transformer},
  author={Gong, Yuan and Lai, Cheng-I and Chung, Yu-An and Glass, James},
  booktitle={Proceedings of the AAAI Conference on Artificial Intelligence},
  volume={36},
  number={10},
  pages={10699--10709},
  year={2022}
}
@inproceedings{mobilenetv2,
  title={{MobilenNetv2}: Inverted residuals and linear bottlenecks},
  author={Sandler, Mark and Howard, Andrew and Zhu, Menglong and Zhmoginov, Andrey and Chen, Liang-Chieh},
  booktitle={Proc. IEEE Conference on Computer Vision and Pattern Recognition},
  pages={4510--4520},
  year={2018}
}
@inproceedings{gong21b_interspeech,
  author={Yuan Gong and Yu-An Chung and James Glass},
  title={{AST: Audio Spectrogram Transformer}},
  year=2021,
  booktitle={Proc. INTERSPEECH 2021},
  pages={571--575},
  doi={10.21437/Interspeech.2021-698}
}
@INPROCEEDINGS{fe-ss,
  author={Pariente, Manuel and Cornell, Samuele and Deleforge, Antoine and Vincent, Emmanuel},
  booktitle={Proc. IEEE International Conference on Acoustics, Speech and Signal Processing (ICASSP)}, 
  title={Filterbank Design for End-to-end Speech Separation}, 
  year={2020},
  pages={6364-6368}
  }
@inproceedings{sainath15_interspeech,
  author={Tara N. Sainath and Ron J. Weiss and Andrew Senior and Kevin W. Wilson and Oriol Vinyals},
  title={{Learning the speech front-end with raw waveform CLDNNs}},
  year=2015,
  booktitle={Proc. INTERSPEECH},
  pages={1--5}
}
@inproceedings{hoshen2015speech,
  title={Speech acoustic modeling from raw multichannel waveforms},
  author={Hoshen, Yedid and Weiss, Ron J and Wilson, Kevin W},
  booktitle={Proc. IEEE International Conference on Acoustics, Speech and Signal Processing (ICASSP)},
  pages={4624--4628},
  year={2015}
}
@article{hubert,
  title={Hubert: Self-supervised speech representation learning by masked prediction of hidden units},
  author={Hsu, Wei-Ning and Bolte, Benjamin and Tsai, Yao-Hung Hubert and Lakhotia, Kushal and Salakhutdinov, Ruslan and Mohamed, Abdelrahman},
  journal={IEEE/ACM Transactions on Audio, Speech, and Language Processing},
  volume={29},
  pages={3451--3460},
  year={2021}
}
@inproceedings{wang2022towards,
  title={Towards learning universal audio representations},
  author={Wang, Luyu and Luc, Pauline and Wu, Yan and Recasens, Adria and Smaira, Lucas and Brock, Andrew and Jaegle, Andrew and Alayrac, Jean-Baptiste and Dieleman, Sander and Carreira, Joao and others},
  booktitle={Proc. IEEE International Conference on Acoustics, Speech and Signal Processing (ICASSP)},
  pages={4593--4597},
  year={2022}
}
@inproceedings{zeghidour2018learning,
  title={Learning filterbanks from raw speech for phone recognition},
  author={Zeghidour, Neil and Usunier, Nicolas and Kokkinos, Iasonas and Schaiz, Thomas and Synnaeve, Gabriel and Dupoux, Emmanuel},
  booktitle={Proc. IEEE International Conference on Acoustics, Speech and Signal Processing (ICASSP)},
  pages={5509--5513},
  year={2018}
}
@article{GSCv2,
  author    = {Pete Warden},
  title     = {Speech Commands: {A} Dataset for Limited-Vocabulary Speech Recognition},
  journal   = {CoRR},
  volume    = {abs/1804.03209},
  year      = {2018},
  eprinttype = {arXiv},
  eprint    = {1804.03209}
}
@inproceedings{Adam,
  author    = {Diederik P. Kingma and
               Jimmy Ba},
  title     = {Adam: {A} Method for Stochastic Optimization},
  booktitle = {Proc. {ICLR}},
  year      = {2015}
}
@inproceedings{WickramasingheA19,
  author    = {Buddhi Wickramasinghe and
               Eliathamby Ambikairajah and
               Julien Epps},
  title     = {Biologically Inspired Adaptive-Q Filterbanks for Replay Spoofing Attack Detection},
  booktitle = {Proc. INTERSPEECH},
  pages     = {2953--2957},
  year      = {2019}
}
@article{luo2019conv,
  title={Conv-tasnet: Surpassing ideal time--frequency magnitude masking for speech separation},
  author={Luo, Yi and Mesgarani, Nima},
  journal={IEEE/ACM Transactions on Audio, Speech, and Language processing},
  volume={27},
  number={8},
  pages={1256--1266},
  year={2019}
}
@inproceedings{conv15,
  author    = {Tara N. Sainath and
               Ron J. Weiss and
               Andrew W. Senior and
               Kevin W. Wilson and
               Oriol Vinyals},
  title     = {Learning the speech front-end with raw waveform CLDNNs},
  booktitle = {Proc. {INTERSPEECH}},
  pages     = {1--5},
  year      = {2015}
}
@INPROCEEDINGS{7178847,
  author={Hoshen, Yedid and Weiss, Ron J. and Wilson, Kevin W.},
  booktitle={Proc. IEEE International Conference on Acoustics, Speech and Signal Processing (ICASSP)}, 
  title={Speech acoustic modeling from raw multichannel waveforms}, 
  year={2015},
  pages={4624-4628}
  }
@inproceedings{leaf,
  title={{LEAF: A Learnable Frontend for Audio Classification}},
  author={Zeghidour, Neil and Teboul, Olivier and de Chaumont Quitry, F{\'e}lix and Tagliasacchi, Marco},
  booktitle={Proc. ICLR},
  year={2022}
}
@inproceedings{pariente2020filterbank,
  title={Filterbank design for end-to-end speech separation},
  author={Pariente, Manuel and Cornell, Samuele and Deleforge, Antoine and Vincent, Emmanuel},
  booktitle={Proc. IEEE International Conference on Acoustics, Speech and Signal Processing (ICASSP)},
  pages={6364--6368},
  year={2020}
}
@inproceedings{pitch,
  title={{Pitch-Adaptive Front-End Features for Robust Children's ASR.}},
  author={Shahnawazuddin, Syed and Dey, Abhishek and Sinha, Rohit},
  booktitle={Proc. INTERSPEECH},
  pages={3459--3463},
  year={2016}
}
@article{schneider2019wav2vec,
  title={wav2vec: Unsupervised pre-training for speech recognition},
  author={Schneider, Steffen and Baevski, Alexei and Collobert, Ronan and Auli, Michael},
  journal={arXiv preprint arXiv:1904.05862},
  year={2019}
}
@article{wavlm,
  title={Wavlm: Large-scale self-supervised pre-training for full stack speech processing},
  author={Chen, Sanyuan and Wang, Chengyi and Chen, Zhengyang and Wu, Yu and Liu, Shujie and Chen, Zhuo and Li, Jinyu and Kanda, Naoyuki and Yoshioka, Takuya and Xiao, Xiong and others},
  journal={IEEE Journal of Selected Topics in Signal Processing},
  volume={16},
  number={6},
  pages={1505--1518},
  year={2022}
}
@article{audiomae,
  title={Masked autoencoders that listen},
  author={Huang, Po-Yao and Xu, Hu and Li, Juncheng and Baevski, Alexei and Auli, Michael and Galuba, Wojciech and Metze, Florian and Feichtenhofer, Christoph},
  journal={Advances in Neural Information Processing Systems},
  volume={35},
  pages={28708--28720},
  year={2022}
}
@inproceedings{meng23c_interspeech,
  author={Hanyu Meng and Vidhyasaharan Sethu and Eliathamby Ambikairajah},
  title={{What is Learnt by the LEArnable Front-end (LEAF)? Adapting Per-Channel Energy Normalisation (PCEN) to Noisy Conditions}},
  year=2023,
  booktitle={Proc. INTERSPEECH},
  pages={2898--2902}
}
@inproceedings{YadavZ22,
  author       = {Sarthak Yadav and
                  Neil Zeghidour},
  title        = {Learning neural audio features without supervision},
  booktitle    = {Proc. INTERSPEECH},
  pages        = {396--400},
  year         = {2022}
}
@inproceedings{demucs,
  title={Real Time Speech Enhancement in the Waveform Domain},
  author={Defossez, Alexandre and Synnaeve, Gabriel and Adi, Yossi},
  booktitle={Proc. INTERSPEECH},
  pages={3291--3295},
  year={2020}
}
@article{davis1980comparison,
  title={Comparison of parametric representations for monosyllabic word recognition in continuously spoken sentences},
  author={Davis, Steven and Mermelstein, Paul},
  journal={IEEE Transactions on Acoustics, Speech, and Signal Processing},
  volume={28},
  number={4},
  pages={357--366},
  year={1980},
  publisher={IEEE}
}
@article{cremad,
  title={{CREMA-D: Crowd-sourced emotional multimodal actors dataset}},
  author={Cao, Houwei and Cooper, David G and Keutmann, Michael K and Gur, Ruben C and Nenkova, Ani and Verma, Ragini},
  journal={IEEE Transactions on Affective Computing},
  volume={5},
  number={4},
  pages={377--390},
  year={2014}
}
@article{iemocap,
  title={{IEMOCAP: Interactive emotional dyadic motion capture database}},
  author={Busso, Carlos and Bulut, Murtaza and Lee, Chi-Chun and Kazemzadeh, Abe and Mower, Emily and Kim, Samuel and Chang, Jeannette N and Lee, Sungbok and Narayanan, Shrikanth S},
  journal={Language resources and evaluation},
  volume={42},
  pages={335--359},
  year={2008},
  publisher={Springer}
}
@article{hudspeth2014integrating,
  title={Integrating the active process of hair cells with cochlear function},
  author={Hudspeth, AJ},
  journal={Nature Reviews Neuroscience},
  volume={15},
  number={9},
  pages={600--614},
  year={2014}
}
@inproceedings{superb,
  author={Shu-wen Yang and Po-Han Chi and Yung-Sung Chuang and Cheng-I Jeff Lai and Kushal Lakhotia and Yist Y. Lin and Andy T. Liu and Jiatong Shi and Xuankai Chang and Guan-Ting Lin and Tzu-Hsien Huang and Wei-Cheng Tseng and Ko-tik Lee and Da-Rong Liu and Zili Huang and Shuyan Dong and Shang-Wen Li and Shinji Watanabe and Abdelrahman Mohamed and Hung-yi Lee},
  title={{SUPERB: Speech Processing Universal PERformance Benchmark}},
  year=2021,
  booktitle={Proc. INTERSPEECH 2021},
  pages={1194--1198},
  doi={10.21437/Interspeech.2021-1775}
}
@article{wickramasinghe2023dnn,
  title={DNN Controlled Adaptive Front-end for Replay Attack Detection Systems},
  author={Wickramasinghe, Buddhi and Ambikairajah, Eliathamby and Sethu, Vidhyasaharan and Epps, Julien and Li, Haizhou and Dang, Ting},
  journal={Speech Communication},
  pages={102973},
  year={2023},
  publisher={Elsevier}
}
@inproceedings{dinkel2017end,
  title={{End-to-end spoofing detection with raw waveform CLDNNS}},
  author={Dinkel, Heinrich and Chen, Nanxin and Qian, Yanmin and Yu, Kai},
  booktitle={Proc. IEEE International Conference on Acoustics, Speech and Signal Processing (ICASSP)},
  pages={4860--4864},
  year={2017}
}
@inproceedings{palaz2013estimating,
  title={Estimating Phoneme Class Conditional Probabilities from Raw Speech Signal using Convolutional Neural Networks},
  author={Palaz, Dimitri and Collobert, Ronan and Doss, Mathew Magimai-},
  booktitle={Proceedings of INTERSPEECH},
  pages={1766--1770},
  year={2013}
}
@inproceedings{he2016deep,
  title={Deep residual learning for image recognition},
  author={He, Kaiming and Zhang, Xiangyu and Ren, Shaoqing and Sun, Jian},
  booktitle={Proc. IEEE Conference on Computer Vision and Pattern Recognition (CVPR)},
  pages={770--778},
  year={2016}
}
@article{lyon1990automatic,
  title={Automatic gain control in cochlear mechanics},
  author={Lyon, Richard F},
  journal={The mechanics and biophysics of hearing},
  volume={87},
  pages={395--402},
  year={1990}
}
@article{elliott2012cochlea,
  title={The cochlea as a smart structure},
  author={Elliott, Stephen J and Shera, Christopher A},
  journal={Smart Materials and Structures},
  volume={21},
  number={6},
  pages={064001},
  year={2012}
}
@inproceedings{sainath2013learning,
  title={Learning filter banks within a deep neural network framework},
  author={Sainath, Tara N and Kingsbury, Brian and Mohamed, Abdel-rahman and Ramabhadran, Bhuvana},
  booktitle={Proc. IEEE Workshop on Automatic Speech Recognition and Understanding (ASRU)},
  pages={297--302},
  year={2013}
}
@inproceedings{voxceleb1,
  author    = {Arsha Nagrani and
               Joon Son Chung and
               Andrew Zisserman},
  editor    = {Francisco Lacerda},
  title     = {VoxCeleb: {A} Large-Scale Speaker Identification Dataset},
  booktitle = {Proc. INTERSPEECH},
  pages     = {2616--2620},
  year      = {2017}
}
@inproceedings{efficientnet,
  author    = {Mingxing Tan and
               Quoc V. Le},
  title     = {EfficientNet: Rethinking Model Scaling for Convolutional Neural Networks},
  booktitle = {Proc. Internation Conference on Machine Learning (ICML)},
  volume    = {97},
  pages     = {6105--6114},
  year      = {2019}
}
@inproceedings{fm2018,
  author    = {Tharshini Gunendradasan and
               Buddhi Wickramasinghe and
               Phu Ngoc Le and
               Eliathamby Ambikairajah and
               Julien Epps},
  title     = {Detection of Replay-Spoofing Attacks Using Frequency Modulation Features},
  booktitle = {Proc. INTERSPEECH},
  pages     = {636--640},
  year      = {2018}
}
@inproceedings{gaborfilter,
  author    = {Petros Maragos and
               Thomas F. Quatieri and
               James F. Kaiser},
  title     = {Speech nonlinearities, modulations, and energy operators},
  booktitle = {Proc. IEEE International Conference on Acoustics, Speech and Signal Processing (ICASSP)},
  pages     = {421--424},
  year      = {1991}
}
@article{zhang2024speaking,
  title={Speaking in Wavelet Domain: A Simple and Efficient Approach to Speed up Speech Diffusion Model},
  author={Zhang, Xiangyu and Liu, Daijiao and Liu, Hexin and Zhang, Qiquan and Meng, Hanyu and Garcia, Leibny Paola and Chng, Eng Siong and Yao, Lina},
  journal={arXiv preprint arXiv:2402.10642},
  year={2024}
}
@article{zhang2024llms,
  title={When LLMs Meets Acoustic Landmarks: An Efficient Approach to Integrate Speech into Large Language Models for Depression Detection},
  author={Zhang, Xiangyu and Liu, Hexin and Xu, Kaishuai and Zhang, Qiquan and Liu, Daijiao and Ahmed, Beena and Epps, Julien},
  journal={arXiv preprint arXiv:2402.13276},
  year={2024}
}
@INPROCEEDINGS{8683693,
  author={Wickramasinghe, Buddhi and Ambikairajah, Eliathamby and Epps, Julien and Sethu, Vidhyasaharan and Li, Haizhou},
  booktitle={Proc. IEEE International Conference on Acoustics, Speech and Signal Processing (ICASSP)}, 
  title={Auditory Inspired Spatial Differentiation for Replay Spoofing Attack Detection}, 
  year={2019},
  pages={6011-6015}
  }
@article{nie2004encoding,
  title={Encoding frequency modulation to improve cochlear implant performance in noise},
  author={Nie, Kaibao and Stickney, Ginger and Zeng, Fan-Gang},
  journal={IEEE Transactions on Biomedical Engineering},
  volume={52},
  number={1},
  pages={64--73},
  year={2004}
}
@phdthesis{wickramasinghe2021replay,
  title={Replay detection in voice biometrics: an investigation of adaptive and non-adaptive front-ends},
  author={Wickramasinghe, Buddhi},
  year={2021},
  school={UNSW Sydney}
}

  