% Use this file for citations not found in the ACL Anthology (contained in "anthology.bib").

@article{bradley1952rank,
  title={Rank analysis of incomplete block designs: I. The method of paired comparisons},
  author={Bradley, Ralph Allan and Terry, Milton E},
  journal={Biometrika},
  volume={39},
  number={3/4},
  pages={324--345},
  year={1952},
  publisher={JSTOR}
}

@article{schulman2017proximal,
  title={Proximal policy optimization algorithms},
  author={Schulman, John and Wolski, Filip and Dhariwal, Prafulla and Radford, Alec and Klimov, Oleg},
  journal={arXiv preprint arXiv:1707.06347},
  year={2017}
}

@article{stiennon2020learning,
  title={Learning to summarize with human feedback},
  author={Stiennon, Nisan and Ouyang, Long and Wu, Jeffrey and Ziegler, Daniel and Lowe, Ryan and Voss, Chelsea and Radford, Alec and Amodei, Dario and Christiano, Paul F},
  journal={Advances in Neural Information Processing Systems},
  volume={33},
  pages={3008--3021},
  year={2020}
}

@article{ziegler2019fine,
  title={Fine-tuning language models from human preferences},
  author={Ziegler, Daniel M and Stiennon, Nisan and Wu, Jeffrey and Brown, Tom B and Radford, Alec and Amodei, Dario and Christiano, Paul and Irving, Geoffrey},
  journal={arXiv preprint arXiv:1909.08593},
  year={2019}
}

@article{ouyang2022training,
  title={Training language models to follow instructions with human feedback},
  author={Ouyang, Long and Wu, Jeffrey and Jiang, Xu and Almeida, Diogo and Wainwright, Carroll and Mishkin, Pamela and Zhang, Chong and Agarwal, Sandhini and Slama, Katarina and Ray, Alex and others},
  journal={Advances in neural information processing systems},
  volume={35},
  pages={27730--27744},
  year={2022}
}

@article{lee2023rlaif,
  title={Rlaif: Scaling reinforcement learning from human feedback with ai feedback},
  author={Lee, Harrison and Phatale, Samrat and Mansoor, Hassan and Mesnard, Thomas and Ferret, Johan and Lu, Kellie and Bishop, Colton and Hall, Ethan and Carbune, Victor and Rastogi, Abhinav and others},
  journal={arXiv preprint arXiv:2309.00267},
  year={2023}
}

@article{bai2022constitutional,
  title={Constitutional ai: Harmlessness from ai feedback},
  author={Bai, Yuntao and Kadavath, Saurav and Kundu, Sandipan and Askell, Amanda and Kernion, Jackson and Jones, Andy and Chen, Anna and Goldie, Anna and Mirhoseini, Azalia and McKinnon, Cameron and others},
  journal={arXiv preprint arXiv:2212.08073},
  year={2022}
}

@article{sun2023salmon,
  title={Salmon: Self-alignment with principle-following reward models},
  author={Sun, Zhiqing and Shen, Yikang and Zhang, Hongxin and Zhou, Qinhong and Chen, Zhenfang and Cox, David and Yang, Yiming and Gan, Chuang},
  journal={arXiv preprint arXiv:2310.05910},
  year={2023}
}

@article{rafailov2024direct,
  title={Direct preference optimization: Your language model is secretly a reward model},
  author={Rafailov, Rafael and Sharma, Archit and Mitchell, Eric and Manning, Christopher D and Ermon, Stefano and Finn, Chelsea},
  journal={Advances in Neural Information Processing Systems},
  volume={36},
  year={2024}
}

@article{wang2024secrets,
  title={Secrets of rlhf in large language models part ii: Reward modeling},
  author={Wang, Binghai and Zheng, Rui and Chen, Lu and Liu, Yan and Dou, Shihan and Huang, Caishuang and Shen, Wei and Jin, Senjie and Zhou, Enyu and Shi, Chenyu and others},
  journal={arXiv preprint arXiv:2401.06080},
  year={2024}
}

@inproceedings{azar2024general,
  title={A general theoretical paradigm to understand learning from human preferences},
  author={Azar, Mohammad Gheshlaghi and Guo, Zhaohan Daniel and Piot, Bilal and Munos, Remi and Rowland, Mark and Valko, Michal and Calandriello, Daniele},
  booktitle={International Conference on Artificial Intelligence and Statistics},
  pages={4447--4455},
  year={2024},
  organization={PMLR}
}

@article{ethayarajh2024kto,
  title={Kto: Model alignment as prospect theoretic optimization},
  author={Ethayarajh, Kawin and Xu, Winnie and Muennighoff, Niklas and Jurafsky, Dan and Kiela, Douwe},
  journal={arXiv preprint arXiv:2402.01306},
  year={2024}
}

@article{xu2024contrastive,
  title={Contrastive preference optimization: Pushing the boundaries of llm performance in machine translation},
  author={Xu, Haoran and Sharaf, Amr and Chen, Yunmo and Tan, Weiting and Shen, Lingfeng and Van Durme, Benjamin and Murray, Kenton and Kim, Young Jin},
  journal={arXiv preprint arXiv:2401.08417},
  year={2024}
}

@article{hong2024reference,
  title={Reference-free monolithic preference optimization with odds ratio},
  author={Hong, Jiwoo and Lee, Noah and Thorne, James},
  journal={arXiv preprint arXiv:2403.07691},
  year={2024}
}

@article{hong2024margin,
  title={Margin-aware Preference Optimization for Aligning Diffusion Models without Reference},
  author={Hong, Jiwoo and Paul, Sayak and Lee, Noah and Rasul, Kashif and Thorne, James and Jeong, Jongheon},
  journal={arXiv preprint arXiv:2406.06424},
  year={2024}
}

@article{meng2024simpo,
  title={Simpo: Simple preference optimization with a reference-free reward},
  author={Meng, Yu and Xia, Mengzhou and Chen, Danqi},
  journal={arXiv preprint arXiv:2405.14734},
  year={2024}
}

@article{llama3modelcard,
    title={Llama 3 Model Card},
    author={AI@Meta},
    year={2024},
    journal={Github}, 
    url = {https://github.com/meta-llama/llama3/blob/main/MODEL_CARD.md}
}

@article{jiang2023mistral,
  title={Mistral 7B},
  author={Jiang, Albert Q and Sablayrolles, Alexandre and Mensch, Arthur and Bamford, Chris and Chaplot, Devendra Singh and Casas, Diego de las and Bressand, Florian and Lengyel, Gianna and Lample, Guillaume and Saulnier, Lucile and others},
  journal={arXiv preprint arXiv:2310.06825},
  year={2023}
}

@article{tunstall2023zephyr,
  title={Zephyr: Direct distillation of lm alignment},
  author={Tunstall, Lewis and Beeching, Edward and Lambert, Nathan and Rajani, Nazneen and Rasul, Kashif and Belkada, Younes and Huang, Shengyi and von Werra, Leandro and Fourrier, Cl{\'e}mentine and Habib, Nathan and others},
  journal={arXiv preprint arXiv:2310.16944},
  year={2023}
}

@article{ding2023enhancing,
  title={Enhancing chat language models by scaling high-quality instructional conversations},
  author={Ding, Ning and Chen, Yulin and Xu, Bokai and Qin, Yujia and Zheng, Zhi and Hu, Shengding and Liu, Zhiyuan and Sun, Maosong and Zhou, Bowen},
  journal={arXiv preprint arXiv:2305.14233},
  year={2023}
}

@article{cui2023ultrafeedback,
  title={Ultrafeedback: Boosting language models with high-quality feedback},
  author={Cui, Ganqu and Yuan, Lifan and Ding, Ning and Yao, Guanming and Zhu, Wei and Ni, Yuan and Xie, Guotong and Liu, Zhiyuan and Sun, Maosong},
  journal={arXiv preprint arXiv:2310.01377},
  year={2023}
}

@misc{li2023alpacaeval,
  title={Alpacaeval: An automatic evaluator of instruction-following models},
  author={Li, Xuechen and Zhang, Tianyi and Dubois, Yann and Taori, Rohan and Gulrajani, Ishaan and Guestrin, Carlos and Liang, Percy and Hashimoto, Tatsunori B},
  year={2023}
}

@misc{li2024live,
  title={From live data to high-quality benchmarks: The arena-hard pipeline},
  author={Li, Tianle and Chiang, Wei-Lin and Frick, Evan and Dunlap, Lisa and Zhu, Banghua and Gonzalez, Joseph E and Stoica, Ion},
  year={2024},
  publisher={April}
}

@article{zheng2023judging,
  title={Judging llm-as-a-judge with mt-bench and chatbot arena},
  author={Zheng, Lianmin and Chiang, Wei-Lin and Sheng, Ying and Zhuang, Siyuan and Wu, Zhanghao and Zhuang, Yonghao and Lin, Zi and Li, Zhuohan and Li, Dacheng and Xing, Eric and others},
  journal={Advances in Neural Information Processing Systems},
  volume={36},
  pages={46595--46623},
  year={2023}
}

@article{cobbe2021training,
  title={Training verifiers to solve math word problems},
  author={Cobbe, Karl and Kosaraju, Vineet and Bavarian, Mohammad and Chen, Mark and Jun, Heewoo and Kaiser, Lukasz and Plappert, Matthias and Tworek, Jerry and Hilton, Jacob and Nakano, Reiichiro and others},
  journal={arXiv preprint arXiv:2110.14168},
  year={2021}
}

@article{park2024disentangling,
  title={Disentangling length from quality in direct preference optimization},
  author={Park, Ryan and Rafailov, Rafael and Ermon, Stefano and Finn, Chelsea},
  journal={arXiv preprint arXiv:2403.19159},
  year={2024}
}

@article{dubey2024llama,
  title={The llama 3 herd of models},
  author={Dubey, Abhimanyu and Jauhri, Abhinav and Pandey, Abhinav and Kadian, Abhishek and Al-Dahle, Ahmad and Letman, Aiesha and Mathur, Akhil and Schelten, Alan and Yang, Amy and Fan, Angela and others},
  journal={arXiv preprint arXiv:2407.21783},
  year={2024}
}

@article{jiang2024survey,
  title={A Survey on Human Preference Learning for Large Language Models},
  author={Jiang, Ruili and Chen, Kehai and Bai, Xuefeng and He, Zhixuan and Li, Juntao and Yang, Muyun and Zhao, Tiejun and Nie, Liqiang and Zhang, Min},
  journal={arXiv preprint arXiv:2406.11191},
  year={2024}
}

@article{chaudhari2024rlhf,
  title={RLHF Deciphered: A Critical Analysis of Reinforcement Learning from Human Feedback for LLMs},
  author={Chaudhari, Shreyas and Aggarwal, Pranjal and Murahari, Vishvak and Rajpurohit, Tanmay and Kalyan, Ashwin and Narasimhan, Karthik and Deshpande, Ameet and da Silva, Bruno Castro},
  journal={arXiv preprint arXiv:2404.08555},
  year={2024}
}


@article{lu2024eliminating,
  title={Eliminating Biased Length Reliance of Direct Preference Optimization via Down-Sampled KL Divergence},
  author={Lu, Junru and Li, Jiazheng and An, Siyu and Zhao, Meng and He, Yulan and Yin, Di and Sun, Xing},
  journal={arXiv preprint arXiv:2406.10957},
  year={2024}
}

@article{touvron2023llama,
  title={Llama 2: Open foundation and fine-tuned chat models},
  author={Touvron, Hugo and Martin, Louis and Stone, Kevin and Albert, Peter and Almahairi, Amjad and Babaei, Yasmine and Bashlykov, Nikolay and Batra, Soumya and Bhargava, Prajjwal and Bhosale, Shruti and others},
  journal={arXiv preprint arXiv:2307.09288},
  year={2023}
}

@article{achiam2023gpt,
  title={Gpt-4 technical report},
  author={Achiam, Josh and Adler, Steven and Agarwal, Sandhini and Ahmad, Lama and Akkaya, Ilge and Aleman, Florencia Leoni and Almeida, Diogo and Altenschmidt, Janko and Altman, Sam and Anadkat, Shyamal and others},
  journal={arXiv preprint arXiv:2303.08774},
  year={2023}
}

@article{dubois2024length,
  title={Length-controlled alpacaeval: A simple way to debias automatic evaluators},
  author={Dubois, Yann and Galambosi, Bal{\'a}zs and Liang, Percy and Hashimoto, Tatsunori B},
  journal={arXiv preprint arXiv:2404.04475},
  year={2024}
}

@article{gao2021framework,
  title={A framework for few-shot language model evaluation},
  author={Gao, Leo and Tow, Jonathan and Biderman, Stella and Black, Sid and DiPofi, Anthony and Foster, Charles and Golding, Laurence and Hsu, Jeffrey and McDonell, Kyle and Muennighoff, Niklas and others},
  journal={Version v0. 0.1. Sept},
  volume={10},
  pages={8--9},
  year={2021}
}

@article{rao1967ties,
  title={Ties in paired-comparison experiments: A generalization of the Bradley-Terry model},
  author={Rao, PV and Kupper, Lawrence L},
  journal={Journal of the American Statistical Association},
  volume={62},
  number={317},
  pages={194--204},
  year={1967},
  publisher={Taylor \& Francis}
}

@article{chang2024survey,
  title={A survey on evaluation of large language models},
  author={Chang, Yupeng and Wang, Xu and Wang, Jindong and Wu, Yuan and Yang, Linyi and Zhu, Kaijie and Chen, Hao and Yi, Xiaoyuan and Wang, Cunxiang and Wang, Yidong and others},
  journal={ACM Transactions on Intelligent Systems and Technology},
  volume={15},
  number={3},
  pages={1--45},
  year={2024},
  publisher={ACM New York, NY}
}

@article{clark2018think,
  title={Think you have solved question answering? try arc, the ai2 reasoning challenge},
  author={Clark, Peter and Cowhey, Isaac and Etzioni, Oren and Khot, Tushar and Sabharwal, Ashish and Schoenick, Carissa and Tafjord, Oyvind},
  journal={arXiv preprint arXiv:1803.05457},
  year={2018}
}

@article{zellers2019hellaswag,
  title={Hellaswag: Can a machine really finish your sentence?},
  author={Zellers, Rowan and Holtzman, Ari and Bisk, Yonatan and Farhadi, Ali and Choi, Yejin},
  journal={arXiv preprint arXiv:1905.07830},
  year={2019}
}

@article{hendrycks2020measuring,
  title={Measuring massive multitask language understanding},
  author={Hendrycks, Dan and Burns, Collin and Basart, Steven and Zou, Andy and Mazeika, Mantas and Song, Dawn and Steinhardt, Jacob},
  journal={arXiv preprint arXiv:2009.03300},
  year={2020}
}

@article{lin2021truthfulqa,
  title={Truthfulqa: Measuring how models mimic human falsehoods},
  author={Lin, Stephanie and Hilton, Jacob and Evans, Owain},
  journal={arXiv preprint arXiv:2109.07958},
  year={2021}
}

@article{sakaguchi2021winogrande,
  title={Winogrande: An adversarial winograd schema challenge at scale},
  author={Sakaguchi, Keisuke and Bras, Ronan Le and Bhagavatula, Chandra and Choi, Yejin},
  journal={Communications of the ACM},
  volume={64},
  number={9},
  pages={99--106},
  year={2021},
  publisher={ACM New York, NY, USA}
}

@article{lai2024step,
  title={Step-dpo: Step-wise preference optimization for long-chain reasoning of llms},
  author={Lai, Xin and Tian, Zhuotao and Chen, Yukang and Yang, Senqiao and Peng, Xiangru and Jia, Jiaya},
  journal={arXiv preprint arXiv:2406.18629},
  year={2024}
}

@article{patro2015normalization,
  title={Normalization: A preprocessing stage},
  author={Patro, S},
  journal={arXiv preprint arXiv:1503.06462},
  year={2015}
}

@article{kingma2014adam,
  title={Adam: A method for stochastic optimization},
  author={Kingma, Diederik P},
  journal={arXiv preprint arXiv:1412.6980},
  year={2014}
}

@inproceedings{song2024preference,
  title={Preference ranking optimization for human alignment},
  author={Song, Feifan and Yu, Bowen and Li, Minghao and Yu, Haiyang and Huang, Fei and Li, Yongbin and Wang, Houfeng},
  booktitle={Proceedings of the AAAI Conference on Artificial Intelligence},
  volume={38},
  pages={18990--18998},
  year={2024}
}