@article{zhou2019neurvps,
  title={Neurvps: Neural vanishing point scanning via conic convolution},
  author={Zhou, Yichao and Qi, Haozhi and Huang, Jingwei and Ma, Yi},
  journal={arXiv preprint arXiv:1910.06316},
  year={2019}
}

@article{barnard1983interpreting,
  title={Interpreting perspective images},
  author={Barnard, Stephen T},
  journal={Artificial intelligence},
  volume={21},
  number={4},
  pages={435--462},
  year={1983},
  publisher={Elsevier}
}

@inproceedings{kluger2017deep,
  title={Deep learning for vanishing point detection using an inverse gnomonic projection},
  author={Kluger, Florian and Ackermann, Hanno and Yang, Michael Ying and Rosenhahn, Bodo},
  booktitle={German Conference on Pattern Recognition},
  pages={17--28},
  year={2017},
  organization={Springer}
}

@inproceedings{zhai2016detecting,
  title={Detecting vanishing points using global image context in a non-manhattan world},
  author={Zhai, Menghua and Workman, Scott and Jacobs, Nathan},
  booktitle={Proceedings of the IEEE Conference on Computer Vision and Pattern Recognition},
  pages={5657--5665},
  year={2016}
}

@inproceedings{chang2018deepvp,
  title={DeepVP: Deep learning for vanishing point detection on 1 million street view images},
  author={Chang, Chin-Kai and Zhao, Jiaping and Itti, Laurent},
  booktitle={International Conference on Robotics and Automation (ICRA)},
  pages={4496--4503},
  year={2018},
  organization={IEEE}
}

@article{zhang2018dominant,
  title={Dominant vanishing point detection in the wild with application in composition analysis},
  author={Zhang, Xiaodan and Gao, Xinbo and Lu, Wen and He, Lihuo and Liu, Qi},
  journal={Neurocomputing},
  volume={311},
  pages={260--269},
  year={2018},
  publisher={Elsevier}
}

@inproceedings{shi2019three,
  title={Three Orthogonal Vanishing Points Estimation in Structured Scenes Using Convolutional Neural Networks},
  author={Shi, Yongjie and Zhang, Danfeng and Wen, Jingsi and Tong, Xin and Zhao, He and Ying, Xianghua and Zha, Hongbin},
  booktitle={2019 IEEE International Conference on Image Processing (ICIP)},
  pages={3537--3541},
  year={2019},
  organization={IEEE}
}

@article{canny1986computational,
  title={A computational approach to edge detection},
  author={Canny, John},
  journal={IEEE Transactions on pattern analysis and machine intelligence},
  number={6},
  pages={679--698},
  year={1986},
  publisher={Ieee}
}

@article{von2008lsd,
  title={LSD: A fast line segment detector with a false detection control},
  author={Von Gioi, Rafael Grompone and Jakubowicz, Jeremie and Morel, Jean-Michel and Randall, Gregory},
  journal={IEEE transactions on pattern analysis and machine intelligence},
  volume={32},
  number={4},
  pages={722--732},
  year={2008},
  publisher={IEEE}
}

@inproceedings{tardif2009non,
  title={Non-iterative approach for fast and accurate vanishing point detection},
  author={Tardif, Jean-Philippe},
  booktitle={2009 IEEE 12th International Conference on Computer Vision},
  pages={1250--1257},
  year={2009},
  organization={IEEE}
}

@inproceedings{lezama2014finding,
  title={Finding vanishing points via point alignments in image primal and dual domains},
  author={Lezama, Jos{\'e} and Grompone von Gioi, Rafael and Randall, Gregory and Morel, Jean-Michel},
  booktitle={Proceedings of the IEEE Conference on Computer Vision and Pattern Recognition},
  pages={509--515},
  year={2014}
}

@inproceedings{collins1990vanishing,
  title={Vanishing point calculation as a statistical inference on the unit sphere.},
  author={Collins, Robert T and Weiss, Richard S},
  booktitle={ICCV},
  volume={90},
  pages={400--403},
  year={1990},
}

@article{magee1984determining,
  title={Determining vanishing points from perspective images},
  author={Magee, Michael J and Aggarwal, Jake K},
  journal={Computer Vision, Graphics, and Image Processing},
  volume={26},
  number={2},
  pages={256--267},
  year={1984},
  publisher={Elsevier}
}

@article{straforini1993extraction,
  title={Extraction of vanishing points from images of indoor and outdoor scenes},
  author={Straforini, Marco and Coelho, C and Campani, Marco},
  journal={Image and Vision Computing},
  volume={11},
  number={2},
  pages={91--99},
  year={1993},
  publisher={Elsevier}
}

@inproceedings{bazin2012globally,
  title={Globally optimal line clustering and vanishing point estimation in manhattan world},
  author={Bazin, Jean-Charles and Seo, Yongduek and Demonceaux, C{\'e}dric and Vasseur, Pascal and Ikeuchi, Katsushi and Kweon, Inso and Pollefeys, Marc},
  booktitle={Conference on Computer Vision and Pattern Recognition},
  pages={638--645},
  year={2012},
  organization={IEEE}
}

@inproceedings{li2019quasi,
  title={Quasi-globally optimal and efficient vanishing point estimation in Manhattan world},
  author={Li, Haoang and Zhao, Ji and Bazin, Jean-Charles and Chen, Wen and Liu, Zhe and Liu, Yun-Hui},
  booktitle={Proceedings of the IEEE/CVF International Conference on Computer Vision},
  pages={1646--1654},
  year={2019}
}

@inproceedings{mirzaei2011optimal,
  title={Optimal estimation of vanishing points in a manhattan world},
  author={Mirzaei, Faraz M and Roumeliotis, Stergios I},
  booktitle={2011 International Conference on Computer Vision},
  pages={2454--2461},
  year={2011},
  organization={IEEE}
}

@inproceedings{wildenauer2012robust,
  title={Robust camera self-calibration from monocular images of Manhattan worlds},
  author={Wildenauer, Horst and Hanbury, Allan},
  booktitle={2012 IEEE Conference on Computer Vision and Pattern Recognition},
  pages={2831--2838},
  year={2012},
  organization={IEEE}
}

@inproceedings{shi20203d,
  title={3D Orientation Estimation and Vanishing Point Extraction from Single Panoramas Using Convolutional Neural Network},
  author={Shi, Yongjie and Tong, Xin and Wen, Jingsi and Zhao, He and Ying, Xianghua and Zha, Hongbin},
  booktitle={2020 IEEE International Conference on Robotics and Automation (ICRA)},
  pages={596--602},
  year={2020},
  organization={IEEE}
}

@inproceedings{zhou2019learning,
  title={Learning to reconstruct 3d manhattan wireframes from a single image},
  author={Zhou, Yichao and Qi, Haozhi and Zhai, Yuexiang and Sun, Qi and Chen, Zhili and Wei, Li-Yi and Ma, Yi},
  booktitle={Proceedings of the IEEE/CVF International Conference on Computer Vision},
  pages={7698--7707},
  year={2019}
}

@inproceedings{dai2017scannet,
  title={Scannet: Richly-annotated 3d reconstructions of indoor scenes},
  author={Dai, Angela and Chang, Angel X and Savva, Manolis and Halber, Maciej and Funkhouser, Thomas and Nie{\ss}ner, Matthias},
  booktitle={Proceedings of the IEEE Conference on Computer Vision and Pattern Recognition},
  pages={5828--5839},
  year={2017}
}

@article{aguilera2005new,
  title={A new method for vanishing points detection in 3D reconstruction from a single view},
  author={Aguilera, DG and Lahoz, J G{\'o}mez and Codes, J Finat},
  journal={Proceedings of ISPRS comission},
  volume={2},
  year={2005}
}

@inproceedings{mirzaei2011optimal,
  title={Optimal estimation of vanishing points in a manhattan world},
  author={Mirzaei, Faraz M and Roumeliotis, Stergios I},
  booktitle={2011 International Conference on Computer Vision},
  pages={2454--2461},
  year={2011},
  organization={IEEE}
}

@article{li2019line,
  title={Line-CNN: End-to-End Traffic line detection with line proposal unit},
  author={Li, Xiang and Li, Jun and Hu, Xiaolin and Yang, Jian},
  journal={IEEE Transactions on Intelligent Transportation Systems},
  volume={21},
  number={1},
  pages={248--258},
  year={2019},
  publisher={IEEE}
}

@article{vakhitov2019learnable,
  title={Learnable line segment descriptor for visual SLAM},
  author={Vakhitov, Alexander and Lempitsky, Victor},
  journal={IEEE Access},
  volume={7},
  pages={39923--39934},
  year={2019},
  publisher={IEEE}
}

@inproceedings{meng2020lgnn,
  title={LGNN: A Context-aware Line Segment Detector},
  author={Meng, Quan and Zhang, Jiakai and Hu, Qiang and He, Xuming and Yu, Jingyi},
  booktitle={Proceedings of the 28th ACM International Conference on Multimedia},
  pages={4364--4372},
  year={2020}
}

@inproceedings{zhang2019ppgnet,
  title={Ppgnet: Learning point-pair graph for line segment detection},
  author={Zhang, Ziheng and Li, Zhengxin and Bi, Ning and Zheng, Jia and Wang, Jinlei and Huang, Kun and Luo, Weixin and Xu, Yanyu and Gao, Shenghua},
  booktitle={Proceedings of the IEEE/CVF Conference on Computer Vision and Pattern Recognition},
  pages={7105--7114},
  year={2019}
}

@inproceedings{vaswani2017attention,
  title={Attention is All you Need},
  author={Vaswani, Ashish and Shazeer, Noam and Parmar, Niki and Uszkoreit, Jakob and Jones, Llion and Gomez, Aidan N and Kaiser, Lukasz and Polosukhin, Illia},
  booktitle={NIPS},
  year={2017}
}

@inproceedings{yang2020learning,
  title={Learning texture transformer network for image super-resolution},
  author={Yang, Fuzhi and Yang, Huan and Fu, Jianlong and Lu, Hongtao and Guo, Baining},
  booktitle={Proceedings of the IEEE/CVF Conference on Computer Vision and Pattern Recognition},
  pages={5791--5800},
  year={2020}
}

@inproceedings{parmar2018image,
  title={Image transformer},
  author={Parmar, Niki and Vaswani, Ashish and Uszkoreit, Jakob and Kaiser, Lukasz and Shazeer, Noam and Ku, Alexander and Tran, Dustin},
  booktitle={International Conference on Machine Learning},
  pages={4055--4064},
  year={2018},
  organization={PMLR}
}

@inproceedings{zeng2020learning,
  title={Learning Joint Spatial-Temporal Transformations for Video Inpainting},
  author={Zeng, Yanhong and Fu, Jianlong and Chao, Hongyang},
  booktitle={European Conference on Computer Vision},
  pages={528--543},
  year={2020},
  organization={Springer}
}

@inproceedings{huang2020hand,
  title={Hand-Transformer: Non-Autoregressive Structured Modeling for 3D Hand Pose Estimation},
  author={Huang, Lin and Tan, Jianchao and Liu, Ji and Yuan, Junsong},
  booktitle={European Conference on Computer Vision},
  pages={17--33},
  year={2020},
  organization={Springer}
}

@inproceedings{carion2020end,
  title={End-to-end object detection with transformers},
  author={Carion, Nicolas and Massa, Francisco and Synnaeve, Gabriel and Usunier, Nicolas and Kirillov, Alexander and Zagoruyko, Sergey},
  booktitle={European Conference on Computer Vision},
  pages={213--229},
  year={2020},
  organization={Springer}
}

@article{dosovitskiy2020image,
  title={An image is worth 16x16 words: Transformers for image recognition at scale},
  author={Dosovitskiy, Alexey and Beyer, Lucas and Kolesnikov, Alexander and Weissenborn, Dirk and Zhai, Xiaohua and Unterthiner, Thomas and Dehghani, Mostafa and Minderer, Matthias and Heigold, Georg and Gelly, Sylvain and others},
  journal={arXiv preprint arXiv:2010.11929},
  year={2020}
}

@inproceedings{girshick2015fast,
  title={Fast r-cnn},
  author={Girshick, Ross},
  booktitle={Proceedings of the IEEE international conference on computer vision},
  pages={1440--1448},
  year={2015}
}

@article{lutton1994contribution,
  title={Contribution to the determination of vanishing points using Hough transform},
  author={Lutton, Evelyne and Maitre, Henri and Lopez-Krahe, Jaime},
  journal={IEEE transactions on pattern analysis and machine intelligence},
  volume={16},
  number={4},
  pages={430--438},
  year={1994},
  publisher={IEEE}
}

@inproceedings{denis2008efficient,
  title={Efficient edge-based methods for estimating manhattan frames in urban imagery},
  author={Denis, Patrick and Elder, James H and Estrada, Francisco J},
  booktitle={European conference on computer vision},
  pages={197--210},
  year={2008},
  organization={Springer}
}

@inproceedings{bolles1981ransac,
  title={A RANSAC-based approach to model fitting and its application to finding cylinders in range data.},
  author={Bolles, Robert C and Fischler, Martin A},
  booktitle={IJCAI},
  volume={1981},
  pages={637--643},
  year={1981},
  organization={Citeseer}
}

@inproceedings{chen2020generative,
  title={Generative pretraining from pixels},
  author={Chen, Mark and Radford, Alec and Child, Rewon and Wu, Jeffrey and Jun, Heewoo and Luan, David and Sutskever, Ilya},
  booktitle={International Conference on Machine Learning},
  pages={1691--1703},
  year={2020},
  organization={PMLR}
}

@inproceedings{chen2021transformer,
  title={Transformer tracking},
  author={Chen, Xin and Yan, Bin and Zhu, Jiawen and Wang, Dong and Yang, Xiaoyun and Lu, Huchuan},
  booktitle={Proceedings of the IEEE/CVF Conference on Computer Vision and Pattern Recognition},
  pages={8126--8135},
  year={2021}
}

@inproceedings{wang2021transformer,
  title={Transformer Meets Tracker: Exploiting Temporal Context for Robust Visual Tracking},
  author={Wang, Ning and Zhou, Wengang and Wang, Jie and Li, Houqiang},
  booktitle={Proceedings of the IEEE/CVF Conference on Computer Vision and Pattern Recognition},
  pages={1571--1580},
  year={2021}
}

@inproceedings{kluger2020consac,
  title={Consac: Robust multi-model fitting by conditional sample consensus},
  author={Kluger, Florian and Brachmann, Eric and Ackermann, Hanno and Rother, Carsten and Yang, Michael Ying and Rosenhahn, Bodo},
  booktitle={Proceedings of the IEEE/CVF conference on computer vision and pattern recognition},
  pages={4634--4643},
  year={2020}
}

@inproceedings{lee2017semantic,
  title={Semantic line detection and its applications},
  author={Lee, Jun-Tae and Kim, Han-Ul and Lee, Chul and Kim, Chang-Su},
  booktitle={Proceedings of the IEEE International Conference on Computer Vision},
  pages={3229--3237},
  year={2017}
}

@inproceedings{simon2018contrario,
  title={A-contrario horizon-first vanishing point detection using second-order grouping laws},
  author={Simon, Gilles and Fond, Antoine and Berger, Marie-Odile},
  booktitle={Proceedings of the European Conference on Computer Vision (ECCV)},
  pages={318--333},
  year={2018}
}

@article{almansa2003vanishing,
  title={Vanishing point detection without any a priori information},
  author={Almansa, Andr{\'e}s and Desolneux, Agnes and Vamech, S{\'e}bastien},
  journal={IEEE Transactions on Pattern Analysis and Machine Intelligence},
  volume={25},
  number={4},
  pages={502--507},
  year={2003},
  publisher={IEEE}
}

@article{li2020quasi,
  title={Quasi-globally Optimal and Near/True Real-time Vanishing Point Estimation in Manhattan World},
  author={Li, Haoang and Zhao, Ji and Bazin, Jean-Charles and Liu, Yun-Hui},
  journal={IEEE Transactions on Pattern Analysis and Machine Intelligence},
  year={2020},
  publisher={IEEE}
}

@article{zhang2013efficient,
  title={An efficient and robust line segment matching approach based on LBD descriptor and pairwise geometric consistency},
  author={Zhang, Lilian and Koch, Reinhard},
  journal={Journal of Visual Communication and Image Representation},
  volume={24},
  number={7},
  pages={794--805},
  year={2013},
  publisher={Elsevier}
}

@inproceedings{he2016deep,
  title={Deep residual learning for image recognition},
  author={He, Kaiming and Zhang, Xiangyu and Ren, Shaoqing and Sun, Jian},
  booktitle={Proceedings of the IEEE conference on computer vision and pattern recognition},
  pages={770--778},
  year={2016}
}

@inproceedings{nekrasov2019real,
  title={Real-time joint semantic segmentation and depth estimation using asymmetric annotations},
  author={Nekrasov, Vladimir and Dharmasiri, Thanuja and Spek, Andrew and Drummond, Tom and Shen, Chunhua and Reid, Ian},
  booktitle={2019 International Conference on Robotics and Automation (ICRA)},
  pages={7101--7107},
  year={2019},
  organization={IEEE}
}

@inproceedings{xu2021line,
  title={Line segment detection using transformers without edges},
  author={Xu, Yifan and Xu, Weijian and Cheung, David and Tu, Zhuowen},
  booktitle={Proceedings of the IEEE/CVF Conference on Computer Vision and Pattern Recognition},
  pages={4257--4266},
  year={2021}
}

@inproceedings{tong2022transformer,
  title={Transformer Based Line Segment Classifier with Image Context for Real-Time Vanishing Point Detection in Manhattan World},
  author={Tong, Xin and Ying, Xianghua and Shi, Yongjie and Wang, Ruibin and Yang, Jinfa},
  booktitle={Proceedings of the IEEE/CVF Conference on Computer Vision and Pattern Recognition},
  pages={6093--6102},
  year={2022}
}

@inproceedings{zheng2021rethinking,
  title={Rethinking semantic segmentation from a sequence-to-sequence perspective with transformers},
  author={Zheng, Sixiao and Lu, Jiachen and Zhao, Hengshuang and Zhu, Xiatian and Luo, Zekun and Wang, Yabiao and Fu, Yanwei and Feng, Jianfeng and Xiang, Tao and Torr, Philip HS and others},
  booktitle={Proceedings of the IEEE/CVF conference on computer vision and pattern recognition},
  pages={6881--6890},
  year={2021}
}

@article{xie2021segformer,
  title={SegFormer: Simple and efficient design for semantic segmentation with transformers},
  author={Xie, Enze and Wang, Wenhai and Yu, Zhiding and Anandkumar, Anima and Alvarez, Jose M and Luo, Ping},
  journal={Advances in Neural Information Processing Systems},
  volume={34},
  pages={12077--12090},
  year={2021}
}

@inproceedings{huang2018learning,
  title={Learning to parse wireframes in images of man-made environments},
  author={Huang, Kun and Wang, Yifan and Zhou, Zihan and Ding, Tianjiao and Gao, Shenghua and Ma, Yi},
  booktitle={Proceedings of the IEEE Conference on Computer Vision and Pattern Recognition},
  pages={626--635},
  year={2018}
}

@article{guil1995fast,
  title={A fast Hough transform for segment detection},
  author={Guil, Nicolas and Villalba, Julio and Zapata, Emilio L},
  journal={IEEE transactions on image processing},
  volume={4},
  number={11},
  pages={1541--1548},
  year={1995},
  publisher={IEEE}
}

@article{furukawa2003accurate,
  title={Accurate and robust line segment extraction by analyzing distribution around peaks in Hough space},
  author={Furukawa, Yasutaka and Shinagawa, Yoshihisa},
  journal={Computer vision and image understanding},
  volume={92},
  number={1},
  pages={1--25},
  year={2003},
  publisher={Elsevier}
}

@inproceedings{xue2019learning,
  title={Learning attraction field representation for robust line segment detection},
  author={Xue, Nan and Bai, Song and Wang, Fudong and Xia, Gui-Song and Wu, Tianfu and Zhang, Liangpei},
  booktitle={Proceedings of the IEEE/CVF Conference on Computer Vision and Pattern Recognition},
  pages={1595--1603},
  year={2019}
}

@inproceedings{xue2020holistically,
  title={Holistically-attracted wireframe parsing},
  author={Xue, Nan and Wu, Tianfu and Bai, Song and Wang, Fudong and Xia, Gui-Song and Zhang, Liangpei and Torr, Philip HS},
  booktitle={Proceedings of the IEEE/CVF Conference on Computer Vision and Pattern Recognition},
  pages={2788--2797},
  year={2020}
}

@inproceedings{zhou2019end,
  title={End-to-end wireframe parsing},
  author={Zhou, Yichao and Qi, Haozhi and Ma, Yi},
  booktitle={Proceedings of the IEEE/CVF International Conference on Computer Vision},
  pages={962--971},
  year={2019}
}

@inproceedings{lin2020deep,
  title={Deep hough-transform line priors},
  author={Lin, Yancong and Pintea, Silvia L and van Gemert, Jan C},
  booktitle={Computer Vision--ECCV 2020: 16th European Conference, Glasgow, UK, August 23--28, 2020, Proceedings, Part XXII 16},
  pages={323--340},
  year={2020},
  organization={Springer}
}

@inproceedings{huang2020tp,
  title={TP-LSD: Tri-points based line segment detector},
  author={Huang, Siyu and Qin, Fangbo and Xiong, Pengfei and Ding, Ning and He, Yijia and Liu, Xiao},
  booktitle={European Conference on Computer Vision},
  pages={770--785},
  year={2020},
  organization={Springer}
}

@inproceedings{gu2022towards,
  title={Towards light-weight and real-time line segment detection},
  author={Gu, Geonmo and Ko, Byungsoo and Go, SeoungHyun and Lee, Sung-Hyun and Lee, Jingeun and Shin, Minchul},
  booktitle={Proceedings of the AAAI Conference on Artificial Intelligence},
  volume={36},
  pages={726--734},
  year={2022}
}

@article{akinlar2011edlines,
  title={EDLines: A real-time line segment detector with a false detection control},
  author={Akinlar, Cuneyt and Topal, Cihan},
  journal={Pattern Recognition Letters},
  volume={32},
  number={13},
  pages={1633--1642},
  year={2011},
  publisher={Elsevier}
}

@inproceedings{lu2015cannylines,
  title={Cannylines: A parameter-free line segment detector},
  author={Lu, Xiaohu and Yao, Jian and Li, Kai and Li, Li},
  booktitle={2015 IEEE International Conference on Image Processing (ICIP)},
  pages={507--511},
  year={2015},
  organization={IEEE}
}

@article{xu2015closed,
  title={Closed form line-segment extraction using the Hough transform},
  author={Xu, Zezhong and Shin, Bok-Suk and Klette, Reinhard},
  journal={Pattern Recognition},
  volume={48},
  number={12},
  pages={4012--4023},
  year={2015},
  publisher={Elsevier}
}

@inproceedings{chen2019towards,
  title={Towards accurate one-stage object detection with ap-loss},
  author={Chen, Kean and Li, Jianguo and Lin, Weiyao and See, John and Wang, Ji and Duan, Lingyu and Chen, Zhibo and He, Changwei and Zou, Junni},
  booktitle={Proceedings of the IEEE/CVF Conference on Computer Vision and Pattern Recognition},
  pages={5119--5127},
  year={2019}
}
@article{oksuz2020ranking,
  title={A ranking-based, balanced loss function unifying classification and localisation in object detection},
  author={Oksuz, Kemal and Cam, Baris Can and Akbas, Emre and Kalkan, Sinan},
  journal={Advances in Neural Information Processing Systems},
  volume={33},
  pages={15534--15545},
  year={2020}
}
@inproceedings{qian2020dr,
  title={Dr loss: Improving object detection by distributional ranking},
  author={Qian, Qi and Chen, Lei and Li, Hao and Jin, Rong},
  booktitle={Proceedings of the IEEE/CVF conference on computer vision and pattern recognition},
  pages={12164--12172},
  year={2020}
}

@inproceedings{oksuz2021rank,
  title={Rank \& sort loss for object detection and instance segmentation},
  author={Oksuz, Kemal and Cam, Baris Can and Akbas, Emre and Kalkan, Sinan},
  booktitle={Proceedings of the IEEE/CVF international conference on computer vision},
  pages={3009--3018},
  year={2021}
}

@inproceedings{liu2021rankdetnet,
  title={Rankdetnet: Delving into ranking constraints for object detection},
  author={Liu, Ji and Li, Dong and Zheng, Rongzhang and Tian, Lu and Shan, Yi},
  booktitle={Proceedings of the IEEE/CVF Conference on Computer Vision and Pattern Recognition},
  pages={264--273},
  year={2021}
}
@ARTICLE{9082874,
  author={Chen, Kean and Lin, Weiyao and Li, Jianguo and See, John and Wang, Ji and Zou, Junni},
  journal={IEEE Transactions on Pattern Analysis and Machine Intelligence}, 
  title={AP-Loss for Accurate One-Stage Object Detection}, 
  year={2021},
  volume={43},
  number={11},
  pages={3782-3798},
  keywords={Detectors;Task analysis;Measurement;Optimization;Object detection;Training;Proposals;Computer vision;object detection;machine learning;ranking loss},
  doi={10.1109/TPAMI.2020.2991457}}

@inproceedings{xu2022revisiting,
  title={Revisiting ap loss for dense object detection: Adaptive ranking pair selection},
  author={Xu, Dongli and Deng, Jinhong and Li, Wen},
  booktitle={Proceedings of the IEEE/CVF Conference on Computer Vision and Pattern Recognition},
  pages={14187--14196},
  year={2022}
}

@inproceedings{yavuz2024bucketed,
  title={Bucketed Ranking-based Losses for Efficient Training of Object Detectors},
  author={Yavuz, Feyza and Cam, Baris Can and Dogan, Adnan Harun and Oksuz, Kemal and Akbas, Emre and Kalkan, Sinan},
  booktitle={European Conference on Computer Vision},
  year={2024},
  organization={Springer}
}
@InProceedings{Cetinkaya_2024_CVPR,
    author    = {Cetinkaya, Bedrettin and Kalkan, Sinan and Akbas, Emre},
    title     = {RankED: Addressing Imbalance and Uncertainty in Edge Detection Using Ranking-based Losses},
    booktitle = {Proceedings of the IEEE/CVF Conference on Computer Vision and Pattern Recognition (CVPR)},
    month     = {June},
    year      = {2024},
    pages     = {3239-3249}
}

@inproceedings{li2022dn,
  title={Dn-detr: Accelerate detr training by introducing query denoising},
  author={Li, Feng and Zhang, Hao and Liu, Shilong and Guo, Jian and Ni, Lionel M and Zhang, Lei},
  booktitle={Proceedings of the IEEE/CVF conference on computer vision and pattern recognition},
  pages={13619--13627},
  year={2022}
}

@inproceedings{langlois2019surface,
  title={Surface reconstruction from 3d line segments},
  author={Langlois, Pierre-Alain and Boulch, Alexandre and Marlet, Renaud},
  booktitle={2019 International Conference on 3D Vision (3DV)},
  pages={553--563},
  year={2019},
  organization={IEEE}
}
@inproceedings{li2012strategy,
  title={A strategy on corresponding line segment recognition for 3D-reconstruction},
  author={Li, Chang and Liu, Pengcheng and Zhou, Yong},
  booktitle={Future Control and Automation: Proceedings of the 2nd International Conference on Future Control and Automation (ICFCA 2012)-Volume 1},
  pages={77--85},
  year={2012},
  organization={Springer}
}
@article{zhang2016flexible,
  title={A flexible online camera calibration using line segments},
  author={Zhang, Yueqiang and Zhou, Langming and Liu, Haibo and Shang, Yang},
  journal={Journal of Sensors},
  volume={2016},
  number={1},
  pages={2802343},
  year={2016},
  publisher={Wiley Online Library}
}
@inproceedings{nakano2021camera,
  title={Camera calibration using parallel line segments},
  author={Nakano, Gaku},
  booktitle={2020 25th International Conference on Pattern Recognition (ICPR)},
  pages={1505--1512},
  year={2021},
  organization={IEEE}
}
@inproceedings{zavala2022depth,
  title={Depth Estimation from a Single Image Using Line Segments only},
  author={Zavala, Jos{\'e} G Nava and Martinez-Carranza, Jose},
  booktitle={Ibero-American Conference on Artificial Intelligence},
  pages={331--341},
  year={2022},
  organization={Springer}
}
@article{hofer2017efficient,
  title={Efficient 3D scene abstraction using line segments},
  author={Hofer, Manuel and Maurer, Michael and Bischof, Horst},
  journal={Computer Vision and Image Understanding},
  volume={157},
  pages={167--178},
  year={2017},
  publisher={Elsevier}
}
@article{tang2022line,
  title={A line-segment-based non-maximum suppression method for accurate object detection},
  author={Tang, Xue-song and Xie, Xianlin and Hao, Kuangrong and Li, Dawei and Zhao, Mingbo},
  journal={Knowledge-Based Systems},
  volume={251},
  pages={108885},
  year={2022},
  publisher={Elsevier}
}

@article{gomez2019pl,
  title={PL-SLAM: A stereo SLAM system through the combination of points and line segments},
  author={Gomez-Ojeda, Ruben and Moreno, Francisco-Angel and Zuniga-No{\"e}l, David and Scaramuzza, Davide and Gonzalez-Jimenez, Javier},
  journal={IEEE Transactions on Robotics},
  volume={35},
  number={3},
  pages={734--746},
  year={2019},
  publisher={IEEE}
}

@inproceedings{tong2024end,
  title={End-to-End Real-Time Vanishing Point Detection with Transformer},
  author={Tong, Xin and Peng, Shi and Guo, Yufei and Huang, Xuhui},
  booktitle={Proceedings of the AAAI Conference on Artificial Intelligence},
  volume={38},
  pages={5243--5251},
  year={2024}
}

@article{zhu2020deformable,
  title={Deformable detr: Deformable transformers for end-to-end object detection},
  author={Zhu, Xizhou and Su, Weijie and Lu, Lewei and Li, Bin and Wang, Xiaogang and Dai, Jifeng},
  journal={arXiv preprint arXiv:2010.04159},
  year={2020}
}