@InProceedings{Cetinkaya_2024_CVPR,
    author    = {Cetinkaya, Bedrettin and Kalkan, Sinan and Akbas, Emre},
    title     = {RankED: Addressing Imbalance and Uncertainty in Edge Detection Using Ranking-based Losses},
    booktitle = {Proceedings of the IEEE/CVF Conference on Computer Vision and Pattern Recognition (CVPR)},
    month     = {June},
    year      = {2024},
    pages     = {3239-3249}
}

@article{akinlar2011edlines,
  title={EDLines: A real-time line segment detector with a false detection control},
  author={Akinlar, Cuneyt and Topal, Cihan},
  journal={Pattern Recognition Letters},
  volume={32},
  number={13},
  pages={1633--1642},
  year={2011},
  publisher={Elsevier}
}

@inproceedings{carion2020end,
  title={End-to-end object detection with transformers},
  author={Carion, Nicolas and Massa, Francisco and Synnaeve, Gabriel and Usunier, Nicolas and Kirillov, Alexander and Zagoruyko, Sergey},
  booktitle={European Conference on Computer Vision},
  pages={213--229},
  year={2020},
  organization={Springer}
}

@inproceedings{chen2019towards,
  title={Towards accurate one-stage object detection with ap-loss},
  author={Chen, Kean and Li, Jianguo and Lin, Weiyao and See, John and Wang, Ji and Duan, Lingyu and Chen, Zhibo and He, Changwei and Zou, Junni},
  booktitle={Proceedings of the IEEE/CVF Conference on Computer Vision and Pattern Recognition},
  pages={5119--5127},
  year={2019}
}

@inproceedings{chen2021transformer,
  title={Transformer tracking},
  author={Chen, Xin and Yan, Bin and Zhu, Jiawen and Wang, Dong and Yang, Xiaoyun and Lu, Huchuan},
  booktitle={Proceedings of the IEEE/CVF Conference on Computer Vision and Pattern Recognition},
  pages={8126--8135},
  year={2021}
}

@article{dosovitskiy2020image,
  title={An image is worth 16x16 words: Transformers for image recognition at scale},
  author={Dosovitskiy, Alexey and Beyer, Lucas and Kolesnikov, Alexander and Weissenborn, Dirk and Zhai, Xiaohua and Unterthiner, Thomas and Dehghani, Mostafa and Minderer, Matthias and Heigold, Georg and Gelly, Sylvain and others},
  journal={arXiv preprint arXiv:2010.11929},
  year={2020}
}

@article{furukawa2003accurate,
  title={Accurate and robust line segment extraction by analyzing distribution around peaks in Hough space},
  author={Furukawa, Yasutaka and Shinagawa, Yoshihisa},
  journal={Computer vision and image understanding},
  volume={92},
  number={1},
  pages={1--25},
  year={2003},
  publisher={Elsevier}
}

@inproceedings{gu2022towards,
  title={Towards light-weight and real-time line segment detection},
  author={Gu, Geonmo and Ko, Byungsoo and Go, SeoungHyun and Lee, Sung-Hyun and Lee, Jingeun and Shin, Minchul},
  booktitle={Proceedings of the AAAI Conference on Artificial Intelligence},
  volume={36},
  pages={726--734},
  year={2022}
}

@article{guil1995fast,
  title={A fast Hough transform for segment detection},
  author={Guil, Nicolas and Villalba, Julio and Zapata, Emilio L},
  journal={IEEE transactions on image processing},
  volume={4},
  number={11},
  pages={1541--1548},
  year={1995},
  publisher={IEEE}
}

@inproceedings{huang2018learning,
  title={Learning to parse wireframes in images of man-made environments},
  author={Huang, Kun and Wang, Yifan and Zhou, Zihan and Ding, Tianjiao and Gao, Shenghua and Ma, Yi},
  booktitle={Proceedings of the IEEE Conference on Computer Vision and Pattern Recognition},
  pages={626--635},
  year={2018}
}

@inproceedings{huang2020hand,
  title={Hand-Transformer: Non-Autoregressive Structured Modeling for 3D Hand Pose Estimation},
  author={Huang, Lin and Tan, Jianchao and Liu, Ji and Yuan, Junsong},
  booktitle={European Conference on Computer Vision},
  pages={17--33},
  year={2020},
  organization={Springer}
}

@inproceedings{huang2020tp,
  title={TP-LSD: Tri-points based line segment detector},
  author={Huang, Siyu and Qin, Fangbo and Xiong, Pengfei and Ding, Ning and He, Yijia and Liu, Xiao},
  booktitle={European Conference on Computer Vision},
  pages={770--785},
  year={2020},
  organization={Springer}
}

@inproceedings{lin2020deep,
  title={Deep hough-transform line priors},
  author={Lin, Yancong and Pintea, Silvia L and van Gemert, Jan C},
  booktitle={Computer Vision--ECCV 2020: 16th European Conference, Glasgow, UK, August 23--28, 2020, Proceedings, Part XXII 16},
  pages={323--340},
  year={2020},
  organization={Springer}
}

@inproceedings{lu2015cannylines,
  title={Cannylines: A parameter-free line segment detector},
  author={Lu, Xiaohu and Yao, Jian and Li, Kai and Li, Li},
  booktitle={2015 IEEE International Conference on Image Processing (ICIP)},
  pages={507--511},
  year={2015},
  organization={IEEE}
}

@inproceedings{oksuz2021rank,
  title={Rank \& sort loss for object detection and instance segmentation},
  author={Oksuz, Kemal and Cam, Baris Can and Akbas, Emre and Kalkan, Sinan},
  booktitle={Proceedings of the IEEE/CVF international conference on computer vision},
  pages={3009--3018},
  year={2021}
}

@inproceedings{tong2022transformer,
  title={Transformer Based Line Segment Classifier with Image Context for Real-Time Vanishing Point Detection in Manhattan World},
  author={Tong, Xin and Ying, Xianghua and Shi, Yongjie and Wang, Ruibin and Yang, Jinfa},
  booktitle={Proceedings of the IEEE/CVF Conference on Computer Vision and Pattern Recognition},
  pages={6093--6102},
  year={2022}
}

@inproceedings{tong2024end,
  title={End-to-End Real-Time Vanishing Point Detection with Transformer},
  author={Tong, Xin and Peng, Shi and Guo, Yufei and Huang, Xuhui},
  booktitle={Proceedings of the AAAI Conference on Artificial Intelligence},
  volume={38},
  pages={5243--5251},
  year={2024}
}

@article{von2008lsd,
  title={LSD: A fast line segment detector with a false detection control},
  author={Von Gioi, Rafael Grompone and Jakubowicz, Jeremie and Morel, Jean-Michel and Randall, Gregory},
  journal={IEEE transactions on pattern analysis and machine intelligence},
  volume={32},
  number={4},
  pages={722--732},
  year={2008},
  publisher={IEEE}
}

@article{xie2021segformer,
  title={SegFormer: Simple and efficient design for semantic segmentation with transformers},
  author={Xie, Enze and Wang, Wenhai and Yu, Zhiding and Anandkumar, Anima and Alvarez, Jose M and Luo, Ping},
  journal={Advances in Neural Information Processing Systems},
  volume={34},
  pages={12077--12090},
  year={2021}
}

@article{xu2015closed,
  title={Closed form line-segment extraction using the Hough transform},
  author={Xu, Zezhong and Shin, Bok-Suk and Klette, Reinhard},
  journal={Pattern Recognition},
  volume={48},
  number={12},
  pages={4012--4023},
  year={2015},
  publisher={Elsevier}
}

@inproceedings{xu2021line,
  title={Line segment detection using transformers without edges},
  author={Xu, Yifan and Xu, Weijian and Cheung, David and Tu, Zhuowen},
  booktitle={Proceedings of the IEEE/CVF Conference on Computer Vision and Pattern Recognition},
  pages={4257--4266},
  year={2021}
}

@inproceedings{xue2019learning,
  title={Learning attraction field representation for robust line segment detection},
  author={Xue, Nan and Bai, Song and Wang, Fudong and Xia, Gui-Song and Wu, Tianfu and Zhang, Liangpei},
  booktitle={Proceedings of the IEEE/CVF Conference on Computer Vision and Pattern Recognition},
  pages={1595--1603},
  year={2019}
}

@inproceedings{xue2020holistically,
  title={Holistically-attracted wireframe parsing},
  author={Xue, Nan and Wu, Tianfu and Bai, Song and Wang, Fudong and Xia, Gui-Song and Zhang, Liangpei and Torr, Philip HS},
  booktitle={Proceedings of the IEEE/CVF Conference on Computer Vision and Pattern Recognition},
  pages={2788--2797},
  year={2020}
}

@inproceedings{yavuz2024bucketed,
  title={Bucketed Ranking-based Losses for Efficient Training of Object Detectors},
  author={Yavuz, Feyza and Cam, Baris Can and Dogan, Adnan Harun and Oksuz, Kemal and Akbas, Emre and Kalkan, Sinan},
  booktitle={European Conference on Computer Vision},
  year={2024},
  organization={Springer}
}

@inproceedings{zhang2019ppgnet,
  title={Ppgnet: Learning point-pair graph for line segment detection},
  author={Zhang, Ziheng and Li, Zhengxin and Bi, Ning and Zheng, Jia and Wang, Jinlei and Huang, Kun and Luo, Weixin and Xu, Yanyu and Gao, Shenghua},
  booktitle={Proceedings of the IEEE/CVF Conference on Computer Vision and Pattern Recognition},
  pages={7105--7114},
  year={2019}
}

@inproceedings{zhou2019end,
  title={End-to-end wireframe parsing},
  author={Zhou, Yichao and Qi, Haozhi and Ma, Yi},
  booktitle={Proceedings of the IEEE/CVF International Conference on Computer Vision},
  pages={962--971},
  year={2019}
}

@article{zhu2020deformable,
  title={Deformable detr: Deformable transformers for end-to-end object detection},
  author={Zhu, Xizhou and Su, Weijie and Lu, Lewei and Li, Bin and Wang, Xiaogang and Dai, Jifeng},
  journal={arXiv preprint arXiv:2010.04159},
  year={2020}
}

