@article{vader,
  title={Video diffusion alignment via reward gradients},
  author={Prabhudesai, Mihir and Mendonca, Russell and Qin, Zheyang and Fragkiadaki, Katerina and Pathak, Deepak},
  journal={arXiv preprint arXiv:2407.08737},
  year={2024}
}


@article{chen2024enhancing,
  title={Enhancing Zeroth-order Fine-tuning for Language Models with Low-rank Structures},
  author={Chen, Yiming and Zhang, Yuan and Cao, Liyuan and Yuan, Kun and Wen, Zaiwen},
  journal={arXiv preprint arXiv:2410.07698},
  year={2024}
}

@article{hinton2022forward,
  title={The forward-forward algorithm: Some preliminary investigations},
  author={Hinton, Geoffrey},
  journal={arXiv preprint arXiv:2212.13345},
  year={2022}
}

@article{spall1992multivariate,
  title={Multivariate stochastic approximation using a simultaneous perturbation gradient approximation},
  author={Spall, James C},
  journal={IEEE transactions on automatic control},
  volume={37},
  number={3},
  pages={332--341},
  year={1992},
  publisher={IEEE}
}

@article{draft,
  title={Directly fine-tuning diffusion models on differentiable rewards},
  author={Clark, Kevin and Vicol, Paul and Swersky, Kevin and Fleet, David J},
  journal={arXiv preprint arXiv:2309.17400},
  year={2023}
}

@inproceedings{doodl,
  title={End-to-end diffusion latent optimization improves classifier guidance},
  author={Wallace, Bram and Gokul, Akash and Ermon, Stefano and Naik, Nikhil},
  booktitle={Proceedings of the IEEE/CVF International Conference on Computer Vision},
  pages={7280--7290},
  year={2023}
}

@article{t2v-turbo,
  title={T2V-Turbo: Breaking the Quality Bottleneck of Video Consistency Model with Mixed Reward Feedback},
  author={Li, Jiachen and Feng, Weixi and Fu, Tsu-Jui and Wang, Xinyi and Basu, Sugato and Chen, Wenhu and Wang, William Yang},
  journal={arXiv preprint arXiv:2405.18750},
  year={2024}
}

@article{tuning-free_align,
  title={Tuning-Free Alignment of Diffusion Models with Direct Noise Optimization},
  author={Tang, Zhiwei and Peng, Jiangweizhi and Tang, Jiasheng and Hong, Mingyi and Wang, Fan and Chang, Tsung-Hui},
  journal={arXiv preprint arXiv:2405.18881},
  year={2024}
}

@article{ddpm,
  title={Denoising diffusion probabilistic models},
  author={Ho, Jonathan and Jain, Ajay and Abbeel, Pieter},
  journal={Advances in neural information processing systems},
  volume={33},
  pages={6840--6851},
  year={2020}
}

@article{ddim,
  title={Denoising diffusion implicit models},
  author={Song, Jiaming and Meng, Chenlin and Ermon, Stefano},
  journal={arXiv preprint arXiv:2010.02502},
  year={2020}
}

@inproceedings{LDM,
  title={High-resolution image synthesis with latent diffusion models},
  author={Rombach, Robin and Blattmann, Andreas and Lorenz, Dominik and Esser, Patrick and Ommer, Bj{\"o}rn},
  booktitle={Proceedings of the IEEE/CVF conference on computer vision and pattern recognition},
  pages={10684--10695},
  year={2022}
}

@inproceedings{DiT,
  title={Scalable diffusion models with transformers},
  author={Peebles, William and Xie, Saining},
  booktitle={Proceedings of the IEEE/CVF International Conference on Computer Vision},
  pages={4195--4205},
  year={2023}
}

@article{alignprop,
  title={Aligning text-to-image diffusion models with reward backpropagation},
  author={Prabhudesai, Mihir and Goyal, Anirudh and Pathak, Deepak and Fragkiadaki, Katerina},
  journal={arXiv preprint arXiv:2310.03739},
  year={2023}
}

@article{ddpo,
  title={Training diffusion models with reinforcement learning},
  author={Black, Kevin and Janner, Michael and Du, Yilun and Kostrikov, Ilya and Levine, Sergey},
  journal={arXiv preprint arXiv:2305.13301},
  year={2023}
}

@article{rwr,
  title={Aligning text-to-image models using human feedback},
  author={Lee, Kimin and Liu, Hao and Ryu, Moonkyung and Watkins, Olivia and Du, Yuqing and Boutilier, Craig and Abbeel, Pieter and Ghavamzadeh, Mohammad and Gu, Shixiang Shane},
  journal={arXiv preprint arXiv:2302.12192},
  year={2023}
}

@article{EDM,
  title={Elucidating the design space of diffusion-based generative models},
  author={Karras, Tero and Aittala, Miika and Aila, Timo and Laine, Samuli},
  journal={Advances in neural information processing systems},
  volume={35},
  pages={26565--26577},
  year={2022}
}

@article{score_sde,
  title={Score-based generative modeling through stochastic differential equations},
  author={Song, Yang and Sohl-Dickstein, Jascha and Kingma, Diederik P and Kumar, Abhishek and Ermon, Stefano and Poole, Ben},
  journal={arXiv preprint arXiv:2011.13456},
  year={2020}
}

@article{var,
  title={Visual autoregressive modeling: Scalable image generation via next-scale prediction},
  author={Tian, Keyu and Jiang, Yi and Yuan, Zehuan and Peng, Bingyue and Wang, Liwei},
  journal={arXiv preprint arXiv:2404.02905},
  year={2024}
}

@article{salimans2017evolution,
  title={Evolution strategies as a scalable alternative to reinforcement learning},
  author={Salimans, Tim and Ho, Jonathan and Chen, Xi and Sidor, Szymon and Sutskever, Ilya},
  journal={arXiv preprint arXiv:1703.03864},
  year={2017}
}

@article{SPSA,
  title={Multivariate stochastic approximation using a simultaneous perturbation gradient approximation},
  author={Spall, James C},
  journal={IEEE Transactions on Automatic Control},
  volume={37},
  number={3},
  pages={332--341},
  year={1992},
  publisher={IEEE}
}

@article{deepzero,
  title={Deepzero: Scaling up zeroth-order optimization for deep model training},
  author={Chen, Aochuan and Zhang, Yimeng and Jia, Jinghan and Diffenderfer, James and Liu, Jiancheng and Parasyris, Konstantinos and Zhang, Yihua and Zhang, Zheng and Kailkhura, Bhavya and Liu, Sijia},
  journal={arXiv preprint arXiv:2310.02025},
  year={2023}
}

@article{mezo,
  title={Fine-tuning language models with just forward passes},
  author={Malladi, Sadhika and Gao, Tianyu and Nichani, Eshaan and Damian, Alex and Lee, Jason D and Chen, Danqi and Arora, Sanjeev},
  journal={Advances in Neural Information Processing Systems},
  volume={36},
  pages={53038--53075},
  year={2023}
}

@inproceedings{oneforward,
  title={One Forward is Enough for Neural Network Training via Likelihood Ratio Method},
  author={Jiang, Jinyang and Zhang, Zeliang and Xu, Chenliang and Yu, Zhaofei and Peng, Yijie},
  booktitle={The Twelfth International Conference on Learning Representations},
  year={2024}
}

@article{ren2024flops,
  title={FLOPS: Forward Learning with OPtimal Sampling},
  author={Ren, Tao and Zhang, Zishi and Jiang, Jinyang and Li, Guanghao and Zhang, Zeliang and Feng, Mingqian and Peng, Yijie},
  journal={arXiv preprint arXiv:2410.05966},
  year={2024}
}

@article{hu2021lora,
  title={Lora: Low-rank adaptation of large language models},
  author={Hu, Edward J and Shen, Yelong and Wallis, Phillip and Allen-Zhu, Zeyuan and Li, Yuanzhi and Wang, Shean and Wang, Lu and Chen, Weizhu},
  journal={arXiv preprint arXiv:2106.09685},
  year={2021}
}

@article{mem_eff_bptt,
  title={Memory-efficient backpropagation through time},
  author={Gruslys, Audrunas and Munos, R{\'e}mi and Danihelka, Ivo and Lanctot, Marc and Graves, Alex},
  journal={Advances in neural information processing systems},
  volume={29},
  year={2016}
}

@article{checkpoint,
  title={Training deep nets with sublinear memory cost},
  author={Chen, Tianqi and Xu, Bing and Zhang, Chiyuan and Guestrin, Carlos},
  journal={arXiv preprint arXiv:1604.06174},
  year={2016}
}

@article{clipscore,
  title={Clipscore: A reference-free evaluation metric for image captioning},
  author={Hessel, Jack and Holtzman, Ari and Forbes, Maxwell and Bras, Ronan Le and Choi, Yejin},
  journal={arXiv preprint arXiv:2104.08718},
  year={2021}
}

@article{hpsv2,
  title={Human preference score v2: A solid benchmark for evaluating human preferences of text-to-image synthesis},
  author={Wu, Xiaoshi and Hao, Yiming and Sun, Keqiang and Chen, Yixiong and Zhu, Feng and Zhao, Rui and Li, Hongsheng},
  journal={arXiv preprint arXiv:2306.09341},
  year={2023}
}

@article{imagereward,
  title={Imagereward: Learning and evaluating human preferences for text-to-image generation},
  author={Xu, Jiazheng and Liu, Xiao and Wu, Yuchen and Tong, Yuxuan and Li, Qinkai and Ding, Ming and Tang, Jie and Dong, Yuxiao},
  journal={Advances in Neural Information Processing Systems},
  volume={36},
  year={2024}
}

@inproceedings{mps,
  title={Learning Multi-dimensional Human Preference for Text-to-Image Generation},
  author={Zhang, Sixian and Wang, Bohan and Wu, Junqiang and Li, Yan and Gao, Tingting and Zhang, Di and Wang, Zhongyuan},
  booktitle={Proceedings of the IEEE/CVF Conference on Computer Vision and Pattern Recognition},
  pages={8018--8027},
  year={2024}
}

@article{pickapic,
  title={Pick-a-pic: An open dataset of user preferences for text-to-image generation},
  author={Kirstain, Yuval and Polyak, Adam and Singer, Uriel and Matiana, Shahbuland and Penna, Joe and Levy, Omer},
  journal={Advances in Neural Information Processing Systems},
  volume={36},
  pages={36652--36663},
  year={2023}
}

@inproceedings{vbench,
  title={Vbench: Comprehensive benchmark suite for video generative models},
  author={Huang, Ziqi and He, Yinan and Yu, Jiashuo and Zhang, Fan and Si, Chenyang and Jiang, Yuming and Zhang, Yuanhan and Wu, Tianxing and Jin, Qingyang and Chanpaisit, Nattapol and others},
  booktitle={Proceedings of the IEEE/CVF Conference on Computer Vision and Pattern Recognition},
  pages={21807--21818},
  year={2024}
}

@inproceedings{videocrafter2,
  title={Videocrafter2: Overcoming data limitations for high-quality video diffusion models},
  author={Chen, Haoxin and Zhang, Yong and Cun, Xiaodong and Xia, Menghan and Wang, Xintao and Weng, Chao and Shan, Ying},
  booktitle={Proceedings of the IEEE/CVF Conference on Computer Vision and Pattern Recognition},
  pages={7310--7320},
  year={2024}
}

@article{scaling_neural_LM,
  title={Scaling laws for neural language models},
  author={Kaplan, Jared and McCandlish, Sam and Henighan, Tom and Brown, Tom B and Chess, Benjamin and Child, Rewon and Gray, Scott and Radford, Alec and Wu, Jeffrey and Amodei, Dario},
  journal={arXiv preprint arXiv:2001.08361},
  year={2020}
}

@article{achiam2023gpt4,
  title={Gpt-4 technical report},
  author={Achiam, Josh and Adler, Steven and Agarwal, Sandhini and Ahmad, Lama and Akkaya, Ilge and Aleman, Florencia Leoni and Almeida, Diogo and Altenschmidt, Janko and Altman, Sam and Anadkat, Shyamal and others},
  journal={arXiv preprint arXiv:2303.08774},
  year={2023}
}

@article{DPO,
  title={Direct preference optimization: Your language model is secretly a reward model},
  author={Rafailov, Rafael and Sharma, Archit and Mitchell, Eric and Manning, Christopher D and Ermon, Stefano and Finn, Chelsea},
  journal={Advances in Neural Information Processing Systems},
  volume={36},
  year={2024}
}

@inproceedings{diffusion_dpo,
  title={Diffusion model alignment using direct preference optimization},
  author={Wallace, Bram and Dang, Meihua and Rafailov, Rafael and Zhou, Linqi and Lou, Aaron and Purushwalkam, Senthil and Ermon, Stefano and Xiong, Caiming and Joty, Shafiq and Naik, Nikhil},
  booktitle={Proceedings of the IEEE/CVF Conference on Computer Vision and Pattern Recognition},
  pages={8228--8238},
  year={2024}
}

@article{RLHF,
  title={Fine-tuning language models from human preferences},
  author={Ziegler, Daniel M and Stiennon, Nisan and Wu, Jeffrey and Brown, Tom B and Radford, Alec and Amodei, Dario and Christiano, Paul and Irving, Geoffrey},
  journal={arXiv preprint arXiv:1909.08593},
  year={2019}
}

@article{RLHF_blog,
  author = {Lambert, Nathan and Castricato, Louis and von Werra, Leandro and Havrilla, Alex},
  title = {Illustrating Reinforcement Learning from Human Feedback (RLHF)},
  journal = {Hugging Face Blog},
  year = {2022},
  note = {https://huggingface.co/blog/rlhf},
}

@article{classifier-free_guidance,
  title={Classifier-free diffusion guidance},
  author={Ho, Jonathan and Salimans, Tim},
  journal={arXiv preprint arXiv:2207.12598},
  year={2022}
}

@book{rudin1987real,
  title={Real and Complex Analysis},
  author={Rudin, W.},
  isbn={9780071002769},
  lccn={86000007},
  series={Mathematics series},
  url={https://books.google.com.hk/books?id=NmW7QgAACAAJ},
  year={1987},
  publisher={McGraw-Hill}
}

@book{glasserman1990gradient,
  title={Gradient estimation via perturbation analysis},
  author={Glasserman, Paul},
  volume={116},
  year={1990},
  publisher={Springer Science \& Business Media}
}

@article{peng2022new,
  title={A new likelihood ratio method for training artificial neural networks},
  author={Peng, Yijie and Xiao, Li and Heidergott, Bernd and Hong, L Jeff and Lam, Henry},
  journal={INFORMS Journal on Computing},
  volume={34},
  number={1},
  pages={638--655},
  year={2022},
  publisher={INFORMS}
}

@article{cui2020variance,
  title={On the variance of single-run unbiased stochastic derivative estimators},
  author={Cui, Zhenyu and Fu, Michael C and Hu, Jian-Qiang and Liu, Yanchu and Peng, Yijie and Zhu, Lingjiong},
  journal={INFORMS Journal on Computing},
  volume={32},
  number={2},
  pages={390--407},
  year={2020},
  publisher={INFORMS}
}

@article{V-JEPA,
  title={Revisiting feature prediction for learning visual representations from video},
  author={Bardes, Adrien and Garrido, Quentin and Ponce, Jean and Chen, Xinlei and Rabbat, Michael and LeCun, Yann and Assran, Mahmoud and Ballas, Nicolas},
  journal={arXiv preprint arXiv:2404.08471},
  year={2024}
}

@misc{aes,
  title={Improved aesthetic predictor},
  author={Schuhmann, Christoph},
  year={2022}
}

@inproceedings{frozen_in_time,
  title={Frozen in time: A joint video and image encoder for end-to-end retrieval},
  author={Bain, Max and Nagrani, Arsha and Varol, G{\"u}l and Zisserman, Andrew},
  booktitle={Proceedings of the IEEE/CVF international conference on computer vision},
  pages={1728--1738},
  year={2021}
}

@misc{pika2023,
  author = {Pika Labs},
  title = {Pika Labs},
  year = {2023},
  url = {https://www.pika.art/},
  note = {Accessed: September 25, 2023}
}

@inproceedings{gen2,
  title={Structure and content-guided video synthesis with diffusion models},
  author={Esser, Patrick and Chiu, Johnathan and Atighehchian, Parmida and Granskog, Jonathan and Germanidis, Anastasis},
  booktitle={Proceedings of the IEEE/CVF International Conference on Computer Vision},
  pages={7346--7356},
  year={2023}
}

@inproceedings{yuan2024instructvideo,
  title={InstructVideo: instructing video diffusion models with human feedback},
  author={Yuan, Hangjie and Zhang, Shiwei and Wang, Xiang and Wei, Yujie and Feng, Tao and Pan, Yining and Zhang, Yingya and Liu, Ziwei and Albanie, Samuel and Ni, Dong},
  booktitle={Proceedings of the IEEE/CVF Conference on Computer Vision and Pattern Recognition},
  pages={6463--6474},
  year={2024}
}

@article{wang2023internvid_viclip,
  title={Internvid: A large-scale video-text dataset for multimodal understanding and generation},
  author={Wang, Yi and He, Yinan and Li, Yizhuo and Li, Kunchang and Yu, Jiashuo and Ma, Xin and Li, Xinhao and Chen, Guo and Chen, Xinyuan and Wang, Yaohui and others},
  journal={arXiv preprint arXiv:2307.06942},
  year={2023}
}

@article{dong2023raft,
  title={Raft: Reward ranked finetuning for generative foundation model alignment},
  author={Dong, Hanze and Xiong, Wei and Goyal, Deepanshu and Zhang, Yihan and Chow, Winnie and Pan, Rui and Diao, Shizhe and Zhang, Jipeng and Shum, Kashun and Zhang, Tong},
  journal={arXiv preprint arXiv:2304.06767},
  year={2023}
}

@article{ppo,
  title={Proximal policy optimization algorithms},
  author={Schulman, John and Wolski, Filip and Dhariwal, Prafulla and Radford, Alec and Klimov, Oleg},
  journal={arXiv preprint arXiv:1707.06347},
  year={2017}
}

@inproceedings{sohl2015deep,
  title={Deep unsupervised learning using nonequilibrium thermodynamics},
  author={Sohl-Dickstein, Jascha and Weiss, Eric and Maheswaranathan, Niru and Ganguli, Surya},
  booktitle={International conference on machine learning},
  pages={2256--2265},
  year={2015},
  organization={PMLR}
}

@article{lzh_friend,
  title={Learning Stochastic Dynamics from Snapshots through Regularized Unbalanced Optimal Transport},
  author={Zhang, Zhenyi and Li, Tiejun and Zhou, Peijie},
  journal={arXiv preprint arXiv:2410.00844},
  year={2024}
}

@article{modelscope,
  title={Modelscope text-to-video technical report},
  author={Wang, Jiuniu and Yuan, Hangjie and Chen, Dayou and Zhang, Yingya and Wang, Xiang and Zhang, Shiwei},
  journal={arXiv preprint arXiv:2308.06571},
  year={2023}
}

@article{podell2023sdxl,
  title={Sdxl: Improving latent diffusion models for high-resolution image synthesis},
  author={Podell, Dustin and English, Zion and Lacey, Kyle and Blattmann, Andreas and Dockhorn, Tim and M{\"u}ller, Jonas and Penna, Joe and Rombach, Robin},
  journal={arXiv preprint arXiv:2307.01952},
  year={2023}
}

@article{BP,
  title={Learning representations by back-propagating errors},
  author={Rumelhart, David E and Hinton, Geoffrey E and Williams, Ronald J},
  journal={nature},
  volume={323},
  number={6088},
  pages={533--536},
  year={1986},
  publisher={Nature Publishing Group UK London}
}

@article{schuhmann2022laion,
  title={Laion-5b: An open large-scale dataset for training next generation image-text models},
  author={Schuhmann, Christoph and Beaumont, Romain and Vencu, Richard and Gordon, Cade and Wightman, Ross and Cherti, Mehdi and Coombes, Theo and Katta, Aarush and Mullis, Clayton and Wortsman, Mitchell and others},
  journal={Advances in Neural Information Processing Systems},
  volume={35},
  pages={25278--25294},
  year={2022}
}

@article{RL_DPOK,
  title={Reinforcement learning for fine-tuning text-to-image diffusion models},
  author={Fan, Ying and Watkins, Olivia and Du, Yuqing and Liu, Hao and Ryu, Moonkyung and Boutilier, Craig and Abbeel, Pieter and Ghavamzadeh, Mohammad and Lee, Kangwook and Lee, Kimin},
  journal={Advances in Neural Information Processing Systems},
  volume={36},
  year={2024}
}

@article{transformer,
  title={Attention is all you need},
  author={Vaswani, A},
  journal={Advances in Neural Information Processing Systems},
  year={2017}
}

@article{he2024videoscore,
  title={Videoscore: Building automatic metrics to simulate fine-grained human feedback for video generation},
  author={He, Xuan and Jiang, Dongfu and Zhang, Ge and Ku, Max and Soni, Achint and Siu, Sherman and Chen, Haonan and Chandra, Abhranil and Jiang, Ziyan and Arulraj, Aaran and others},
  journal={arXiv preprint arXiv:2406.15252},
  year={2024}
}

@article{xu2024visionreward,
  title={VisionReward: Fine-Grained Multi-Dimensional Human Preference Learning for Image and Video Generation},
  author={Xu, Jiazheng and Huang, Yu and Cheng, Jiale and Yang, Yuanming and Xu, Jiajun and Wang, Yuan and Duan, Wenbo and Yang, Shen and Jin, Qunlin and Li, Shurun and others},
  journal={arXiv preprint arXiv:2412.21059},
  year={2024}
}

@article{revisi_ZO,
  title={Revisiting zeroth-order optimization for memory-efficient llm fine-tuning: A benchmark},
  author={Zhang, Yihua and Li, Pingzhi and Hong, Junyuan and Li, Jiaxiang and Zhang, Yimeng and Zheng, Wenqing and Chen, Pin-Yu and Lee, Jason D and Yin, Wotao and Hong, Mingyi and others},
  journal={arXiv preprint arXiv:2402.11592},
  year={2024}
}

@article{HiZOO,
  title={Second-order fine-tuning without pain for llms: A hessian informed zeroth-order optimizer},
  author={Zhao, Yanjun and Dang, Sizhe and Ye, Haishan and Dai, Guang and Qian, Yi and Tsang, Ivor W},
  journal={arXiv preprint arXiv:2402.15173},
  year={2024}
}