@article{DPO,
  title={Direct preference optimization: Your language model is secretly a reward model},
  author={Rafailov, Rafael and Sharma, Archit and Mitchell, Eric and Manning, Christopher D and Ermon, Stefano and Finn, Chelsea},
  journal={Advances in Neural Information Processing Systems},
  volume={36},
  year={2024}
}

@inproceedings{DiT,
  title={Scalable diffusion models with transformers},
  author={Peebles, William and Xie, Saining},
  booktitle={Proceedings of the IEEE/CVF International Conference on Computer Vision},
  pages={4195--4205},
  year={2023}
}

@article{EDM,
  title={Elucidating the design space of diffusion-based generative models},
  author={Karras, Tero and Aittala, Miika and Aila, Timo and Laine, Samuli},
  journal={Advances in neural information processing systems},
  volume={35},
  pages={26565--26577},
  year={2022}
}

@article{HiZOO,
  title={Second-order fine-tuning without pain for llms: A hessian informed zeroth-order optimizer},
  author={Zhao, Yanjun and Dang, Sizhe and Ye, Haishan and Dai, Guang and Qian, Yi and Tsang, Ivor W},
  journal={arXiv preprint arXiv:2402.15173},
  year={2024}
}

@inproceedings{LDM,
  title={High-resolution image synthesis with latent diffusion models},
  author={Rombach, Robin and Blattmann, Andreas and Lorenz, Dominik and Esser, Patrick and Ommer, Bj{\"o}rn},
  booktitle={Proceedings of the IEEE/CVF conference on computer vision and pattern recognition},
  pages={10684--10695},
  year={2022}
}

@article{RLHF,
  title={Fine-tuning language models from human preferences},
  author={Ziegler, Daniel M and Stiennon, Nisan and Wu, Jeffrey and Brown, Tom B and Radford, Alec and Amodei, Dario and Christiano, Paul and Irving, Geoffrey},
  journal={arXiv preprint arXiv:1909.08593},
  year={2019}
}

@article{RLHF_blog,
  author = {Lambert, Nathan and Castricato, Louis and von Werra, Leandro and Havrilla, Alex},
  title = {Illustrating Reinforcement Learning from Human Feedback (RLHF)},
  journal = {Hugging Face Blog},
  year = {2022},
  note = {https://huggingface.co/blog/rlhf},
}

@article{achiam2023gpt4,
  title={Gpt-4 technical report},
  author={Achiam, Josh and Adler, Steven and Agarwal, Sandhini and Ahmad, Lama and Akkaya, Ilge and Aleman, Florencia Leoni and Almeida, Diogo and Altenschmidt, Janko and Altman, Sam and Anadkat, Shyamal and others},
  journal={arXiv preprint arXiv:2303.08774},
  year={2023}
}

@article{alignprop,
  title={Aligning text-to-image diffusion models with reward backpropagation},
  author={Prabhudesai, Mihir and Goyal, Anirudh and Pathak, Deepak and Fragkiadaki, Katerina},
  journal={arXiv preprint arXiv:2310.03739},
  year={2023}
}

@article{chen2024enhancing,
  title={Enhancing Zeroth-order Fine-tuning for Language Models with Low-rank Structures},
  author={Chen, Yiming and Zhang, Yuan and Cao, Liyuan and Yuan, Kun and Wen, Zaiwen},
  journal={arXiv preprint arXiv:2410.07698},
  year={2024}
}

@article{ddim,
  title={Denoising diffusion implicit models},
  author={Song, Jiaming and Meng, Chenlin and Ermon, Stefano},
  journal={arXiv preprint arXiv:2010.02502},
  year={2020}
}

@article{ddpm,
  title={Denoising diffusion probabilistic models},
  author={Ho, Jonathan and Jain, Ajay and Abbeel, Pieter},
  journal={Advances in neural information processing systems},
  volume={33},
  pages={6840--6851},
  year={2020}
}

@article{ddpo,
  title={Training diffusion models with reinforcement learning},
  author={Black, Kevin and Janner, Michael and Du, Yilun and Kostrikov, Ilya and Levine, Sergey},
  journal={arXiv preprint arXiv:2305.13301},
  year={2023}
}

@article{deepzero,
  title={Deepzero: Scaling up zeroth-order optimization for deep model training},
  author={Chen, Aochuan and Zhang, Yimeng and Jia, Jinghan and Diffenderfer, James and Liu, Jiancheng and Parasyris, Konstantinos and Zhang, Yihua and Zhang, Zheng and Kailkhura, Bhavya and Liu, Sijia},
  journal={arXiv preprint arXiv:2310.02025},
  year={2023}
}

@inproceedings{diffusion_dpo,
  title={Diffusion model alignment using direct preference optimization},
  author={Wallace, Bram and Dang, Meihua and Rafailov, Rafael and Zhou, Linqi and Lou, Aaron and Purushwalkam, Senthil and Ermon, Stefano and Xiong, Caiming and Joty, Shafiq and Naik, Nikhil},
  booktitle={Proceedings of the IEEE/CVF Conference on Computer Vision and Pattern Recognition},
  pages={8228--8238},
  year={2024}
}

@article{draft,
  title={Directly fine-tuning diffusion models on differentiable rewards},
  author={Clark, Kevin and Vicol, Paul and Swersky, Kevin and Fleet, David J},
  journal={arXiv preprint arXiv:2309.17400},
  year={2023}
}

@inproceedings{frozen_in_time,
  title={Frozen in time: A joint video and image encoder for end-to-end retrieval},
  author={Bain, Max and Nagrani, Arsha and Varol, G{\"u}l and Zisserman, Andrew},
  booktitle={Proceedings of the IEEE/CVF international conference on computer vision},
  pages={1728--1738},
  year={2021}
}

@article{he2024videoscore,
  title={Videoscore: Building automatic metrics to simulate fine-grained human feedback for video generation},
  author={He, Xuan and Jiang, Dongfu and Zhang, Ge and Ku, Max and Soni, Achint and Siu, Sherman and Chen, Haonan and Chandra, Abhranil and Jiang, Ziyan and Arulraj, Aaran and others},
  journal={arXiv preprint arXiv:2406.15252},
  year={2024}
}

@article{hinton2022forward,
  title={The forward-forward algorithm: Some preliminary investigations},
  author={Hinton, Geoffrey},
  journal={arXiv preprint arXiv:2212.13345},
  year={2022}
}

@article{imagereward,
  title={Imagereward: Learning and evaluating human preferences for text-to-image generation},
  author={Xu, Jiazheng and Liu, Xiao and Wu, Yuchen and Tong, Yuxuan and Li, Qinkai and Ding, Ming and Tang, Jie and Dong, Yuxiao},
  journal={Advances in Neural Information Processing Systems},
  volume={36},
  year={2024}
}

@article{mezo,
  title={Fine-tuning language models with just forward passes},
  author={Malladi, Sadhika and Gao, Tianyu and Nichani, Eshaan and Damian, Alex and Lee, Jason D and Chen, Danqi and Arora, Sanjeev},
  journal={Advances in Neural Information Processing Systems},
  volume={36},
  pages={53038--53075},
  year={2023}
}

@inproceedings{oneforward,
  title={One Forward is Enough for Neural Network Training via Likelihood Ratio Method},
  author={Jiang, Jinyang and Zhang, Zeliang and Xu, Chenliang and Yu, Zhaofei and Peng, Yijie},
  booktitle={The Twelfth International Conference on Learning Representations},
  year={2024}
}

@article{peng2022new,
  title={A new likelihood ratio method for training artificial neural networks},
  author={Peng, Yijie and Xiao, Li and Heidergott, Bernd and Hong, L Jeff and Lam, Henry},
  journal={INFORMS Journal on Computing},
  volume={34},
  number={1},
  pages={638--655},
  year={2022},
  publisher={INFORMS}
}

@article{ren2024flops,
  title={FLOPS: Forward Learning with OPtimal Sampling},
  author={Ren, Tao and Zhang, Zishi and Jiang, Jinyang and Li, Guanghao and Zhang, Zeliang and Feng, Mingqian and Peng, Yijie},
  journal={arXiv preprint arXiv:2410.05966},
  year={2024}
}

@article{revisi_ZO,
  title={Revisiting zeroth-order optimization for memory-efficient llm fine-tuning: A benchmark},
  author={Zhang, Yihua and Li, Pingzhi and Hong, Junyuan and Li, Jiaxiang and Zhang, Yimeng and Zheng, Wenqing and Chen, Pin-Yu and Lee, Jason D and Yin, Wotao and Hong, Mingyi and others},
  journal={arXiv preprint arXiv:2402.11592},
  year={2024}
}

@article{salimans2017evolution,
  title={Evolution strategies as a scalable alternative to reinforcement learning},
  author={Salimans, Tim and Ho, Jonathan and Chen, Xi and Sidor, Szymon and Sutskever, Ilya},
  journal={arXiv preprint arXiv:1703.03864},
  year={2017}
}

@article{scaling_neural_LM,
  title={Scaling laws for neural language models},
  author={Kaplan, Jared and McCandlish, Sam and Henighan, Tom and Brown, Tom B and Chess, Benjamin and Child, Rewon and Gray, Scott and Radford, Alec and Wu, Jeffrey and Amodei, Dario},
  journal={arXiv preprint arXiv:2001.08361},
  year={2020}
}

@article{schuhmann2022laion,
  title={Laion-5b: An open large-scale dataset for training next generation image-text models},
  author={Schuhmann, Christoph and Beaumont, Romain and Vencu, Richard and Gordon, Cade and Wightman, Ross and Cherti, Mehdi and Coombes, Theo and Katta, Aarush and Mullis, Clayton and Wortsman, Mitchell and others},
  journal={Advances in Neural Information Processing Systems},
  volume={35},
  pages={25278--25294},
  year={2022}
}

@article{score_sde,
  title={Score-based generative modeling through stochastic differential equations},
  author={Song, Yang and Sohl-Dickstein, Jascha and Kingma, Diederik P and Kumar, Abhishek and Ermon, Stefano and Poole, Ben},
  journal={arXiv preprint arXiv:2011.13456},
  year={2020}
}

@article{transformer,
  title={Attention is all you need},
  author={Vaswani, A},
  journal={Advances in Neural Information Processing Systems},
  year={2017}
}

@article{vader,
  title={Video diffusion alignment via reward gradients},
  author={Prabhudesai, Mihir and Mendonca, Russell and Qin, Zheyang and Fragkiadaki, Katerina and Pathak, Deepak},
  journal={arXiv preprint arXiv:2407.08737},
  year={2024}
}

@inproceedings{videocrafter2,
  title={Videocrafter2: Overcoming data limitations for high-quality video diffusion models},
  author={Chen, Haoxin and Zhang, Yong and Cun, Xiaodong and Xia, Menghan and Wang, Xintao and Weng, Chao and Shan, Ying},
  booktitle={Proceedings of the IEEE/CVF Conference on Computer Vision and Pattern Recognition},
  pages={7310--7320},
  year={2024}
}

@article{wang2023internvid_viclip,
  title={Internvid: A large-scale video-text dataset for multimodal understanding and generation},
  author={Wang, Yi and He, Yinan and Li, Yizhuo and Li, Kunchang and Yu, Jiashuo and Ma, Xin and Li, Xinhao and Chen, Guo and Chen, Xinyuan and Wang, Yaohui and others},
  journal={arXiv preprint arXiv:2307.06942},
  year={2023}
}

@article{xu2024visionreward,
  title={VisionReward: Fine-Grained Multi-Dimensional Human Preference Learning for Image and Video Generation},
  author={Xu, Jiazheng and Huang, Yu and Cheng, Jiale and Yang, Yuanming and Xu, Jiajun and Wang, Yuan and Duan, Wenbo and Yang, Shen and Jin, Qunlin and Li, Shurun and others},
  journal={arXiv preprint arXiv:2412.21059},
  year={2024}
}

