@article{ahn2022can,
  title={Do as i can, not as i say: Grounding language in robotic affordances},
  author={Ahn, Michael and Brohan, Anthony and Brown, Noah and Chebotar, Yevgen and Cortes, Omar and David, Byron and Finn, Chelsea and Fu, Chuyuan and Gopalakrishnan, Keerthana and Hausman, Karol and others},
  journal={arXiv preprint arXiv:2204.01691},
  year={2022}
}

@article{ajay2024compositional,
  title={Compositional foundation models for hierarchical planning},
  author={Ajay, Anurag and Han, Seungwook and Du, Yilun and Li, Shuang and Gupta, Abhi and Jaakkola, Tommi and Tenenbaum, Josh and Kaelbling, Leslie and Srivastava, Akash and Agrawal, Pulkit},
  journal={Advances in Neural Information Processing Systems},
  volume={36},
  year={2024}
}

@article{bent2004scenario,
  title={Scenario-based planning for partially dynamic vehicle routing with stochastic customers},
  author={Bent, Russell W and Van Hentenryck, Pascal},
  journal={Operations Research},
  volume={52},
  number={6},
  pages={977--987},
  year={2004},
  publisher={INFORMS}
}

@article{bertsekas1979distributed,
  title={A distributed algorithm for the assignment problem},
  author={Bertsekas, Dimitri P},
  journal={Lab. for Information and Decision Systems Working Paper, MIT},
  year={1979}
}

@article{bertsimas2019online,
  title={Online vehicle routing: The edge of optimization in large-scale applications},
  author={Bertsimas, Dimitris and Jaillet, Patrick and Martin, S{\'e}bastien},
  journal={Operations Research},
  volume={67},
  number={1},
  pages={143--162},
  year={2019},
  publisher={INFORMS}
}

@article{brohan2023rt,
  title={Rt-2: Vision-language-action models transfer web knowledge to robotic control},
  author={Brohan, Anthony and Brown, Noah and Carbajal, Justice and Chebotar, Yevgen and Chen, Xi and Choromanski, Krzysztof and Ding, Tianli and Driess, Danny and Dubey, Avinava and Finn, Chelsea and others},
  journal={arXiv preprint arXiv:2307.15818},
  year={2023}
}

@article{chowdhery2023palm,
  title={Palm: Scaling language modeling with pathways},
  author={Chowdhery, Aakanksha and Narang, Sharan and Devlin, Jacob and Bosma, Maarten and Mishra, Gaurav and Roberts, Adam and Barham, Paul and Chung, Hyung Won and Sutton, Charles and Gehrmann, Sebastian and others},
  journal={Journal of Machine Learning Research},
  volume={24},
  number={240},
  pages={1--113},
  year={2023}
}

@article{cobbe2021training,
  title={Training verifiers to solve math word problems},
  author={Cobbe, Karl and Kosaraju, Vineet and Bavarian, Mohammad and Chen, Mark and Jun, Heewoo and Kaiser, Lukasz and Plappert, Matthias and Tworek, Jerry and Hilton, Jacob and Nakano, Reiichiro and others},
  journal={arXiv preprint arXiv:2110.14168},
  year={2021}
}

@article{croes1958method,
  title={A method for solving traveling-salesman problems},
  author={Croes, Georges A},
  journal={Operations research},
  volume={6},
  number={6},
  pages={791--812},
  year={1958},
  publisher={INFORMS}
}

@article{driess2023palm,
  title={Palm-e: An embodied multimodal language model},
  author={Driess, Danny and Xia, Fei and Sajjadi, Mehdi SM and Lynch, Corey and Chowdhery, Aakanksha and Ichter, Brian and Wahid, Ayzaan and Tompson, Jonathan and Vuong, Quan and Yu, Tianhe and others},
  journal={arXiv preprint arXiv:2303.03378},
  year={2023}
}

@article{farazi2021deep,
  title={Deep reinforcement learning in transportation research: A review},
  author={Farazi, Nahid Parvez and Zou, Bo and Ahamed, Tanvir and Barua, Limon},
  journal={Transportation research interdisciplinary perspectives},
  volume={11},
  pages={100425},
  year={2021},
  publisher={Elsevier}
}

@article{gao2024interpretable,
  title={Interpretable Contrastive Monte Carlo Tree Search Reasoning},
  author={Gao, Zitian and Niu, Boye and He, Xuzheng and Xu, Haotian and Liu, Hongzhang and Liu, Aiwei and Hu, Xuming and Wen, Lijie},
  journal={arXiv preprint arXiv:2410.01707},
  year={2024}
}

@inproceedings{garces2023multiagent,
  title={Multiagent reinforcement learning for autonomous routing and pickup problem with adaptation to variable demand},
  author={Garces, Daniel and Bhattacharya, Sushmita and Gil, Stephanie and Bertsekas, Dimitri},
  booktitle={2023 IEEE International Conference on Robotics and Automation (ICRA)},
  pages={3524--3531},
  year={2023},
  organization={IEEE}
}

@article{ge2024openagi,
  title={Openagi: When llm meets domain experts},
  author={Ge, Yingqiang and Hua, Wenyue and Mei, Kai and Tan, Juntao and Xu, Shuyuan and Li, Zelong and Zhang, Yongfeng and others},
  journal={Advances in Neural Information Processing Systems},
  volume={36},
  year={2024}
}

@article{kim2024openvla,
  title={OpenVLA: An Open-Source Vision-Language-Action Model},
  author={Kim, Moo Jin and Pertsch, Karl and Karamcheti, Siddharth and Xiao, Ted and Balakrishna, Ashwin and Nair, Suraj and Rafailov, Rafael and Foster, Ethan and Lam, Grace and Sanketi, Pannag and others},
  journal={arXiv preprint arXiv:2406.09246},
  year={2024}
}

@article{kondor2022cost,
  title={The cost of non-coordination in urban on-demand mobility},
  author={Kondor, D{\'a}niel and Bojic, Iva and Resta, Giovanni and Duarte, F{\'a}bio and Santi, Paolo and Ratti, Carlo},
  journal={Scientific reports},
  volume={12},
  number={1},
  pages={4669},
  year={2022},
  publisher={Nature Publishing Group UK London}
}

@inproceedings{lee2022autonomous,
  title={Autonomous delivery of multiple packages using single drone in urban airspace},
  author={Lee, Seunghyun and Shahzaad, Babar and Alkouz, Balsam and Lakhdari, Abdallah and Bouguettaya, Athman},
  booktitle={Adjunct Proceedings of the 2022 ACM International Joint Conference on Pervasive and Ubiquitous Computing and the 2022 ACM International Symposium on Wearable Computers},
  pages={72--74},
  year={2022}
}

@article{li2021breaking,
  title={Breaking the sample complexity barrier to regret-optimal model-free reinforcement learning},
  author={Li, Gen and Shi, Laixi and Chen, Yuxin and Gu, Yuantao and Chi, Yuejie},
  journal={Advances in Neural Information Processing Systems},
  volume={34},
  pages={17762--17776},
  year={2021}
}

@incollection{li2023deep,
  title={Deep reinforcement learning},
  author={Li, Shengbo Eben},
  booktitle={Reinforcement learning for sequential decision and optimal control},
  pages={365--402},
  year={2023},
  publisher={Springer}
}

@article{lightman2023let,
  title={Let's verify step by step},
  author={Lightman, Hunter and Kosaraju, Vineet and Burda, Yura and Edwards, Harri and Baker, Bowen and Lee, Teddy and Leike, Jan and Schulman, John and Sutskever, Ilya and Cobbe, Karl},
  journal={arXiv preprint arXiv:2305.20050},
  year={2023}
}

@article{liu2023can,
  title={Can language models be used for real-world urban-delivery route optimization?},
  author={Liu, Yang and Wu, Fanyou and Liu, Zhiyuan and Wang, Kai and Wang, Feiyue and Qu, Xiaobo},
  journal={The Innovation},
  volume={4},
  number={6},
  year={2023},
  publisher={Elsevier}
}

@article{merchan20242021,
  title={2021 Amazon last mile routing research challenge: Data set},
  author={Merch{\'a}n, Daniel and Arora, Jatin and Pachon, Julian and Konduri, Karthik and Winkenbach, Matthias and Parks, Steven and Noszek, Joseph},
  journal={Transportation Science},
  volume={58},
  number={1},
  pages={8--11},
  year={2024},
  publisher={INFORMS}
}

@article{morad2024language,
  title={Language-Conditioned Offline RL for Multi-Robot Navigation},
  author={Morad, Steven and Shankar, Ajay and Blumenkamp, Jan and Prorok, Amanda},
  journal={arXiv preprint arXiv:2407.20164},
  year={2024}
}

@article{oquab2023dinov2,
  title={Dinov2: Learning robust visual features without supervision},
  author={Oquab, Maxime and Darcet, Timoth{\'e}e and Moutakanni, Th{\'e}o and Vo, Huy and Szafraniec, Marc and Khalidov, Vasil and Fernandez, Pierre and Haziza, Daniel and Massa, Francisco and El-Nouby, Alaaeldin and others},
  journal={arXiv preprint arXiv:2304.07193},
  year={2023}
}

@article{silver2010monte,
  title={Monte-Carlo planning in large POMDPs},
  author={Silver, David and Veness, Joel},
  journal={Advances in neural information processing systems},
  volume={23},
  year={2010}
}

@article{somani2013despot,
  title={DESPOT: Online POMDP planning with regularization},
  author={Somani, Adhiraj and Ye, Nan and Hsu, David and Lee, Wee Sun},
  journal={Advances in neural information processing systems},
  volume={26},
  year={2013}
}

@article{touvron2023llama,
  title={Llama 2: Open foundation and fine-tuned chat models},
  author={Touvron, Hugo and Martin, Louis and Stone, Kevin and Albert, Peter and Almahairi, Amjad and Babaei, Yasmine and Bashlykov, Nikolay and Batra, Soumya and Bhargava, Prajjwal and Bhosale, Shruti and others},
  journal={arXiv preprint arXiv:2307.09288},
  year={2023}
}

@article{ulmer2019offline,
  title={Offline--online approximate dynamic programming for dynamic vehicle routing with stochastic requests},
  author={Ulmer, Marlin W and Goodson, Justin C and Mattfeld, Dirk C and Hennig, Marco},
  journal={Transportation Science},
  volume={53},
  number={1},
  pages={185--202},
  year={2019},
  publisher={INFORMS}
}

@article{vazifeh2018addressing,
  title={Addressing the minimum fleet problem in on-demand urban mobility},
  author={Vazifeh, Mohammad M and Santi, Paolo and Resta, Giovanni and Strogatz, Steven H and Ratti, Carlo},
  journal={Nature},
  volume={557},
  number={7706},
  pages={534--538},
  year={2018},
  publisher={Nature Publishing Group}
}

@article{wang2023math,
  title={Math-shepherd: A label-free step-by-step verifier for llms in mathematical reasoning},
  author={Wang, Peiyi and Li, Lei and Shao, Zhihong and Xu, RX and Dai, Damai and Li, Yifei and Chen, Deli and Wu, Y and Sui, Zhifang},
  journal={arXiv preprint arXiv:2312.08935},
  year={2023}
}

@article{wang2023robustness,
  title={On the robustness of chatgpt: An adversarial and out-of-distribution perspective},
  author={Wang, Jindong and Hu, Xixu and Hou, Wenxin and Chen, Hao and Zheng, Runkai and Wang, Yidong and Yang, Linyi and Huang, Haojun and Ye, Wei and Geng, Xiubo and others},
  journal={arXiv preprint arXiv:2302.12095},
  year={2023}
}

@article{wang2024q,
  title={Q*: Improving Multi-step Reasoning for LLMs with Deliberative Planning},
  author={Wang, Chaojie and Deng, Yanchen and Lv, Zhiyi and Yan, Shuicheng and Bo, An},
  journal={arXiv preprint arXiv:2406.14283},
  year={2024}
}

@article{wang2024towards,
  title={Towards Self-Improvement of LLMs via MCTS: Leveraging Stepwise Knowledge with Curriculum Preference Learning},
  author={Wang, Xiyao and Song, Linfeng and Tian, Ye and Yu, Dian and Peng, Baolin and Mi, Haitao and Huang, Furong and Yu, Dong},
  journal={arXiv preprint arXiv:2410.06508},
  year={2024}
}

@article{wei2022chain,
  title={Chain-of-thought prompting elicits reasoning in large language models},
  author={Wei, Jason and Wang, Xuezhi and Schuurmans, Dale and Bosma, Maarten and Xia, Fei and Chi, Ed and Le, Quoc V and Zhou, Denny and others},
  journal={Advances in neural information processing systems},
  volume={35},
  pages={24824--24837},
  year={2022}
}

@inproceedings{yang2024diffusion,
  title={Diffusion-ES: Gradient-free Planning with Diffusion for Autonomous and Instruction-guided Driving},
  author={Yang, Brian and Su, Huangyuan and Gkanatsios, Nikolaos and Ke, Tsung-Wei and Jain, Ayush and Schneider, Jeff and Fragkiadaki, Katerina},
  booktitle={Proceedings of the IEEE/CVF Conference on Computer Vision and Pattern Recognition},
  pages={15342--15353},
  year={2024}
}

@article{yang2024thinking,
  title={Thinking in Space: How Multimodal Large Language Models See, Remember, and Recall Spaces},
  author={Yang, Jihan and Yang, Shusheng and Gupta, Anjali W and Han, Rilyn and Fei-Fei, Li and Xie, Saining},
  journal={arXiv preprint arXiv:2412.14171},
  year={2024}
}

@article{yao2024tree,
  title={Tree of thoughts: Deliberate problem solving with large language models},
  author={Yao, Shunyu and Yu, Dian and Zhao, Jeffrey and Shafran, Izhak and Griffiths, Tom and Cao, Yuan and Narasimhan, Karthik},
  journal={Advances in Neural Information Processing Systems},
  volume={36},
  year={2024}
}

@article{ye2022spending,
  title={Spending thinking time wisely: Accelerating mcts with virtual expansions},
  author={Ye, Weirui and Abbeel, Pieter and Gao, Yang},
  journal={Advances in Neural Information Processing Systems},
  volume={35},
  pages={12211--12224},
  year={2022}
}

@inproceedings{zhai2023sigmoid,
  title={Sigmoid loss for language image pre-training},
  author={Zhai, Xiaohua and Mustafa, Basil and Kolesnikov, Alexander and Beyer, Lucas},
  booktitle={Proceedings of the IEEE/CVF International Conference on Computer Vision},
  pages={11975--11986},
  year={2023}
}

@article{zhang2024improving,
  title={Improving Sample Efficiency of Reinforcement Learning with Background Knowledge from Large Language Models},
  author={Zhang, Fuxiang and Li, Junyou and Li, Yi-Chen and Zhang, Zongzhang and Yu, Yang and Ye, Deheng},
  journal={arXiv preprint arXiv:2407.03964},
  year={2024}
}

@article{zhang2024rest,
  title={ReST-MCTS*: LLM Self-Training via Process Reward Guided Tree Search},
  author={Zhang, Dan and Zhoubian, Sining and Yue, Yisong and Dong, Yuxiao and Tang, Jie},
  journal={arXiv preprint arXiv:2406.03816},
  year={2024}
}

@article{zhen20243d,
  title={3d-vla: A 3d vision-language-action generative world model},
  author={Zhen, Haoyu and Qiu, Xiaowen and Chen, Peihao and Yang, Jincheng and Yan, Xin and Du, Yilun and Hong, Yining and Gan, Chuang},
  journal={arXiv preprint arXiv:2403.09631},
  year={2024}
}

