
@book{bertsekas2023course,
  title={A course in reinforcement learning},
  author={Bertsekas, Dimitri},
  year={2023},
  publisher={Athena Scientific}
}

@book{bertsekas2019reinforcement,
  title={Reinforcement learning and optimal control},
  author={Bertsekas, Dimitri},
  volume={1},
  year={2019},
  publisher={Athena Scientific}
}

@article{zhang2024improving,
  title={Improving Sample Efficiency of Reinforcement Learning with Background Knowledge from Large Language Models},
  author={Zhang, Fuxiang and Li, Junyou and Li, Yi-Chen and Zhang, Zongzhang and Yu, Yang and Ye, Deheng},
  journal={arXiv preprint arXiv:2407.03964},
  year={2024}
}

@article{ajay2024compositional,
  title={Compositional foundation models for hierarchical planning},
  author={Ajay, Anurag and Han, Seungwook and Du, Yilun and Li, Shuang and Gupta, Abhi and Jaakkola, Tommi and Tenenbaum, Josh and Kaelbling, Leslie and Srivastava, Akash and Agrawal, Pulkit},
  journal={Advances in Neural Information Processing Systems},
  volume={36},
  year={2024}
}

@article{morad2024language,
  title={Language-Conditioned Offline RL for Multi-Robot Navigation},
  author={Morad, Steven and Shankar, Ajay and Blumenkamp, Jan and Prorok, Amanda},
  journal={arXiv preprint arXiv:2407.20164},
  year={2024}
}

@article{ahn2022can,
  title={Do as i can, not as i say: Grounding language in robotic affordances},
  author={Ahn, Michael and Brohan, Anthony and Brown, Noah and Chebotar, Yevgen and Cortes, Omar and David, Byron and Finn, Chelsea and Fu, Chuyuan and Gopalakrishnan, Keerthana and Hausman, Karol and others},
  journal={arXiv preprint arXiv:2204.01691},
  year={2022}
}


# robustness of LLMs in OOD generalization
@article{ge2024openagi,
  title={Openagi: When llm meets domain experts},
  author={Ge, Yingqiang and Hua, Wenyue and Mei, Kai and Tan, Juntao and Xu, Shuyuan and Li, Zelong and Zhang, Yongfeng and others},
  journal={Advances in Neural Information Processing Systems},
  volume={36},
  year={2024}
}

@article{wang2023robustness,
  title={On the robustness of chatgpt: An adversarial and out-of-distribution perspective},
  author={Wang, Jindong and Hu, Xixu and Hou, Wenxin and Chen, Hao and Zheng, Runkai and Wang, Yidong and Yang, Linyi and Huang, Haojun and Ye, Wei and Geng, Xiubo and others},
  journal={arXiv preprint arXiv:2302.12095},
  year={2023}
}

@article{yang2024harnessing,
  title={Harnessing the power of llms in practice: A survey on chatgpt and beyond},
  author={Yang, Jingfeng and Jin, Hongye and Tang, Ruixiang and Han, Xiaotian and Feng, Qizhang and Jiang, Haoming and Zhong, Shaochen and Yin, Bing and Hu, Xia},
  journal={ACM Transactions on Knowledge Discovery from Data},
  volume={18},
  number={6},
  pages={1--32},
  year={2024},
  publisher={ACM New York, NY}
}

@article{oquab2023dinov2,
  title={Dinov2: Learning robust visual features without supervision},
  author={Oquab, Maxime and Darcet, Timoth{\'e}e and Moutakanni, Th{\'e}o and Vo, Huy and Szafraniec, Marc and Khalidov, Vasil and Fernandez, Pierre and Haziza, Daniel and Massa, Francisco and El-Nouby, Alaaeldin and others},
  journal={arXiv preprint arXiv:2304.07193},
  year={2023}
}

@inproceedings{zhai2023sigmoid,
  title={Sigmoid loss for language image pre-training},
  author={Zhai, Xiaohua and Mustafa, Basil and Kolesnikov, Alexander and Beyer, Lucas},
  booktitle={Proceedings of the IEEE/CVF International Conference on Computer Vision},
  pages={11975--11986},
  year={2023}
}

@article{touvron2023llama,
  title={Llama 2: Open foundation and fine-tuned chat models},
  author={Touvron, Hugo and Martin, Louis and Stone, Kevin and Albert, Peter and Almahairi, Amjad and Babaei, Yasmine and Bashlykov, Nikolay and Batra, Soumya and Bhargava, Prajjwal and Bhosale, Shruti and others},
  journal={arXiv preprint arXiv:2307.09288},
  year={2023}
}

@online{llamarecipes,
  title={Llama Cookbook: The Official Guide to building with Llama Models},
  author={},
  url = {https://github.com/meta-llama/llama-cookbook},
  year={2024}
}

@article{chowdhery2023palm,
  title={Palm: Scaling language modeling with pathways},
  author={Chowdhery, Aakanksha and Narang, Sharan and Devlin, Jacob and Bosma, Maarten and Mishra, Gaurav and Roberts, Adam and Barham, Paul and Chung, Hyung Won and Sutton, Charles and Gehrmann, Sebastian and others},
  journal={Journal of Machine Learning Research},
  volume={24},
  number={240},
  pages={1--113},
  year={2023}
}

@article{driess2023palm,
  title={Palm-e: An embodied multimodal language model},
  author={Driess, Danny and Xia, Fei and Sajjadi, Mehdi SM and Lynch, Corey and Chowdhery, Aakanksha and Ichter, Brian and Wahid, Ayzaan and Tompson, Jonathan and Vuong, Quan and Yu, Tianhe and others},
  journal={arXiv preprint arXiv:2303.03378},
  year={2023}
}

# problem with greedy policy
@article{kondor2022cost,
  title={The cost of non-coordination in urban on-demand mobility},
  author={Kondor, D{\'a}niel and Bojic, Iva and Resta, Giovanni and Duarte, F{\'a}bio and Santi, Paolo and Ratti, Carlo},
  journal={Scientific reports},
  volume={12},
  number={1},
  pages={4669},
  year={2022},
  publisher={Nature Publishing Group UK London}
}

@article{vazifeh2018addressing,
  title={Addressing the minimum fleet problem in on-demand urban mobility},
  author={Vazifeh, Mohammad M and Santi, Paolo and Resta, Giovanni and Strogatz, Steven H and Ratti, Carlo},
  journal={Nature},
  volume={557},
  number={7706},
  pages={534--538},
  year={2018},
  publisher={Nature Publishing Group}
}


# previous works from REACT
@inproceedings{garces2023multiagent,
  title={Multiagent reinforcement learning for autonomous routing and pickup problem with adaptation to variable demand},
  author={Garces, Daniel and Bhattacharya, Sushmita and Gil, Stephanie and Bertsekas, Dimitri},
  booktitle={2023 IEEE International Conference on Robotics and Automation (ICRA)},
  pages={3524--3531},
  year={2023},
  organization={IEEE}
}


@article{kakade2001natural,
  title={A natural policy gradient},
  author={Kakade, Sham M},
  journal={Advances in neural information processing systems},
  volume={14},
  year={2001}
}


# MCTS + LLMs
@article{zhang2024rest,
  title={ReST-MCTS*: LLM Self-Training via Process Reward Guided Tree Search},
  author={Zhang, Dan and Zhoubian, Sining and Yue, Yisong and Dong, Yuxiao and Tang, Jie},
  journal={arXiv preprint arXiv:2406.03816},
  year={2024}
}

@article{gao2024interpretable,
  title={Interpretable Contrastive Monte Carlo Tree Search Reasoning},
  author={Gao, Zitian and Niu, Boye and He, Xuzheng and Xu, Haotian and Liu, Hongzhang and Liu, Aiwei and Hu, Xuming and Wen, Lijie},
  journal={arXiv preprint arXiv:2410.01707},
  year={2024}
}

@article{wang2024towards,
  title={Towards Self-Improvement of LLMs via MCTS: Leveraging Stepwise Knowledge with Curriculum Preference Learning},
  author={Wang, Xiyao and Song, Linfeng and Tian, Ye and Yu, Dian and Peng, Baolin and Mi, Haitao and Huang, Furong and Yu, Dong},
  journal={arXiv preprint arXiv:2410.06508},
  year={2024}
}

# heavy compute
@article{wang2024q,
  title={Q*: Improving Multi-step Reasoning for LLMs with Deliberative Planning},
  author={Wang, Chaojie and Deng, Yanchen and Lv, Zhiyi and Yan, Shuicheng and Bo, An},
  journal={arXiv preprint arXiv:2406.14283},
  year={2024}
}

@article{ye2022spending,
  title={Spending thinking time wisely: Accelerating mcts with virtual expansions},
  author={Ye, Weirui and Abbeel, Pieter and Gao, Yang},
  journal={Advances in Neural Information Processing Systems},
  volume={35},
  pages={12211--12224},
  year={2022}
}

# CoT
@article{wei2022chain,
  title={Chain-of-thought prompting elicits reasoning in large language models},
  author={Wei, Jason and Wang, Xuezhi and Schuurmans, Dale and Bosma, Maarten and Xia, Fei and Chi, Ed and Le, Quoc V and Zhou, Denny and others},
  journal={Advances in neural information processing systems},
  volume={35},
  pages={24824--24837},
  year={2022}
}

@article{yao2024tree,
  title={Tree of thoughts: Deliberate problem solving with large language models},
  author={Yao, Shunyu and Yu, Dian and Zhao, Jeffrey and Shafran, Izhak and Griffiths, Tom and Cao, Yuan and Narasimhan, Karthik},
  journal={Advances in Neural Information Processing Systems},
  volume={36},
  year={2024}
}

@article{wang2022self,
  title={Self-consistency improves chain of thought reasoning in language models},
  author={Wang, Xuezhi and Wei, Jason and Schuurmans, Dale and Le, Quoc and Chi, Ed and Narang, Sharan and Chowdhery, Aakanksha and Zhou, Denny},
  journal={arXiv preprint arXiv:2203.11171},
  year={2022}
}

# best-of-N
@article{lightman2023let,
  title={Let's verify step by step},
  author={Lightman, Hunter and Kosaraju, Vineet and Burda, Yura and Edwards, Harri and Baker, Bowen and Lee, Teddy and Leike, Jan and Schulman, John and Sutskever, Ilya and Cobbe, Karl},
  journal={arXiv preprint arXiv:2305.20050},
  year={2023}
}

@article{wang2023math,
  title={Math-shepherd: A label-free step-by-step verifier for llms in mathematical reasoning},
  author={Wang, Peiyi and Li, Lei and Shao, Zhihong and Xu, RX and Dai, Damai and Li, Yifei and Chen, Deli and Wu, Y and Sui, Zhifang},
  journal={arXiv preprint arXiv:2312.08935},
  year={2023}
}


@inproceedings{katz2024thought,
  title={Thought of Search: Planning with Language Models Through The Lens of Efficiency},
  author={Katz, Michael and Kokel, Harsha and Srinivas, Kavitha and Sohrabi, Shirin},
  booktitle={The First Workshop on System-2 Reasoning at Scale, NeurIPS'24},
  year={2024}
}


## online policy evaluation with finite look-ahead
# MCTS
@article{silver2010monte,
  title={Monte-Carlo planning in large POMDPs},
  author={Silver, David and Veness, Joel},
  journal={Advances in neural information processing systems},
  volume={23},
  year={2010}
}

@article{somani2013despot,
  title={DESPOT: Online POMDP planning with regularization},
  author={Somani, Adhiraj and Ye, Nan and Hsu, David and Lee, Wee Sun},
  journal={Advances in neural information processing systems},
  volume={26},
  year={2013}
}

@article{bent2004scenario,
  title={Scenario-based planning for partially dynamic vehicle routing with stochastic customers},
  author={Bent, Russell W and Van Hentenryck, Pascal},
  journal={Operations Research},
  volume={52},
  number={6},
  pages={977--987},
  year={2004},
  publisher={INFORMS}
}

# offline trained approximations, such as approximate value iteration
@article{ulmer2019offline,
  title={Offline--online approximate dynamic programming for dynamic vehicle routing with stochastic requests},
  author={Ulmer, Marlin W and Goodson, Justin C and Mattfeld, Dirk C and Hennig, Marco},
  journal={Transportation Science},
  volume={53},
  number={1},
  pages={185--202},
  year={2019},
  publisher={INFORMS}
}

@article{farazi2021deep,
  title={Deep reinforcement learning in transportation research: A review},
  author={Farazi, Nahid Parvez and Zou, Bo and Ahamed, Tanvir and Barua, Limon},
  journal={Transportation research interdisciplinary perspectives},
  volume={11},
  pages={100425},
  year={2021},
  publisher={Elsevier}
}

# heuristic-based
# auction
@article{bertsekas1979distributed,
  title={A distributed algorithm for the assignment problem},
  author={Bertsekas, Dimitri P},
  journal={Lab. for Information and Decision Systems Working Paper, MIT},
  year={1979}
}

@article{bertsimas2019online,
  title={Online vehicle routing: The edge of optimization in large-scale applications},
  author={Bertsimas, Dimitris and Jaillet, Patrick and Martin, S{\'e}bastien},
  journal={Operations Research},
  volume={67},
  number={1},
  pages={143--162},
  year={2019},
  publisher={INFORMS}
}

@article{croes1958method,
  title={A method for solving traveling-salesman problems},
  author={Croes, Georges A},
  journal={Operations research},
  volume={6},
  number={6},
  pages={791--812},
  year={1958},
  publisher={INFORMS}
}

@book{bertsekas1998network,
  title={Network optimization: continuous and discrete models},
  author={Bertsekas, Dimitri},
  volume={8},
  year={1998},
  publisher={Athena Scientific}
}

@article{bertsekas2020constrained,
  title={Constrained multiagent rollout and multidimensional assignment with the auction algorithm},
  author={Bertsekas, Dimitri},
  journal={arXiv preprint arXiv:2002.07407},
  year={2020}
}



# sample inefficiency in RL
@article{li2021breaking,
  title={Breaking the sample complexity barrier to regret-optimal model-free reinforcement learning},
  author={Li, Gen and Shi, Laixi and Chen, Yuxin and Gu, Yuantao and Chi, Yuejie},
  journal={Advances in Neural Information Processing Systems},
  volume={34},
  pages={17762--17776},
  year={2021}
}

@incollection{li2023deep,
  title={Deep reinforcement learning},
  author={Li, Shengbo Eben},
  booktitle={Reinforcement learning for sequential decision and optimal control},
  pages={365--402},
  year={2023},
  publisher={Springer}
}


# use LLMs for routing
@article{liu2023can,
  title={Can language models be used for real-world urban-delivery route optimization?},
  author={Liu, Yang and Wu, Fanyou and Liu, Zhiyuan and Wang, Kai and Wang, Feiyue and Qu, Xiaobo},
  journal={The Innovation},
  volume={4},
  number={6},
  year={2023},
  publisher={Elsevier}
}

@article{huang2024words,
  title={From Words to Routes: Applying Large Language Models to Vehicle Routing},
  author={Huang, Zhehui and Shi, Guangyao and Sukhatme, Gaurav S},
  journal={arXiv preprint arXiv:2403.10795},
  year={2024}
}

@article{deng2024can,
  title={Can llm be a good path planner based on prompt engineering? mitigating the hallucination for path planning},
  author={Deng, Hourui and Zhang, Hongjie and Ou, Jie and Feng, Chaosheng},
  journal={arXiv preprint arXiv:2408.13184},
  year={2024}
}

@article{aghzal2023can,
  title={Can large language models be good path planners? a benchmark and investigation on spatial-temporal reasoning},
  author={Aghzal, Mohamed and Plaku, Erion and Yao, Ziyu},
  journal={arXiv preprint arXiv:2310.03249},
  year={2023}
}

# random transformers
@article{zhong2024algorithmic,
  title={Algorithmic Capabilities of Random Transformers},
  author={Zhong, Ziqian and Andreas, Jacob},
  journal={arXiv preprint arXiv:2410.04368},
  year={2024}
}


@article{dubey2024llama,
  title={The llama 3 herd of models},
  author={Dubey, Abhimanyu and Jauhri, Abhinav and Pandey, Abhinav and Kadian, Abhishek and Al-Dahle, Ahmad and Letman, Aiesha and Mathur, Akhil and Schelten, Alan and Yang, Amy and Fan, Angela and others},
  journal={arXiv preprint arXiv:2407.21783},
  year={2024}
}

@online{llama32,
  author    = {Meta},
  title     = {Introducing Llama 3.2},
  year      = {2024},
  url       = {https://www.llama.com/},
  note      = {Accessed: 2024-10-20},
}

@online{llama3,
  author={Meta},
  title        = {},
  url          = {https://ai.meta.com/blog/meta-llama-3-1/},
  note         = {Accessed: 2024-12-15}, 
  year         = {2024}
}

@online{chat,
  author    = {Huggingface},
  title     = {chat templating},
  year      = {2024},
  url       = {https://huggingface.co/docs/transformers/en/chat\_templating},
  note      = {Accessed: 2024-10-20},
}

# Hallucination mitigation
# 1) prompt engineering
@article{shinn2024reflexion,
  title={Reflexion: Language agents with verbal reinforcement learning},
  author={Shinn, Noah and Cassano, Federico and Gopinath, Ashwin and Narasimhan, Karthik and Yao, Shunyu},
  journal={Advances in Neural Information Processing Systems},
  volume={36},
  year={2024}
}





@article{yang2023foundation,
  title={Foundation models for decision making: Problems, methods, and opportunities},
  author={Yang, Sherry and Nachum, Ofir and Du, Yilun and Wei, Jason and Abbeel, Pieter and Schuurmans, Dale},
  journal={arXiv preprint arXiv:2303.04129},
  year={2023}
}

# Foundation models for robotics tasks
@article{kim2024openvla,
  title={OpenVLA: An Open-Source Vision-Language-Action Model},
  author={Kim, Moo Jin and Pertsch, Karl and Karamcheti, Siddharth and Xiao, Ted and Balakrishna, Ashwin and Nair, Suraj and Rafailov, Rafael and Foster, Ethan and Lam, Grace and Sanketi, Pannag and others},
  journal={arXiv preprint arXiv:2406.09246},
  year={2024}
}

@article{zhen20243d,
  title={3d-vla: A 3d vision-language-action generative world model},
  author={Zhen, Haoyu and Qiu, Xiaowen and Chen, Peihao and Yang, Jincheng and Yan, Xin and Du, Yilun and Hong, Yining and Gan, Chuang},
  journal={arXiv preprint arXiv:2403.09631},
  year={2024}
}

@article{brohan2023rt,
  title={Rt-2: Vision-language-action models transfer web knowledge to robotic control},
  author={Brohan, Anthony and Brown, Noah and Carbajal, Justice and Chebotar, Yevgen and Chen, Xi and Choromanski, Krzysztof and Ding, Tianli and Driess, Danny and Dubey, Avinava and Finn, Chelsea and others},
  journal={arXiv preprint arXiv:2307.15818},
  year={2023}
}




@article{gil2023physicality,
  title={How physicality enables trust: A new era of trust-centered cyberphysical systems},
  author={Gil, Stephanie and Yemini, Michal and Chorti, Arsenia and Nedi{\'c}, Angelia and Poor, H Vincent and Goldsmith, Andrea J},
  journal={arXiv preprint arXiv:2311.07492},
  year={2023}
}


@article{yao2022react,
  title={React: Synergizing reasoning and acting in language models},
  author={Yao, Shunyu and Zhao, Jeffrey and Yu, Dian and Du, Nan and Shafran, Izhak and Narasimhan, Karthik and Cao, Yuan},
  journal={arXiv preprint arXiv:2210.03629},
  year={2022}
}

@article{bertsekas2021multiagent,
  title={Multiagent reinforcement learning: Rollout and policy iteration},
  author={Bertsekas, Dimitri},
  journal={IEEE/CAA Journal of Automatica Sinica},
  volume={8},
  number={2},
  pages={249--272},
  year={2021},
  publisher={IEEE}
}

@book{bertsekas2022lessons,
  title={Lessons from AlphaZero for optimal, model predictive, and adaptive control},
  author={Bertsekas, Dimitri},
  year={2022},
  publisher={Athena Scientific}
}

# mentioned certainty equivalence
@article{bertsekas1999rollout,
  title={Rollout algorithms for stochastic scheduling problems},
  author={Bertsekas, Dimitri P and Castanon, David A},
  journal={Journal of Heuristics},
  volume={5},
  pages={89--108},
  year={1999},
  publisher={Springer}
}




@inproceedings{he2023frustratingly,
  title={Frustratingly easy regularization on representation can boost deep reinforcement learning},
  author={He, Qiang and Su, Huangyuan and Zhang, Jieyu and Hou, Xinwen},
  booktitle={Proceedings of the IEEE/CVF Conference on Computer Vision and Pattern Recognition},
  pages={20215--20225},
  year={2023}
}

@inproceedings{yang2024diffusion,
  title={Diffusion-ES: Gradient-free Planning with Diffusion for Autonomous and Instruction-guided Driving},
  author={Yang, Brian and Su, Huangyuan and Gkanatsios, Nikolaos and Ke, Tsung-Wei and Jain, Ayush and Schneider, Jeff and Fragkiadaki, Katerina},
  booktitle={Proceedings of the IEEE/CVF Conference on Computer Vision and Pattern Recognition},
  pages={15342--15353},
  year={2024}
}




@online{o1,
  author={OpenAI},
  title        = {Learning to Reason with LLMs},
  url          = {https://openai.com/index/learning-to-reason-with-llms/},
  note         = {Accessed: 2024-12-15}, 
  year         = {2024}
}


@article{jones2021scaling,
  title={Scaling scaling laws with board games},
  author={Jones, Andy L},
  journal={arXiv preprint arXiv:2104.03113},
  year={2021}
}

@article{loshchilov2017decoupled,
  title={Decoupled weight decay regularization},
  author={Loshchilov, I},
  journal={arXiv preprint arXiv:1711.05101},
  year={2017}
}


verifier
@article{cobbe2021training,
  title={Training verifiers to solve math word problems},
  author={Cobbe, Karl and Kosaraju, Vineet and Bavarian, Mohammad and Chen, Mark and Jun, Heewoo and Kaiser, Lukasz and Plappert, Matthias and Tworek, Jerry and Hilton, Jacob and Nakano, Reiichiro and others},
  journal={arXiv preprint arXiv:2110.14168},
  year={2021}
}

@article{uesato2022solving,
  title={Solving math word problems with process-and outcome-based feedback},
  author={Uesato, Jonathan and Kushman, Nate and Kumar, Ramana and Song, Francis and Siegel, Noah and Wang, Lisa and Creswell, Antonia and Irving, Geoffrey and Higgins, Irina},
  journal={arXiv preprint arXiv:2211.14275},
  year={2022}
}

@article{yang2024thinking,
  title={Thinking in Space: How Multimodal Large Language Models See, Remember, and Recall Spaces},
  author={Yang, Jihan and Yang, Shusheng and Gupta, Anjali W and Han, Rilyn and Fei-Fei, Li and Xie, Saining},
  journal={arXiv preprint arXiv:2412.14171},
  year={2024}
}

@article{merchan20242021,
  title={2021 Amazon last mile routing research challenge: Data set},
  author={Merch{\'a}n, Daniel and Arora, Jatin and Pachon, Julian and Konduri, Karthik and Winkenbach, Matthias and Parks, Steven and Noszek, Joseph},
  journal={Transportation Science},
  volume={58},
  number={1},
  pages={8--11},
  year={2024},
  publisher={INFORMS}
}

@article{chollet2019measure,
  title={On the measure of intelligence},
  author={Chollet, Fran{\c{c}}ois},
  journal={arXiv preprint arXiv:1911.01547},
  year={2019}
}

@article{zhang2024transcendence,
  title={Transcendence: Generative Models Can Outperform The Experts That Train Them},
  author={Zhang, Edwin and Zhu, Vincent and Saphra, Naomi and Kleiman, Anat and Edelman, Benjamin L and Tambe, Milind and Kakade, Sham M and Malach, Eran},
  journal={arXiv preprint arXiv:2406.11741},
  year={2024}
}

@article{jumper2021highly,
  title={Highly accurate protein structure prediction with AlphaFold},
  author={Jumper, John and Evans, Richard and Pritzel, Alexander and Green, Tim and Figurnov, Michael and Ronneberger, Olaf and Tunyasuvunakool, Kathryn and Bates, Russ and {\v{Z}}{\'\i}dek, Augustin and Potapenko, Anna and others},
  journal={nature},
  volume={596},
  number={7873},
  pages={583--589},
  year={2021},
  publisher={Nature Publishing Group}
}


@inproceedings{lee2022autonomous,
  title={Autonomous delivery of multiple packages using single drone in urban airspace},
  author={Lee, Seunghyun and Shahzaad, Babar and Alkouz, Balsam and Lakhdari, Abdallah and Bouguettaya, Athman},
  booktitle={Adjunct Proceedings of the 2022 ACM International Joint Conference on Pervasive and Ubiquitous Computing and the 2022 ACM International Symposium on Wearable Computers},
  pages={72--74},
  year={2022}
}