@article{Galceran2013corveragesurvey,
	title = {A survey on coverage path planning for robotics},
	journal = {Robotics and Autonomous Systems},
	volume = {61},
	number = {12},
	pages = {1258-1276},
	year = {2013},
	issn = {0921-8890},
	doi = {https://doi.org/10.1016/j.robot.2013.09.004},
	url = {https://www.sciencedirect.com/science/article/pii/S092188901300167X},
	author = {Enric Galceran and Marc Carreras}
}

@article{bauza2023tac2pose,
	author = {Maria Bauza and Antonia Bronars and Alberto Rodriguez},
	title ={Tac2Pose: Tactile object pose estimation from the first touch},
	journal = {The International Journal of Robotics Research},
	volume = {42},
	number = {13},
	pages = {1185-1209},
	year = {2023},
	doi = {10.1177/02783649231196925},
	URL = {https://doi.org/10.1177/02783649231196925},
	eprint = {https://doi.org/10.1177/02783649231196925}
}

@article{betts1998survey,
	title={Survey of numerical methods for trajectory optimization},
	author={Betts, John T},
	journal={Journal of guidance, control, and dynamics},
	volume={21},
	number={2},
	pages={193--207},
	year={1998}
}

@InProceedings{bianchini2023simultaneous,
	title = 	 {Simultaneous Learning of Contact and Continuous Dynamics},
	author =       {Bianchini, Bibit and Halm, Mathew and Posa, Michael},
	booktitle = 	 {Proceedings of The 7th Conference on Robot Learning},
	pages = 	 {3966--3978},
	year = 	 {2023},
	editor = 	 {Tan, Jie and Toussaint, Marc and Darvish, Kourosh},
	volume = 	 {229},
	series = 	 {Proceedings of Machine Learning Research},
	month = 	 {06--09 Nov},
	publisher =    {PMLR},
	pdf = 	 {https://proceedings.mlr.press/v229/bianchini23a/bianchini23a.pdf},
	url = 	 {https://proceedings.mlr.press/v229/bianchini23a.html}
}

@article{gilbert1988fast,
	title={A fast procedure for computing the distance between complex objects in three-dimensional space},
	author={Gilbert, Elmer G and Johnson, Daniel W and Keerthi, S Sathiya},
	journal={IEEE Journal on Robotics and Automation},
	volume={4},
	number={2},
	pages={193--203},
	year={1988},
	publisher={IEEE}
}

@article{goyal1991planar,
	title={Planar sliding with dry friction part 1. limit surface and moment function},
	author={Goyal, Suresh and Ruina, Andy and Papadopoulos, Jim},
	journal={Wear},
	volume={143},
	number={2},
	pages={307--330},
	year={1991},
	publisher={Elsevier}
}

@article{hargraves1987direct,
	title={Direct trajectory optimization using nonlinear programming and collocation},
	author={Hargraves, Charles R and Paris, Stephen W},
	journal={Journal of guidance, control, and dynamics},
	volume={10},
	number={4},
	pages={338--342},
	year={1987}
}

@inproceedings{hogan2020feedback,
	title={Feedback control of the pusher-slider system: A story of hybrid and underactuated contact dynamics},
	author={Hogan, Fran{\c{c}}ois Robert and Rodriguez, Alberto},
	booktitle={Algorithmic Foundations of Robotics XII: Proceedings of the Twelfth Workshop on the Algorithmic Foundations of Robotics},
	pages={800--815},
	year={2020},
	organization={Springer}
}

@ARTICLE{jesus2022faster,
	author={Tordesillas, Jesus and Lopez, Brett T. and Everett, Michael and How, Jonathan P.},
	journal={IEEE Transactions on Robotics}, 
	title={FASTER: Fast and Safe Trajectory Planner for Navigation in Unknown Environments}, 
	year={2022},
	volume={38},
	number={2},
	pages={922-938},
	doi={10.1109/TRO.2021.3100142}}

@article{kaufmann2023racingNature,
	author = {Kaufmann, Elia and Bauersfeld, Leonard and Loquercio, Antonio and Müller, Matthias and Koltun, Vladlen and Scaramuzza, Davide},
	title = {Champion-level drone racing using deep reinforcement learning},
	journal = {Nature},
	volume = {620},
	number = {},
	pages = {982-987},
	year = {2023},
	doi = {10.1038/s41586-023-06419-4},
	URL = {https://doi.org/10.1038/s41586-023-06419-4}
}

@article{kelly2017trajecotryopt,
	author = {Kelly, Matthew},
	title = {An Introduction to Trajectory Optimization:  How to Do Your Own Direct Collocation},
	journal = {SIAM Review},
	volume = {59},
	number = {4},
	pages = {849-904},
	year = {2017},
	doi = {10.1137/16M1062569},
	URL = {https://doi.org/10.1137/16M1062569},
	eprint = {https://doi.org/10.1137/16M1062569}
}

@inproceedings{levihn2013hierarchical,
	title={Hierarchical decision theoretic planning for navigation among movable obstacles},
	author={Levihn, Martin and Scholz, Jonathan and Stilman, Mike},
	booktitle={Algorithmic Foundations of Robotics X: Proceedings of the Tenth Workshop on the Algorithmic Foundations of Robotics},
	pages={19--35},
	year={2013},
	organization={Springer}
}

@ARTICLE{liu2017quadSFC,
	author={Liu, Sikang and Watterson, Michael and Mohta, Kartik and Sun, Ke and Bhattacharya, Subhrajit and Taylor, Camillo J. and Kumar, Vijay},
	journal={IEEE Robotics and Automation Letters}, 
	title={Planning Dynamically Feasible Trajectories for Quadrotors Using Safe Flight Corridors in 3-D Complex Environments}, 
	year={2017},
	volume={2},
	number={3},
	pages={1688-1695},
	doi={10.1109/LRA.2017.2663526}
}

@INPROCEEDINGS{mataric1995cooppushing,
	author={Mataric, M.J. and Nilsson, M. and Simsarin, K.T.},
	booktitle={Proceedings 1995 IEEE/RSJ International Conference on Intelligent Robots and Systems. Human Robot Interaction and Cooperative Robots}, 
	title={Cooperative multi-robot box-pushing}, 
	year={1995},
	volume={3},
	number={},
	pages={556-561 vol.3},
	doi={10.1109/IROS.1995.525940}
}

@article{ohashi2016realization,
	title={Realization of heavy object transportation by mobile robots using handcarts and outrigger},
	author={Ohashi, Fusao and Kaminishi, Kohei and Figueroa Heredia, Jorge David and Kato, Hiroki and Ogata, Taiki and Hara, Tatsunori and Ota, Jun},
	journal={Robomech journal},
	volume={3},
	pages={1--12},
	year={2016},
	publisher={Springer}
}

@article{posa2014direct,
	author = {Michael Posa and Cecilia Cantu and Russ Tedrake},
	title ={A direct method for trajectory optimization of rigid bodies through contact},
	journal = {The International Journal of Robotics Research},
	volume = {33},
	number = {1},
	pages = {69-81},
	year = {2014},
	doi = {10.1177/0278364913506757},
	URL = {https://doi.org/10.1177/0278364913506757},
	eprint = {https://doi.org/10.1177/0278364913506757}
}

@book{russ2023underactuated,
	title        = "Underactuated Robotics",
	subtitle     = "Algorithms for Walking, Running, Swimming, Flying, and Manipulation",
	howpublished = "Course Notes for MIT 6.832",
	author       = "Tedrake, Russ",
	year         = 2023,
	url          = "https://underactuated.csail.mit.edu",
}

@INPROCEEDINGS{sangwoon2022activeextrinsic,
	author={Kim, Sangwoon and Rodriguez, Alberto},
	booktitle={2022 International Conference on Robotics and Automation (ICRA)}, 
	title={Active Extrinsic Contact Sensing: Application to General Peg-in-Hole Insertion}, 
	year={2022},
	volume={},
	number={},
	pages={10241-10247},
	doi={10.1109/ICRA46639.2022.9812017}
}

@inproceedings{saxena2023mamo,
	title={Planning for Complex Non-prehensile Manipulation Among Movable Objects by Interleaving Multi-Agent Pathfinding and Physics-Based Simulation},
	url={http://dx.doi.org/10.1109/ICRA48891.2023.10161006},
	DOI={10.1109/icra48891.2023.10161006},
	booktitle={2023 IEEE International Conference on Robotics and Automation (ICRA)},
	publisher={IEEE},
	author={Saxena, Dhruv Mauria and Likhachev, Maxim},
	year={2023}
}

@misc{saxena2023planning,
	title={Planning for Manipulation among Movable Objects: Deciding Which Objects Go Where, in What Order, and How},
	author={Dhruv Saxena and Maxim Likhachev},
	year={2023},
	eprint={2303.13385},
	archivePrefix={arXiv},
	primaryClass={cs.RO}
}

@article{song2023racingSC,
	author = {Yunlong Song  and Angel Romero  and Matthias Müller  and Vladlen Koltun  and Davide Scaramuzza },
	title = {Reaching the limit in autonomous racing: Optimal control versus reinforcement learning},
	journal = {Science Robotics},
	volume = {8},
	number = {82},
	pages = {eadg1462},
	year = {2023},
	doi = {10.1126/scirobotics.adg1462},
	URL = {https://www.science.org/doi/abs/10.1126/scirobotics.adg1462},
	eprint = {https://www.science.org/doi/pdf/10.1126/scirobotics.adg1462}
}

@inproceedings{sreenath2013trajectory,
	title={Trajectory generation and control of a quadrotor with a cable-suspended load-a differentially-flat hybrid system},
	author={Sreenath, Koushil and Michael, Nathan and Kumar, Vijay},
	booktitle={2013 IEEE international conference on robotics and automation},
	pages={4888--4895},
	year={2013},
	organization={IEEE}
}

@article{tobia2023gcs,
	doi={10.1126/scirobotics.adf7843},
	author = {Tobia Marcucci  and Mark Petersen  and David von Wrangel  and Russ Tedrake },
	title = {Motion planning around obstacles with convex optimization},
	journal = {Science Robotics},
	volume = {8},
	number = {84},
	pages = {eadf7843},
	year = {2023},
	doi = {10.1126/scirobotics.adf7843},
	URL = {https://www.science.org/doi/abs/10.1126/scirobotics.adf7843},
	eprint = {https://www.science.org/doi/pdf/10.1126/scirobotics.adf7843},
}

@ARTICLE{vicotr2023nonsmoothcontact,
	author={Klemm, Victor and de Viragh, Yvain and Rohr, David and Siegwart, Roland and Tognon, Marco},
	journal={IEEE Transactions on Robotics}, 
	title={Non-Smooth Trajectory Optimization for Wheeled Balancing Robots with Contact Switches and Impacts}, 
	year={2023},
	volume={},
	number={},
	pages={1-20},
	doi={10.1109/TRO.2023.3326334}
}

@article{wang2022gcopter,
	author={Wang, Zhepei and Zhou, Xin and Xu, Chao and Gao, Fei},
	journal={IEEE Transactions on Robotics}, 
	title={Geometrically Constrained Trajectory Optimization for Multicopters}, 
	year={2022},
	volume={38},
	number={5},
	pages={3259-3278},
	doi={10.1109/TRO.2022.3160022}
}

@ARTICLE{zhang2021obca,
	author={Zhang, Xiaojing and Liniger, Alexander and Borrelli, Francesco},
	journal={IEEE Transactions on Control Systems Technology}, 
	title={Optimization-Based Collision Avoidance}, 
	year={2021},
	volume={29},
	number={3},
	pages={972-983},
	doi={10.1109/TCST.2019.2949540}
}

@INPROCEEDINGS{zhang2023continuousSDF,
	author={Zhang, Tingrui and Wang, Jingping and Xu, Chao and Gao, Alan and Gao, Fei},
	booktitle={2023 IEEE/RSJ International Conference on Intelligent Robots and Systems (IROS)}, 
	title={Continuous Implicit SDF Based Any-Shape Robot Trajectory Optimization}, 
	year={2023},
	volume={},
	number={},
	pages={282-289},
	doi={10.1109/IROS55552.2023.10342104}
}

@article{zhou2019fastplaner,
	author={Zhou, Boyu and Gao, Fei and Wang, Luqi and Liu, Chuhao and Shen, Shaojie},
	journal={IEEE Robotics and Automation Letters}, 
	title={Robust and Efficient Quadrotor Trajectory Generation for Fast Autonomous Flight}, 
	year={2019},
	volume={4},
	number={4},
	pages={3529-3536},
	doi={10.1109/LRA.2019.2927938}
}

