@inproceedings{sreenath2013trajectory,
	title={Trajectory generation and control of a quadrotor with a cable-suspended load-a differentially-flat hybrid system},
	author={Sreenath, Koushil and Michael, Nathan and Kumar, Vijay},
	booktitle={2013 IEEE international conference on robotics and automation},
	pages={4888--4895},
	year={2013},
	organization={IEEE}
}

@article{goyal1991planar,
	title={Planar sliding with dry friction part 1. limit surface and moment function},
	author={Goyal, Suresh and Ruina, Andy and Papadopoulos, Jim},
	journal={Wear},
	volume={143},
	number={2},
	pages={307--330},
	year={1991},
	publisher={Elsevier}
}

@inproceedings{hogan2020feedback,
	title={Feedback control of the pusher-slider system: A story of hybrid and underactuated contact dynamics},
	author={Hogan, Fran{\c{c}}ois Robert and Rodriguez, Alberto},
	booktitle={Algorithmic Foundations of Robotics XII: Proceedings of the Twelfth Workshop on the Algorithmic Foundations of Robotics},
	pages={800--815},
	year={2020},
	organization={Springer}
}

@article{McGeer01041990,
  author = {McGeer, Tad}, 
  title = {\href{http://ijr.sagepub.com/content/9/2/62.abstract}{Passive Dynamic Walking}}, 
  volume = {9}, 
  number = {2}, 
  pages = {62-82}, 
  year = {1990}, 
  doi = {10.1177/027836499000900206}, 
  URL = {http://ijr.sagepub.com/content/9/2/62.abstract}, 
  eprint = {http://ijr.sagepub.com/content/9/2/62.full.pdf+html}, 
  journal = {The International Journal of Robotics Research}
}

@article{kalman1960new,
  title={A new approach to linear filtering and prediction problems},
  author={Kalman, R.E.},
  journal={Journal of Basic Engineering},
  volume={82},
  number={1},
  pages={35--45},
  year={1960},
  publisher={Citeseer}
}

@INPROCEEDINGS{Hovakimyan-RSS-19, 
	AUTHOR    = {Arun Lakshmanan AND Andrew Patterson AND Venanzio Cichella AND Naira Hovakimyan}, 
	TITLE     = {Proximity Queries for Absolutely Continuous Parametric Curves}, 
	BOOKTITLE = {Proceedings of Robotics: Science and Systems}, 
	YEAR      = {2019}, 
	ADDRESS   = {Freiburg im Breisgau, Germany}, 
	MONTH     = {June}, 
	DOI       = {10.15607/RSS.2019.XV.042} 
}

@article{zhou2019fastplaner,
	author={Zhou, Boyu and Gao, Fei and Wang, Luqi and Liu, Chuhao and Shen, Shaojie},
	journal={IEEE Robotics and Automation Letters}, 
	title={Robust and Efficient Quadrotor Trajectory Generation for Fast Autonomous Flight}, 
	year={2019},
	volume={4},
	number={4},
	pages={3529-3536},
	doi={10.1109/LRA.2019.2927938}
}

@article{wang2022gcopter,
	author={Wang, Zhepei and Zhou, Xin and Xu, Chao and Gao, Fei},
	journal={IEEE Transactions on Robotics}, 
	title={Geometrically Constrained Trajectory Optimization for Multicopters}, 
	year={2022},
	volume={38},
	number={5},
	pages={3259-3278},
	doi={10.1109/TRO.2022.3160022}
}

@ARTICLE{han2021racing,
	author={Han, Zhichao and Wang, Zhepei and Pan, Neng and Lin, Yi and Xu, Chao and Gao, Fei},
	journal={IEEE Robotics and Automation Letters}, 
	title={Fast-Racing: An Open-Source Strong Baseline for $\mathrm{SE}(3)$ Planning in Autonomous Drone Racing}, 
	year={2021},
	volume={6},
	number={4},
	pages={8631-8638},
	doi={10.1109/LRA.2021.3113976}
}

@article{tobia2023gcs,
	doi={10.1126/scirobotics.adf7843},
	author = {Tobia Marcucci  and Mark Petersen  and David von Wrangel  and Russ Tedrake },
	title = {Motion planning around obstacles with convex optimization},
	journal = {Science Robotics},
	volume = {8},
	number = {84},
	pages = {eadf7843},
	year = {2023},
	doi = {10.1126/scirobotics.adf7843},
	URL = {https://www.science.org/doi/abs/10.1126/scirobotics.adf7843},
	eprint = {https://www.science.org/doi/pdf/10.1126/scirobotics.adf7843},
}

@INPROCEEDINGS{7138978,
	author={Deits, Robin and Tedrake, Russ},
	booktitle={2015 IEEE International Conference on Robotics and Automation (ICRA)}, 
	title={Efficient mixed-integer planning for UAVs in cluttered environments}, 
	year={2015},
	volume={},
	number={},
	pages={42-49},
	doi={10.1109/ICRA.2015.7138978}}

@ARTICLE{jesus2022faster,
	author={Tordesillas, Jesus and Lopez, Brett T. and Everett, Michael and How, Jonathan P.},
	journal={IEEE Transactions on Robotics}, 
	title={FASTER: Fast and Safe Trajectory Planner for Navigation in Unknown Environments}, 
	year={2022},
	volume={38},
	number={2},
	pages={922-938},
	doi={10.1109/TRO.2021.3100142}}

@INPROCEEDINGS{wang2020affordnamo,
	author={Wang, Maozhen and Luo, Rui and Önol, Aykut Özgün and Padir, Taşkin},
	booktitle={2020 IEEE/RSJ International Conference on Intelligent Robots and Systems (IROS)}, 
	title={Affordance-Based Mobile Robot Navigation Among Movable Obstacles}, 
	year={2020},
	volume={},
	number={},
	pages={2734-2740},
	doi={10.1109/IROS45743.2020.9341337}
}

@article{stilman2005navigation,
	title={Navigation among movable obstacles: Real-time reasoning in complex environments},
	author={Stilman, Mike and Kuffner, James J},
	journal={International Journal of Humanoid Robotics},
	volume={2},
	number={04},
	pages={479--503},
	year={2005},
	publisher={World Scientific}
}

@article{stilman2008pamo,
	author = {Mike Stilman and James Kuffner},
	title ={Planning Among Movable Obstacles with Artificial Constraints},
	journal = {The International Journal of Robotics Research},
	volume = {27},
	number = {11-12},
	pages = {1295-1307},
	year = {2008},
	doi = {10.1177/0278364908098457},
	URL = {https://doi.org/10.1177/0278364908098457},
	eprint = {https://doi.org/10.1177/0278364908098457}
}

@ARTICLE{xiafei2020iGibson,
	author={Xia, Fei and Shen, William B. and Li, Chengshu and Kasimbeg, Priya and Tchapmi, Micael Edmond and Toshev, Alexander and Martín-Martín, Roberto and Savarese, Silvio},
	journal={IEEE Robotics and Automation Letters}, 
	title={Interactive Gibson Benchmark: A Benchmark for Interactive Navigation in Cluttered Environments}, 
	year={2020},
	volume={5},
	number={2},
	pages={713-720},
	doi={10.1109/LRA.2020.2965078}
}

@ARTICLE{zhou2021fuel,
	author={Zhou, Boyu and Zhang, Yichen and Chen, Xinyi and Shen, Shaojie},
	journal={IEEE Robotics and Automation Letters}, 
	title={FUEL: Fast UAV Exploration Using Incremental Frontier Structure and Hierarchical Planning}, 
	year={2021},
	volume={6},
	number={2},
	pages={779-786},
	doi={10.1109/LRA.2021.3051563}
}

@ARTICLE{zhou2021raptor,
	author={Zhou, Boyu and Pan, Jie and Gao, Fei and Shen, Shaojie},
	journal={IEEE Transactions on Robotics}, 
	title={RAPTOR: Robust and Perception-Aware Trajectory Replanning for Quadrotor Fast Flight}, 
	year={2021},
	volume={37},
	number={6},
	pages={1992-2009},
	doi={10.1109/TRO.2021.3071527}
}

@ARTICLE{lee2021aerial,
	author={D. {Lee} and H. {Seo} and I. {Jang} and S. J. {Lee} and H. J. {Kim}},
	journal={IEEE Robotics and Automation Letters}, 
	title={Aerial Manipulator Pushing a Movable Structure using a DOB-based Robust Controller}, 
	year={2021},
	volume={6},
	number={2},
	pages={723-730},
	doi={10.1109/LRA.2020.3047779}
}

@INPROCEEDINGS{Tsukagoshi2015perching,
	author={Tsukagoshi, Hideyuki and Watanabe, Masahiro and Hamada, Takahiro and Ashlih, Dameitry and Iizuka, Ryuma},
	booktitle={2015 IEEE International Conference on Robotics and Automation (ICRA)}, 
	title={Aerial manipulator with perching and door-opening capability}, 
	year={2015},
	volume={},
	number={},
	pages={4663-4668},
	doi={10.1109/ICRA.2015.7139845}
}

@article{hestenes1969multiplier,
	title={Multiplier and Gradient Methods},
	author={Hestenes, Magnus R.},
	journal={Journal of Optimization Theory and Applications},
	volume={4},
	number={5},
	pages={303--320},
	year={1969}
}

@article{powell1969method,
	title={A Method for Nonlinear Constraints in Minimization Problems},
	author={Powell, Michael JD},
	journal={Optimization},
	volume={},
	number={},
	pages={283--298},
	year={1969}
}

@article{rockafellar1974augmented,
	title={Augmented Lagrange Multiplier Functions and Duality in Nonconvex Programming},
	author={Rockafellar, R Tyrrell},
	journal={SIAM Journal on Control},
	volume={12},
	number={2},
	pages={268--285},
	year={1974}
}

@article{hargraves1987direct,
	title={Direct trajectory optimization using nonlinear programming and collocation},
	author={Hargraves, Charles R and Paris, Stephen W},
	journal={Journal of guidance, control, and dynamics},
	volume={10},
	number={4},
	pages={338--342},
	year={1987}
}

@book{russ2023underactuated,
	title        = "Underactuated Robotics",
	subtitle     = "Algorithms for Walking, Running, Swimming, Flying, and Manipulation",
	howpublished = "Course Notes for MIT 6.832",
	author       = "Tedrake, Russ",
	year         = 2023,
	url          = "https://underactuated.csail.mit.edu",
}

@book{birgin2014practical,
	title={Practical Augmented Lagrangian Methods for Constrained Optimization},
	author={Birgin, E. G. and Mart{\'{i}}nez, Jos{\'{e}} Mario},
	year={2014},
	publisher={Society for Industrial and Applied Mathematics}
}

@article{kelly2017trajecotryopt,
	author = {Kelly, Matthew},
	title = {An Introduction to Trajectory Optimization:  How to Do Your Own Direct Collocation},
	journal = {SIAM Review},
	volume = {59},
	number = {4},
	pages = {849-904},
	year = {2017},
	doi = {10.1137/16M1062569},
	URL = {https://doi.org/10.1137/16M1062569},
	eprint = {https://doi.org/10.1137/16M1062569}
}

@article{betts1998survey,
	title={Survey of numerical methods for trajectory optimization},
	author={Betts, John T},
	journal={Journal of guidance, control, and dynamics},
	volume={21},
	number={2},
	pages={193--207},
	year={1998}
}

@book{betts2010practical,
	title={Practical methods for optimal control and estimation using nonlinear programming},
	author={Betts, John T},
	year={2010},
	publisher={Society for Industrial and Applied Mathematics}
}

@article{gilbert1988fast,
	title={A fast procedure for computing the distance between complex objects in three-dimensional space},
	author={Gilbert, Elmer G and Johnson, Daniel W and Keerthi, S Sathiya},
	journal={IEEE Journal on Robotics and Automation},
	volume={4},
	number={2},
	pages={193--203},
	year={1988},
	publisher={IEEE}
}

@ARTICLE{zhang2021obca,
	author={Zhang, Xiaojing and Liniger, Alexander and Borrelli, Francesco},
	journal={IEEE Transactions on Control Systems Technology}, 
	title={Optimization-Based Collision Avoidance}, 
	year={2021},
	volume={29},
	number={3},
	pages={972-983},
	doi={10.1109/TCST.2019.2949540}
}

@INPROCEEDINGS{geng2023rcesdf,
	author={Geng, Shuang and Wang, Qianhao and Xie, Lei and Xu, Chao and Cao, Yanjun and Gao, Fei},
	booktitle={2023 IEEE/RSJ International Conference on Intelligent Robots and Systems (IROS)}, 
	title={Robo-Centric ESDF: A Fast and Accurate Whole-Body Collision Evaluation Tool for Any-Shape Robotic Planning}, 
	year={2023},
	volume={},
	number={},
	pages={290-297},
	doi={10.1109/IROS55552.2023.10342074}
}

@INPROCEEDINGS{zhang2023continuousSDF,
	author={Zhang, Tingrui and Wang, Jingping and Xu, Chao and Gao, Alan and Gao, Fei},
	booktitle={2023 IEEE/RSJ International Conference on Intelligent Robots and Systems (IROS)}, 
	title={Continuous Implicit SDF Based Any-Shape Robot Trajectory Optimization}, 
	year={2023},
	volume={},
	number={},
	pages={282-289},
	doi={10.1109/IROS55552.2023.10342104}
}

@ARTICLE{liu2017quadSFC,
	author={Liu, Sikang and Watterson, Michael and Mohta, Kartik and Sun, Ke and Bhattacharya, Subhrajit and Taylor, Camillo J. and Kumar, Vijay},
	journal={IEEE Robotics and Automation Letters}, 
	title={Planning Dynamically Feasible Trajectories for Quadrotors Using Safe Flight Corridors in 3-D Complex Environments}, 
	year={2017},
	volume={2},
	number={3},
	pages={1688-1695},
	doi={10.1109/LRA.2017.2663526}
}

@article{song2023racingSC,
	author = {Yunlong Song  and Angel Romero  and Matthias Müller  and Vladlen Koltun  and Davide Scaramuzza },
	title = {Reaching the limit in autonomous racing: Optimal control versus reinforcement learning},
	journal = {Science Robotics},
	volume = {8},
	number = {82},
	pages = {eadg1462},
	year = {2023},
	doi = {10.1126/scirobotics.adg1462},
	URL = {https://www.science.org/doi/abs/10.1126/scirobotics.adg1462},
	eprint = {https://www.science.org/doi/pdf/10.1126/scirobotics.adg1462}
}

@article{kaufmann2023racingNature,
	author = {Kaufmann, Elia and Bauersfeld, Leonard and Loquercio, Antonio and Müller, Matthias and Koltun, Vladlen and Scaramuzza, Davide},
	title = {Champion-level drone racing using deep reinforcement learning},
	journal = {Nature},
	volume = {620},
	number = {},
	pages = {982-987},
	year = {2023},
	doi = {10.1038/s41586-023-06419-4},
	URL = {https://doi.org/10.1038/s41586-023-06419-4}
}

@INPROCEEDINGS{mataric1995cooppushing,
	author={Mataric, M.J. and Nilsson, M. and Simsarin, K.T.},
	booktitle={Proceedings 1995 IEEE/RSJ International Conference on Intelligent Robots and Systems. Human Robot Interaction and Cooperative Robots}, 
	title={Cooperative multi-robot box-pushing}, 
	year={1995},
	volume={3},
	number={},
	pages={556-561 vol.3},
	doi={10.1109/IROS.1995.525940}
}

@ARTICLE{lloyd2022tactilepushing,
	author={Lloyd, John and Lepora, Nathan F.},
	journal={IEEE Transactions on Robotics}, 
	title={Goal-Driven Robotic Pushing Using Tactile and Proprioceptive Feedback}, 
	year={2022},
	volume={38},
	number={2},
	pages={1201-1212},
	doi={10.1109/TRO.2021.3104471}
}

@article{ohashi2016realization,
	title={Realization of heavy object transportation by mobile robots using handcarts and outrigger},
	author={Ohashi, Fusao and Kaminishi, Kohei and Figueroa Heredia, Jorge David and Kato, Hiroki and Ogata, Taiki and Hara, Tatsunori and Ota, Jun},
	journal={Robomech journal},
	volume={3},
	pages={1--12},
	year={2016},
	publisher={Springer}
}

@article{Galceran2013corveragesurvey,
	title = {A survey on coverage path planning for robotics},
	journal = {Robotics and Autonomous Systems},
	volume = {61},
	number = {12},
	pages = {1258-1276},
	year = {2013},
	issn = {0921-8890},
	doi = {https://doi.org/10.1016/j.robot.2013.09.004},
	url = {https://www.sciencedirect.com/science/article/pii/S092188901300167X},
	author = {Enric Galceran and Marc Carreras}
}

@misc{saxena2023planning,
	title={Planning for Manipulation among Movable Objects: Deciding Which Objects Go Where, in What Order, and How},
	author={Dhruv Saxena and Maxim Likhachev},
	year={2023},
	eprint={2303.13385},
	archivePrefix={arXiv},
	primaryClass={cs.RO}
}

@inproceedings{saxena2023mamo,
	title={Planning for Complex Non-prehensile Manipulation Among Movable Objects by Interleaving Multi-Agent Pathfinding and Physics-Based Simulation},
	url={http://dx.doi.org/10.1109/ICRA48891.2023.10161006},
	DOI={10.1109/icra48891.2023.10161006},
	booktitle={2023 IEEE International Conference on Robotics and Automation (ICRA)},
	publisher={IEEE},
	author={Saxena, Dhruv Mauria and Likhachev, Maxim},
	year={2023}
}

@inproceedings{levihn2013hierarchical,
	title={Hierarchical decision theoretic planning for navigation among movable obstacles},
	author={Levihn, Martin and Scholz, Jonathan and Stilman, Mike},
	booktitle={Algorithmic Foundations of Robotics X: Proceedings of the Tenth Workshop on the Algorithmic Foundations of Robotics},
	pages={19--35},
	year={2013},
	organization={Springer}
}

@article{posa2014direct,
	author = {Michael Posa and Cecilia Cantu and Russ Tedrake},
	title ={A direct method for trajectory optimization of rigid bodies through contact},
	journal = {The International Journal of Robotics Research},
	volume = {33},
	number = {1},
	pages = {69-81},
	year = {2014},
	doi = {10.1177/0278364913506757},
	URL = {https://doi.org/10.1177/0278364913506757},
	eprint = {https://doi.org/10.1177/0278364913506757}
}

@ARTICLE{vicotr2023nonsmoothcontact,
	author={Klemm, Victor and de Viragh, Yvain and Rohr, David and Siegwart, Roland and Tognon, Marco},
	journal={IEEE Transactions on Robotics}, 
	title={Non-Smooth Trajectory Optimization for Wheeled Balancing Robots with Contact Switches and Impacts}, 
	year={2023},
	volume={},
	number={},
	pages={1-20},
	doi={10.1109/TRO.2023.3326334}
}

@InProceedings{bianchini2023simultaneous,
	title = 	 {Simultaneous Learning of Contact and Continuous Dynamics},
	author =       {Bianchini, Bibit and Halm, Mathew and Posa, Michael},
	booktitle = 	 {Proceedings of The 7th Conference on Robot Learning},
	pages = 	 {3966--3978},
	year = 	 {2023},
	editor = 	 {Tan, Jie and Toussaint, Marc and Darvish, Kourosh},
	volume = 	 {229},
	series = 	 {Proceedings of Machine Learning Research},
	month = 	 {06--09 Nov},
	publisher =    {PMLR},
	pdf = 	 {https://proceedings.mlr.press/v229/bianchini23a/bianchini23a.pdf},
	url = 	 {https://proceedings.mlr.press/v229/bianchini23a.html}
}

@INPROCEEDINGS{sangwoon2022activeextrinsic,
	author={Kim, Sangwoon and Rodriguez, Alberto},
	booktitle={2022 International Conference on Robotics and Automation (ICRA)}, 
	title={Active Extrinsic Contact Sensing: Application to General Peg-in-Hole Insertion}, 
	year={2022},
	volume={},
	number={},
	pages={10241-10247},
	doi={10.1109/ICRA46639.2022.9812017}
}

@article{bauza2023tac2pose,
	author = {Maria Bauza and Antonia Bronars and Alberto Rodriguez},
	title ={Tac2Pose: Tactile object pose estimation from the first touch},
	journal = {The International Journal of Robotics Research},
	volume = {42},
	number = {13},
	pages = {1185-1209},
	year = {2023},
	doi = {10.1177/02783649231196925},
	URL = {https://doi.org/10.1177/02783649231196925},
	eprint = {https://doi.org/10.1177/02783649231196925}
}

@article{ross2012review,
	title={A review of pseudospectral optimal control: From theory to flight},
	author={Ross, I Michael and Karpenko, Mark},
	journal={Annual Reviews in Control},
	volume={36},
	number={2},
	pages={182--197},
	year={2012},
	publisher={Elsevier}
}

@article{quan2020survey,
	title={Survey of UAV motion planning},
	author={Quan, Lun and Han, Luxin and Zhou, Boyu and Shen, Shaojie and Gao, Fei},
	journal={IET Cyber-systems and Robotics},
	volume={2},
	number={1},
	pages={14--21},
	year={2020},
	publisher={Wiley Online Library}
}

@inproceedings{oleynikova2016signed,
	title={Signed distance fields: A natural representation for both mapping and planning},
	author={Oleynikova, Helen and Millane, Alexander and Taylor, Zachary and Galceran, Enric and Nieto, Juan and Siegwart, Roland},
	booktitle={RSS 2016 workshop: geometry and beyond-representations, physics, and scene understanding for robotics},
	year={2016},
	organization={University of Michigan}
}

@article{izmailov2012global,
	title={Global convergence of augmented Lagrangian methods applied to optimization problems with degenerate constraints, including problems with complementarity constraints},
	author={Izmailov, Alexey F and Solodov, Mikhail V and Uskov, EI},
	journal={SIAM Journal on Optimization},
	volume={22},
	number={4},
	pages={1579--1606},
	year={2012},
	publisher={Society for Industrial and Applied Mathematics}
}

@book{birgin2014practical,
	title={Practical augmented Lagrangian methods for constrained optimization},
	author={Birgin, Ernesto G and Mart{\'\i}nez, Jos{\'e} Mario},
	journal={},
	year={2014},
	volume={},
	number={},
	pages={},
	publisher={Society for Industrial and Applied Mathematics}
}

@article{fernandez2012local,
	title={Local convergence of exact and inexact augmented Lagrangian methods under the second-order sufficient optimality condition},
	author={Fern{\'a}ndez, Dami{\'a}n and Solodov, Mikhail V},
	journal={SIAM Journal on Optimization},
	volume={22},
	number={2},
	pages={384--407},
	year={2012},
	publisher={Society for Industrial and Applied Mathematics}
}

@inproceedings{howell2022calipso,
	title={Calipso: A differentiable solver for trajectory optimization with conic and complementarity constraints},
	author={Howell, Taylor A and Tracy, Kevin and Le Cleac’h, Simon and Manchester, Zachary},
	booktitle={The International Symposium of Robotics Research},
	pages={504--521},
	year={2022},
	organization={Springer}
}

@inproceedings{sheldon2022contact,
	author = {Andrews, Sheldon and Erleben, Kenny and Ferguson, Zachary},
	title = {Contact and Friction Simulation for Computer Graphics},
	year = {2022},
	isbn = {9781450393621},
	publisher = {Association for Computing Machinery},
	address = {New York, NY, USA},
	url = {https://doi.org/10.1145/3532720.3535640},
	doi = {10.1145/3532720.3535640},
	booktitle = {ACM SIGGRAPH 2022 Courses},
	articleno = {3},
	numpages = {172},
	keywords = {contact, iterative methods, friction, physics-based animation, Newton methods, pivoting methods, complementarity problems, splitting methods},
	location = {Vancouver, British Columbia, Canada},
	series = {SIGGRAPH '22}
}

@article{liu1989limited,
	title={On the limited memory BFGS method for large scale optimization},
	author={Liu, Dong C and Nocedal, Jorge},
	journal={Mathematical programming},
	volume={45},
	number={1-3},
	pages={503--528},
	year={1989},
	publisher={Springer}
}

@article{lewis2013nonsmooth,
	title={Nonsmooth optimization via quasi-Newton methods},
	author={Lewis, Adrian S and Overton, Michael L},
	journal={Mathematical Programming},
	volume={141},
	pages={135--163},
	year={2013},
	publisher={Springer}
}

@book{bertsekas2014constrained,
	title={Constrained optimization and Lagrange multiplier methods},
	author={Bertsekas, Dimitri P},
	year={2014},
	publisher={Academic press}
}

@book{nocedal1999numerical,
	title={Numerical optimization},
	author={Nocedal, Jorge and Wright, Stephen J},
	year={1999},
	publisher={Springer}
}