@inproceedings{bach2013sharp,
  title={Sharp analysis of low-rank kernel matrix approximations},
  author={Bach, Francis},
  booktitle=colt,
  year={2013},
}

@inproceedings{behboodi2022pac,
  title={A pac-bayesian generalization bound for equivariant networks},
  author={Behboodi, Arash and Cesa, Gabriele and Cohen, Taco S},
  booktitle=neurips,
  year={2022}
}

@inproceedings{benton2020learning,
  title={Learning invariances in neural networks from training data},
  author={Benton, Gregory and Finzi, Marc and Izmailov, Pavel and Wilson, Andrew G},
  booktitle=neurips,
  year={2020}
}

@inproceedings{bietti2021sample,
  title={On the sample complexity of learning under geometric stability},
  author={Bietti, Alberto and Venturi, Luca and Bruna, Joan},
  booktitle=neurips,
  year={2021}
}

@inproceedings{bilovs2021scalable,
  title={Scalable normalizing flows for permutation invariant densities},
  author={Bilo{\v{s}}, Marin and G{\"u}nnemann, Stephan},
  booktitle=icml,
  year={2021}
}

@article{bronstein2017geometric,
  title={Geometric deep learning: going beyond euclidean data},
  author={Bronstein, Michael M and Bruna, Joan and LeCun, Yann and Szlam, Arthur and Vandergheynst, Pierre},
  journal={IEEE Signal Processing Magazine},
  volume={34},
  number={4},
  pages={18--42},
  year={2017},
  publisher={IEEE}
}

@inproceedings{cesa2015complexity,
  title={On the complexity of learning with kernels},
  author={Cesa-Bianchi, Nicolo and Mansour, Yishay and Shamir, Ohad},
  booktitle=colt,
  year={2015}
}

@inproceedings{cortes2010impact,
  title={On the impact of kernel approximation on learning accuracy},
  author={Cortes, Corinna and Mohri, Mehryar and Talwalkar, Ameet},
  booktitle=aistats,
  year={2010}
}

@article{drineas2005nystrom,
  title={On the Nystr{\"o}m Method for Approximating a Gram Matrix for Improved Kernel-Based Learning.},
  author={Drineas, Petros and Mahoney, Michael W and Cristianini, Nello},
  journal=jmlr,
  year={2005}
}

@article{dym2024low,
  title={Low-dimensional invariant embeddings for universal geometric learning},
  author={Dym, Nadav and Gortler, Steven J},
  journal={Foundations of Computational Mathematics},
  pages={1--41},
  year={2024},
  publisher={Springer}
}

@inproceedings{elesedy2021provably,
  title={Provably strict generalisation benefit for invariance in kernel methods},
  author={Elesedy, Bryn},
  booktitle=neurips,
  year={2021}
}

@inproceedings{elesedy2021provablyinv,
  title={Provably strict generalisation benefit for equivariant models},
  author={Elesedy, Bryn and Zaidi, Sheheryar},
  booktitle=icml,
  year={2021}
}

@inproceedings{goodfellow2009measuring,
  title={Measuring invariances in deep networks},
  author={Goodfellow, Ian and Lee, Honglak and Le, Quoc and Saxe, Andrew and Ng, Andrew},
  booktitle=neurips,
  year={2009}
}

@inproceedings{kaba2023equivariance,
  title={Equivariance with learned canonicalization functions},
  author={Kaba, S{\'e}kou-Oumar and Mondal, Arnab Kumar and Zhang, Yan and Bengio, Yoshua and Ravanbakhsh, Siamak},
  booktitle=icml,
  year={2023}
}

@inproceedings{kohler2020equivariant,
  title={Equivariant flows: exact likelihood generative learning for symmetric densities},
  author={K{\"o}hler, Jonas and Klein, Leon and No{\'e}, Frank},
  booktitle=icml,
  year={2020}
}

@inproceedings{krizhevsky2012imagenet,
  title={Imagenet classification with deep convolutional neural networks},
  author={Krizhevsky, Alex and Sutskever, Ilya and Hinton, Geoffrey E},
  booktitle=neurips,
  year={2012}
}

@article{li2021survey,
  title={A survey of convolutional neural networks: analysis, applications, and prospects},
  author={Li, Zewen and Liu, Fan and Yang, Wenjie and Peng, Shouheng and Zhou, Jun},
  journal={IEEE transactions on neural networks and learning systems},
  volume={33},
  number={12},
  pages={6999--7019},
  year={2021},
  publisher={IEEE}
}

@article{ma2024canonization,
  title={A Canonization Perspective on Invariant and Equivariant Learning},
  author={Ma, George and Wang, Yifei and Lim, Derek and Jegelka, Stefanie and Wang, Yisen},
  journal={arXiv preprint arXiv:2405.18378},
  year={2024}
}

@inproceedings{mei2021learning,
  title={Learning with invariances in random features and kernel models},
  author={Mei, Song and Misiakiewicz, Theodor and Montanari, Andrea},
  booktitle=colt,
  year={2021}
}

@inproceedings{niu2020permutation,
  title={Permutation invariant graph generation via score-based generative modeling},
  author={Niu, Chenhao and Song, Yang and Song, Jiaming and Zhao, Shengjia and Grover, Aditya and Ermon, Stefano},
  booktitle=icml,
  year={2020}
}

@inproceedings{petrache2023approximation,
  title={Approximation-generalization trade-offs under (approximate) group equivariance},
  author={Petrache, Mircea and Trivedi, Shubhendu},
  booktitle=neurips,
  year={2023}
}

@inproceedings{puny2021frame,
  title={Frame averaging for invariant and equivariant network design},
  author={Puny, Omri and Atzmon, Matan and Ben-Hamu, Heli and Misra, Ishan and Grover, Aditya and Smith, Edward J and Lipman, Yaron},
  booktitle=iclr,
  year={2022}
}

@inproceedings{qi2017pointnet,
  title={Pointnet: Deep learning on point sets for 3d classification and segmentation},
  author={Qi, Charles R and Su, Hao and Mo, Kaichun and Guibas, Leonidas J},
  booktitle=cvpr,
  year={2017}
}

@inproceedings{qi2017pointnetplus,
  title={Pointnet++: Deep hierarchical feature learning on point sets in a metric space},
  author={Qi, Charles Ruizhongtai and Yi, Li and Su, Hao and Guibas, Leonidas J},
  booktitle=neurips,
  year={2017}
}

@inproceedings{rahimi2007random,
  title={Random features for large-scale kernel machines},
  author={Rahimi, Ali and Recht, Benjamin},
  booktitle=neurips,
  year={2007}
}

@inproceedings{ravanbakhsh2017equivariance,
  title={Equivariance through parameter-sharing},
  author={Ravanbakhsh, Siamak and Schneider, Jeff and Poczos, Barnabas},
  booktitle=icml,
  year={2017}
}

@article{scarselli2008graph,
  title={The graph neural network model},
  author={Scarselli, Franco and Gori, Marco and Tsoi, Ah Chung and Hagenbuchner, Markus and Monfardini, Gabriele},
  journal={IEEE transactions on neural networks},
  volume={20},
  number={1},
  pages={61--80},
  year={2008},
  publisher={IEEE}
}

@inproceedings{teo2007convex,
  title={Convex learning with invariances},
  author={Teo, Choon and Globerson, Amir and Roweis, Sam and Smola, Alex},
  booktitle=neurips,
  year={2007}
}

@inproceedings{williams2000using,
  title={Using the Nystr{\"o}m method to speed up kernel machines},
  author={Williams, Christopher and Seeger, Matthias},
  booktitle=neurips,
  year={2000}
}

@inproceedings{xu2018powerful,
  title={How powerful are graph neural networks?},
  author={Xu, Keyulu and Hu, Weihua and Leskovec, Jure and Jegelka, Stefanie},
  booktitle=iclr,
  year={2019}
}

@inproceedings{zhang2013divide,
  title={Divide and conquer kernel ridge regression},
  author={Zhang, Yuchen and Duchi, John and Wainwright, Martin},
  booktitle=colt,
  year={2013}
}

