
@string{aistats = {Int. Conference on Artificial Intelligence and Statistics (AISTATS)}}

@string{icml = {Int. Conference on Machine Learning (ICML)}}

@string{iclr = {Int. Conference on Learning Representations (ICLR)}}

@string{soda = {SIAM-ACM Symposium on Discrete Algorithms (SODA)}}

@string{focs = {IEEE Symposium on Foundations of Computer Science (FOCS)}}

@string{colt = {Conference on Learning Theory (COLT)}}

@string{stoc = {Symposium on Theory of Computing (STOC)}}

@string{nips = {Advances in Neural Information Processing Systems (NIPS)}}

@string{neurips = {Advances in Neural Information Processing Systems (NeurIPS)}}

@string{eccv = {Europ. Conference on Computer Vision (ECCV)}}

@string{iccv = {Int. Conference on Computer Vision (ICCV)}}

@string{cvpr = {IEEE Conference on Computer Vision and Pattern Recognition (CVPR)}}

@string{ijcv = {Int. Journal of Computer Vision}}

@string{icalp = {Int. Colloquium on Automata, Languages and Programming (ICALP)}}

@string{tpami = {IEEE Trans. on Pattern Analysis and Machine Intelligence}}

@string{mathprog = {Mathematical Programming}}

@string{infpl = {Information Processing Letters}}

@string{jair = {Journal or Artificial Intelligence Research}}

@string{jacm = {Journal of the ACM}}

@string{jmlr = {Journal of Machine Learning Research}}

@string{kdd = {ACM SIGKDD Conference on Knowledge Discovery and Data Mining (KDD)}}

@string{tkdd = {ACM Transactions on Knowledge Discovery from Data}}

@string{icalp = {Int. Colloquium on Automata, Languages, and Programming (ICALP)}}

@string{wads = {Workshop on Algorithms and Data Structures (WADS)}}

@string{aaai = {Proc. AAAI Conference on Artificial Intelligence (AAAI)}}

@string{uai = {Conference on Uncertainty in Artificial Intelligence (UAI)}}


%%%%%%%%%%%%%%%%%%%%%%%



@inproceedings{tahmasebi2023exact,
  title={The exact sample complexity gain from invariances for kernel regression},
  author={Tahmasebi, Behrooz and Jegelka, Stefanie},
  booktitle=neurips,
  year={2023}
}

@inproceedings{bietti2021sample,
  title={On the sample complexity of learning under geometric stability},
  author={Bietti, Alberto and Venturi, Luca and Bruna, Joan},
  booktitle=neurips,
  year={2021}
}


@inproceedings{elesedy2021provably,
  title={Provably strict generalisation benefit for invariance in kernel methods},
  author={Elesedy, Bryn},
  booktitle=neurips,
  year={2021}
}

@inproceedings{mei2021learning,
  title={Learning with invariances in random features and kernel models},
  author={Mei, Song and Misiakiewicz, Theodor and Montanari, Andrea},
  booktitle=colt,
  year={2021}
}

@book{scholkopf2018learning,
  title={Learning with kernels: support vector machines, regularization, optimization, and beyond},
  author={Scholkopf, Bernhard and Smola, Alexander J},
  year={2018},
  publisher={MIT press}
}

%%%%%%%%%%%%%%%%%%%%%%%%%%%%%%%%%%%%%%%%%%%%%%%%%%%%%%%%%%%%%%%%%%%%

@inproceedings{bach2013sharp,
  title={Sharp analysis of low-rank kernel matrix approximations},
  author={Bach, Francis},
  booktitle=colt,
  year={2013},
}

@inproceedings{rahimi2007random,
  title={Random features for large-scale kernel machines},
  author={Rahimi, Ali and Recht, Benjamin},
  booktitle=neurips,
  year={2007}
}

@inproceedings{cesa2015complexity,
  title={On the complexity of learning with kernels},
  author={Cesa-Bianchi, Nicolo and Mansour, Yishay and Shamir, Ohad},
  booktitle=colt,
  year={2015}
}


@inproceedings{zhang2013divide,
  title={Divide and conquer kernel ridge regression},
  author={Zhang, Yuchen and Duchi, John and Wainwright, Martin},
  booktitle=colt,
  year={2013}
}

@article{drineas2005nystrom,
  title={On the Nystr{\"o}m Method for Approximating a Gram Matrix for Improved Kernel-Based Learning.},
  author={Drineas, Petros and Mahoney, Michael W and Cristianini, Nello},
  journal=jmlr,
  year={2005}
}

%%%%%%%%%%%%%%%%%%%%%%%%%%%%%%%%%%%%%%%%%%%%%%%%%%%%%%%%%%%%%%%%%%%%



@inproceedings{cortes2010impact,
  title={On the impact of kernel approximation on learning accuracy},
  author={Cortes, Corinna and Mohri, Mehryar and Talwalkar, Ameet},
  booktitle=aistats,
  year={2010}
}

@inproceedings{hinton1987learning,
  title={Learning translation invariant recognition in a massively parallel networks},
  author={Hinton, Geoffrey E},
  booktitle={International conference on parallel architectures and languages Europe},
  pages={1--13},
  year={1987},
  organization={Springer}
}

@inproceedings{teo2007convex,
  title={Convex learning with invariances},
  author={Teo, Choon and Globerson, Amir and Roweis, Sam and Smola, Alex},
  booktitle=neurips,
  year={2007}
}

@inproceedings{benton2020learning,
  title={Learning invariances in neural networks from training data},
  author={Benton, Gregory and Finzi, Marc and Izmailov, Pavel and Wilson, Andrew G},
  booktitle=neurips,
  year={2020}
}

@inproceedings{goodfellow2009measuring,
  title={Measuring invariances in deep networks},
  author={Goodfellow, Ian and Lee, Honglak and Le, Quoc and Saxe, Andrew and Ng, Andrew},
  booktitle=neurips,
  year={2009}
}

%%%%%%%%%%%%%%%%%%%%%%%%%%%%%%%%%%%%%%%%%%%%%%%%%%%%%%%%%%%%%%%%%%%%


@article{smidt2021euclidean,
  title={Euclidean symmetry and equivariance in machine learning},
  author={Smidt, Tess E},
  journal={Trends in Chemistry},
  volume={3},
  number={2},
  pages={82--85},
  year={2021},
  publisher={Elsevier}
}

@article{bronstein2017geometric,
  title={Geometric deep learning: going beyond euclidean data},
  author={Bronstein, Michael M and Bruna, Joan and LeCun, Yann and Szlam, Arthur and Vandergheynst, Pierre},
  journal={IEEE Signal Processing Magazine},
  volume={34},
  number={4},
  pages={18--42},
  year={2017},
  publisher={IEEE}
}


@inproceedings{petrache2023approximation,
  title={Approximation-generalization trade-offs under (approximate) group equivariance},
  author={Petrache, Mircea and Trivedi, Shubhendu},
  booktitle=neurips,
  year={2023}
}

@inproceedings{behboodi2022pac,
  title={A pac-bayesian generalization bound for equivariant networks},
  author={Behboodi, Arash and Cesa, Gabriele and Cohen, Taco S},
  booktitle=neurips,
  year={2022}
}

@inproceedings{elesedy2021provablyinv,
  title={Provably strict generalisation benefit for equivariant models},
  author={Elesedy, Bryn and Zaidi, Sheheryar},
  booktitle=icml,
  year={2021}
}

%%%%%%%%%%%%%%%%%%%%%%%%%%%%%%%%%%%%%%%%%%%%%%%%%%%%%%%%%%%%%%%%%%%%


@article{bloem2020probabilistic,
  title={Probabilistic symmetries and invariant neural networks},
  author={Bloem-Reddy, Benjamin and Whye, Yee and others},
  journal=jmlr,
  volume={21},
  number={90},
  pages={1--61},
  year={2020}
}

@inproceedings{puny2021frame,
  title={Frame averaging for invariant and equivariant network design},
  author={Puny, Omri and Atzmon, Matan and Ben-Hamu, Heli and Misra, Ishan and Grover, Aditya and Smith, Edward J and Lipman, Yaron},
  booktitle=iclr,
  year={2022}
}



@article{ma2024canonization,
  title={A Canonization Perspective on Invariant and Equivariant Learning},
  author={Ma, George and Wang, Yifei and Lim, Derek and Jegelka, Stefanie and Wang, Yisen},
  journal={arXiv preprint arXiv:2405.18378},
  year={2024}
}


@inproceedings{
dym2024equivariant,
title={Equivariant Frames and the Impossibility of Continuous Canonicalization},
author={Nadav Dym and Hannah Lawrence and Jonathan W. Siegel},
booktitle=icml,
year={2024}
}


@inproceedings{kaba2023equivariance,
  title={Equivariance with learned canonicalization functions},
  author={Kaba, S{\'e}kou-Oumar and Mondal, Arnab Kumar and Zhang, Yan and Bengio, Yoshua and Ravanbakhsh, Siamak},
  booktitle=icml,
  year={2023}
}



%%%%%%%%%%%%%%%%%%%%%%%%%%%%%%%%%%%%%%%%%%%%%%%%%%%%%%%%%%%%%%%%%%%%




@article{dym2024low,
  title={Low-dimensional invariant embeddings for universal geometric learning},
  author={Dym, Nadav and Gortler, Steven J},
  journal={Foundations of Computational Mathematics},
  pages={1--41},
  year={2024},
  publisher={Springer}
}

@inproceedings{ravanbakhsh2017equivariance,
  title={Equivariance through parameter-sharing},
  author={Ravanbakhsh, Siamak and Schneider, Jeff and Poczos, Barnabas},
  booktitle=icml,
  year={2017}
}

@article{batzner20223,
  title={E(3)-equivariant graph neural networks for data-efficient and accurate interatomic potentials},
  author={Batzner, Simon and Musaelian, Albert and Sun, Lixin and Geiger, Mario and Mailoa, Jonathan P and Kornbluth, Mordechai and Molinari, Nicola and Smidt, Tess E and Kozinsky, Boris},
  journal={Nature communications},
  volume={13},
  number={1},
  pages={2453},
  year={2022},
  publisher={Nature Publishing Group UK London}
}


@article{batzner2023advancing,
  title={Advancing molecular simulation with equivariant interatomic potentials},
  author={Batzner, Simon and Musaelian, Albert and Kozinsky, Boris},
  journal={Nature Reviews Physics},
  volume={5},
  number={8},
  pages={437--438},
  year={2023},
  publisher={Nature Publishing Group UK London}
}


@inproceedings{unke2021se,
  title={SE(3)-equivariant prediction of molecular wavefunctions and electronic densities},
  author={Unke, Oliver and Bogojeski, Mihail and Gastegger, Michael and Geiger, Mario and Smidt, Tess and M{\"u}ller, Klaus-Robert},
  booktitle=neurips,
  year={2021}
}

%%%%%%%%%%%%%%%%%%%%%%%%%%%%%%%%%%%%%%%%%%%%%%%%%%%%%%%%%%%%%%%%%%%%


@inproceedings{williams2000using,
  title={Using the Nystr{\"o}m method to speed up kernel machines},
  author={Williams, Christopher and Seeger, Matthias},
  booktitle=neurips,
  year={2000}
}

@article{scarselli2008graph,
  title={The graph neural network model},
  author={Scarselli, Franco and Gori, Marco and Tsoi, Ah Chung and Hagenbuchner, Markus and Monfardini, Gabriele},
  journal={IEEE transactions on neural networks},
  volume={20},
  number={1},
  pages={61--80},
  year={2008},
  publisher={IEEE}
}


@inproceedings{xu2018powerful,
  title={How powerful are graph neural networks?},
  author={Xu, Keyulu and Hu, Weihua and Leskovec, Jure and Jegelka, Stefanie},
  booktitle=iclr,
  year={2019}
}

@article{li2021survey,
  title={A survey of convolutional neural networks: analysis, applications, and prospects},
  author={Li, Zewen and Liu, Fan and Yang, Wenjie and Peng, Shouheng and Zhou, Jun},
  journal={IEEE transactions on neural networks and learning systems},
  volume={33},
  number={12},
  pages={6999--7019},
  year={2021},
  publisher={IEEE}
}

@inproceedings{krizhevsky2012imagenet,
  title={Imagenet classification with deep convolutional neural networks},
  author={Krizhevsky, Alex and Sutskever, Ilya and Hinton, Geoffrey E},
  booktitle=neurips,
  year={2012}
}



@article{grisafi2018symmetry,
  title={Symmetry-adapted machine learning for tensorial properties of atomistic systems},
  author={Grisafi, Andrea and Wilkins, David M and Cs{\'a}nyi, G{\'a}bor and Ceriotti, Michele},
  journal={Physical review letters},
  volume={120},
  number={3},
  pages={036002},
  year={2018},
  publisher={APS}
}

%%%%%%%%%%%%%%%%%%%%%%%%%%%%%%%%%%%%%%%%%%%%%%%%%%%%%%%%%%%%%%%%%%%%


@inproceedings{tahmasebisample,
  title={Sample Complexity Bounds for Estimating Probability Divergences under Invariances},
  author={Tahmasebi, Behrooz and Jegelka, Stefanie},
  booktitle=icml,
  year={2024}
}


@inproceedings{chen2023sample,
  title={Sample complexity of probability divergences under group symmetry},
  author={Chen, Ziyu and Katsoulakis, Markos and Rey-Bellet, Luc and Zhu, Wei},
  booktitle=icml,
  year={2023}
}


@inproceedings{bilovs2021scalable,
  title={Scalable normalizing flows for permutation invariant densities},
  author={Bilo{\v{s}}, Marin and G{\"u}nnemann, Stephan},
  booktitle=icml,
  year={2021}
}

@inproceedings{kohler2020equivariant,
  title={Equivariant flows: exact likelihood generative learning for symmetric densities},
  author={K{\"o}hler, Jonas and Klein, Leon and No{\'e}, Frank},
  booktitle=icml,
  year={2020}
}


@inproceedings{niu2020permutation,
  title={Permutation invariant graph generation via score-based generative modeling},
  author={Niu, Chenhao and Song, Yang and Song, Jiaming and Zhao, Shengjia and Grover, Aditya and Ermon, Stefano},
  booktitle=icml,
  year={2020}
}

%%%%%%%%%%%%%%%%%%%%%%%%%%%%%%%%%%%%%%%%%%%%%%%%%%%%%%%%%%%%%%%%%%%%

@inproceedings{
kiani2024on,
title={On the hardness of learning under symmetries},
author={Bobak Kiani and Thien Le and Hannah Lawrence and Stefanie Jegelka and Melanie Weber},
booktitle=iclr,
year={2024}
}


@inproceedings{qi2017pointnet,
  title={Pointnet: Deep learning on point sets for 3d classification and segmentation},
  author={Qi, Charles R and Su, Hao and Mo, Kaichun and Guibas, Leonidas J},
  booktitle=cvpr,
  year={2017}
}

@inproceedings{qi2017pointnetplus,
  title={Pointnet++: Deep hierarchical feature learning on point sets in a metric space},
  author={Qi, Charles Ruizhongtai and Yi, Li and Su, Hao and Guibas, Leonidas J},
  booktitle=neurips,
  year={2017}
}



@inproceedings{murphy2019relational,
  title={Relational pooling for graph representations},
  author={Murphy, Ryan and Srinivasan, Balasubramaniam and Rao, Vinayak and Ribeiro, Bruno},
  booktitle=icml,
  year={2019}
}

@book{kondor2008group,
  title={Group theoretical methods in machine learning},
  author={Kondor, Imre Risi},
  year={2008},
  publisher={Columbia University}
}

@book{lee2012introduction,
  title={Introduction to Smooth Manifolds},
  author={Lee, John},
  volume={218},
  year={2012},
  publisher={Springer Science \& Business Media}
}

@book{lee2006riemannian,
  title={Riemannian manifolds: an introduction to curvature},
  author={Lee, John M},
  volume={176},
  year={2006},
  publisher={Springer Science \& Business Media}
}

@article{petersen2006riemannian,
  title={Riemannian geometry},
  author={Petersen, Peter},
  journal={Graduate Texts in Mathematics/Springer-Verlarg},
  year={2006}
}

@article{myers1939group,
  title={The group of isometries of a Riemannian manifold},
  author={Myers, Sumner B and Steenrod, Norman Earl},
  journal={Annals of Mathematics},
  volume={40},
  number={2},
  pages={400--416},
  year={1939},
  publisher={JSTOR}
}

@article{palais1957differentiability,
  title={On the differentiability of isometries},
  author={Palais, Richard S},
  journal={Proceedings of the American Mathematical Society},
  volume={8},
  number={4},
  pages={805--807},
  year={1957}
}

@book{chavel1984eigenvalues,
  title={Eigenvalues in Riemannian geometry},
  author={Chavel, Isaac},
  year={1984},
  publisher={Academic press}
}

@book{evans2022partial,
  title={Partial differential equations},
  author={Evans, Lawrence C},
  volume={19},
  year={2022},
  publisher={American Mathematical Society}
}

@incollection{hormander1968spectral,
  title={The spectral function of an elliptic operator},
  author={H{\"o}rmander, Lars},
  booktitle={Mathematics Past and Present Fourier Integral Operators},
  pages={217--242},
  year={1968},
  publisher={Springer}
}

@article{sogge1988concerning,
  title={Concerning the Lp norm of spectral clusters for second-order elliptic operators on compact manifolds},
  author={Sogge, Christopher D},
  journal={Journal of functional analysis},
  volume={77},
  number={1},
  pages={123--138},
  year={1988},
  publisher={Elsevier}
}

@article{canzani2013analysis,
  title={Analysis on manifolds via the Laplacian},
  author={Canzani, Yaiza},
  journal={Lecture Notes available at: http://www. math. harvard. edu/canzani/docs/Laplacian. pdf},
  pages={41--44},
  year={2013}
}

@article{von1918ganzzahligkeit,
  title={{\"U}ber die "Ganzzahligkeit" der Atomgewichten und ververwandte Fragen},
  author={von Mises, Richard},
  journal={Physical Journal},
  volume={19},
  pages={490},
  year={1918}
}

@book{mardia2009directional,
  title={Directional statistics},
  author={Mardia, Kanti V and Jupp, Peter E},
  year={2009},
  publisher={John Wiley \& Sons}
}