@inproceedings{ahmed2021unsupervised,
  title={Unsupervised multi-source domain adaptation without access to source data},
  author={Ahmed, Sk Miraj and Raychaudhuri, Dripta S and Paul, Sujoy and Oymak, Samet and Roy-Chowdhury, Amit K},
  booktitle={Proceedings of the IEEE/CVF conference on computer vision and pattern recognition},
  pages={10103--10112},
  year={2021}
}

@article{bianchi2021graph,
  title={Graph neural networks with convolutional arma filters},
  author={Bianchi, Filippo Maria and Grattarola, Daniele and Livi, Lorenzo and Alippi, Cesare},
  journal={IEEE transactions on pattern analysis and machine intelligence},
  volume={44},
  number={7},
  pages={3496--3507},
  year={2021},
  publisher={IEEE}
}

@article{defferrard2016convolutional,
  title={Convolutional neural networks on graphs with fast localized spectral filtering},
  author={Defferrard, Micha{\"e}l and Bresson, Xavier and Vandergheynst, Pierre},
  journal={Advances in neural information processing systems},
  volume={29},
  year={2016}
}

@article{dong2021confident,
  title={Confident anchor-induced multi-source free domain adaptation},
  author={Dong, Jiahua and Fang, Zhen and Liu, Anjin and Sun, Gan and Liu, Tongliang},
  journal={Advances in Neural Information Processing Systems},
  volume={34},
  pages={2848--2860},
  year={2021}
}

@article{hamilton2017inductive,
  title={Inductive representation learning on large graphs},
  author={Hamilton, Will and Ying, Zhitao and Leskovec, Jure},
  journal={NeurIPS},
  volume={30},
  year={2017}
}

@inproceedings{hoffman2018cycada,
  title={Cycada: Cycle-consistent adversarial domain adaptation},
  author={Hoffman, Judy and Tzeng, Eric and Park, Taesung and Zhu, Jun-Yan and Isola, Phillip and Saenko, Kate and Efros, Alexei and Darrell, Trevor},
  booktitle={ICML},
  pages={1989--1998},
  year={2018},
  organization={Pmlr}
}

@article{kipf2016semi,
  title={Semi-supervised classification with graph convolutional networks},
  author={Kipf, Thomas N and Welling, Max},
  journal={arXiv preprint arXiv:1609.02907},
  year={2016}
}

@inproceedings{liu2023structural,
  title={Structural re-weighting improves graph domain adaptation},
  author={Liu, Shikun and Li, Tianchun and Feng, Yongbin and Tran, Nhan and Zhao, Han and Qiu, Qiang and Li, Pan},
  booktitle={International Conference on Machine Learning},
  pages={21778--21793},
  year={2023},
  organization={PMLR}
}

@inproceedings{liu2024rethinking,
  title={Rethinking propagation for unsupervised graph domain adaptation},
  author={Liu, Meihan and Fang, Zeyu and Zhang, Zhen and Gu, Ming and Zhou, Sheng and Wang, Xin and Bu, Jiajun},
  booktitle={Proceedings of the AAAI Conference on Artificial Intelligence},
  volume={38},
  number={12},
  pages={13963--13971},
  year={2024}
}

@article{liu2024revisiting,
  title={Revisiting, Benchmarking and Understanding Unsupervised Graph Domain Adaptation},
  author={Liu, Meihan and Zhang, Zhen and Tang, Jiachen and Bu, Jiajun and He, Bingsheng and Zhou, Sheng},
  journal={arXiv preprint arXiv:2407.11052},
  year={2024}
}

@inproceedings{long2015learning,
  title={Learning transferable features with deep adaptation networks},
  author={Long, Mingsheng and Cao, Yue and Wang, Jianmin and Jordan, Michael},
  booktitle={International conference on machine learning},
  pages={97--105},
  year={2015},
  organization={PMLR}
}

@article{long2018conditional,
  title={Conditional adversarial domain adaptation},
  author={Long, Mingsheng and Cao, Zhangjie and Wang, Jianmin and Jordan, Michael I},
  journal={Advances in neural information processing systems},
  volume={31},
  year={2018}
}

@article{mao2021source,
  title={Source free unsupervised graph domain adaptation},
  author={Mao, Haitao and Du, Lun and Zheng, Yujia and Fu, Qiang and Li, Zelin and Chen, Xu and Han, Shi and Zhang, Dongmei},
  journal={arXiv preprint arXiv:2112.00955},
  year={2021}
}

@inproceedings{peng2019moment,
  title={Moment matching for multi-source domain adaptation},
  author={Peng, Xingchao and Bai, Qinxun and Xia, Xide and Huang, Zijun and Saenko, Kate and Wang, Bo},
  booktitle={Proceedings of the IEEE/CVF international conference on computer vision},
  pages={1406--1415},
  year={2019}
}

@inproceedings{shen2023balancing,
  title={On balancing bias and variance in unsupervised multi-source-free domain adaptation},
  author={Shen, Maohao and Bu, Yuheng and Wornell, Gregory W},
  booktitle={International Conference on Machine Learning},
  pages={30976--30991},
  year={2023},
  organization={PMLR}
}

@article{velivckovic2017graph,
  title={Graph attention networks},
  author={Veli{\v{c}}kovi{\'c}, Petar and Cucurull, Guillem and Casanova, Arantxa and Romero, Adriana and Lio, Pietro and Bengio, Yoshua},
  journal={arXiv preprint arXiv:1710.10903},
  year={2017}
}

@inproceedings{wang2019tmda,
  title={TMDA: Task-specific multi-source domain adaptation via clustering embedded adversarial training},
  author={Wang, Haotian and Yang, Wenjing and Lin, Zhipeng and Yu, Yue},
  booktitle={2019 IEEE International Conference on Data Mining (ICDM)},
  pages={1372--1377},
  year={2019},
  organization={IEEE}
}

@inproceedings{wu2019simplifying,
  title={Simplifying graph convolutional networks},
  author={Wu, Felix and Souza, Amauri and Zhang, Tianyi and Fifty, Christopher and Yu, Tao and Weinberger, Kilian},
  booktitle={International conference on machine learning},
  pages={6861--6871},
  year={2019},
  organization={PMLR}
}

@article{wu2020comprehensive,
  title={A comprehensive survey on graph neural networks},
  author={Wu, Zonghan and Pan, Shirui and Chen, Fengwen and Long, Guodong and Zhang, Chengqi and Philip, S Yu},
  journal={IEEE transactions on neural networks and learning systems},
  volume={32},
  number={1},
  pages={4--24},
  year={2020},
  publisher={IEEE}
}

@inproceedings{wu2020unsupervised,
  title={Unsupervised domain adaptive graph convolutional networks},
  author={Wu, Man and Pan, Shirui and Zhou, Chuan and Chang, Xiaojun and Zhu, Xingquan},
  booktitle={Proceedings of The Web Conference 2020},
  pages={1457--1467},
  year={2020}
}

@inproceedings{wu2023non,
  title={Non-iid transfer learning on graphs},
  author={Wu, Jun and He, Jingrui and Ainsworth, Elizabeth},
  booktitle={Proceedings of the AAAI Conference on Artificial Intelligence},
  pages={10342--10350},
  year={2023}
}

@inproceedings{you2022graph,
  title={Graph domain adaptation via theory-grounded spectral regularization},
  author={You, Yuning and Chen, Tianlong and Wang, Zhangyang and Shen, Yang},
  booktitle={The Eleventh International Conference on Learning Representations},
  year={2022}
}

@article{zellinger2017central,
  title={Central moment discrepancy (cmd) for domain-invariant representation learning},
  author={Zellinger, Werner and Grubinger, Thomas and Lughofer, Edwin and Natschl{\"a}ger, Thomas and Saminger-Platz, Susanne},
  journal={arXiv preprint arXiv:1702.08811},
  year={2017}
}

@inproceedings{zhang2024collaborate,
  title={Collaborate to Adapt: Source-Free Graph Domain Adaptation via Bi-directional Adaptation},
  author={Zhang, Zhen and Liu, Meihan and Wang, Anhui and Chen, Hongyang and Li, Zhao and Bu, Jiajun and He, Bingsheng},
  booktitle={Proceedings of the ACM on Web Conference 2024},
  pages={664--675},
  year={2024}
}

@inproceedings{zhao2020multi,
  title={Multi-source distilling domain adaptation},
  author={Zhao, Sicheng and Wang, Guangzhi and Zhang, Shanghang and Gu, Yang and Li, Yaxian and Song, Zhichao and Xu, Pengfei and Hu, Runbo and Chai, Hua and Keutzer, Kurt},
  booktitle={Proceedings of the AAAI Conference on Artificial Intelligence},
  pages={12975--12983},
  year={2020}
}

@article{zhou2022graph,
  title={Graph neural networks: Taxonomy, advances, and trends},
  author={Zhou, Yu and Zheng, Haixia and Huang, Xin and Hao, Shufeng and Li, Dengao and Zhao, Jumin},
  journal={ACM Transactions on Intelligent Systems and Technology (TIST)},
  volume={13},
  number={1},
  pages={1--54},
  year={2022},
  publisher={ACM New York, NY}
}

@inproceedings{zhu2019aligning,
  title={Aligning domain-specific distribution and classifier for cross-domain classification from multiple sources},
  author={Zhu, Yongchun and Zhuang, Fuzhen and Wang, Deqing},
  booktitle={Proceedings of the AAAI conference on artificial intelligence},
  pages={5989--5996},
  year={2019}
}

