@article{kipf2016semi,
  title={Semi-supervised classification with graph convolutional networks},
  author={Kipf, Thomas N and Welling, Max},
  journal={arXiv preprint arXiv:1609.02907},
  year={2016}
}

@inproceedings{wu2019simplifying,
  title={Simplifying graph convolutional networks},
  author={Wu, Felix and Souza, Amauri and Zhang, Tianyi and Fifty, Christopher and Yu, Tao and Weinberger, Kilian},
  booktitle={International conference on machine learning},
  pages={6861--6871},
  year={2019},
  organization={PMLR}
}

@article{velivckovic2017graph,
  title={Graph attention networks},
  author={Veli{\v{c}}kovi{\'c}, Petar and Cucurull, Guillem and Casanova, Arantxa and Romero, Adriana and Lio, Pietro and Bengio, Yoshua},
  journal={arXiv preprint arXiv:1710.10903},
  year={2017}
}

@article{hamilton2017inductive,
  title={Inductive representation learning on large graphs},
  author={Hamilton, Will and Ying, Zhitao and Leskovec, Jure},
  journal={NeurIPS},
  volume={30},
  year={2017}
}

@article{xu2018powerful,
  title={How powerful are graph neural networks?},
  author={Xu, Keyulu and Hu, Weihua and Leskovec, Jure and Jegelka, Stefanie},
  journal={arXiv preprint arXiv:1810.00826},
  year={2018}
}

@inproceedings{zhang2021traffic,
  title={Traffic flow forecasting with spatial-temporal graph diffusion network},
  author={Zhang, Xiyue and Huang, Chao and Xu, Yong and Xia, Lianghao and Dai, Peng and Bo, Liefeng and Zhang, Junbo and Zheng, Yu},
  booktitle={Proceedings of the AAAI conference on artificial intelligence},
  pages={15008--15015},
  year={2021}
}

@inproceedings{zhang2020spatio,
  title={Spatio-temporal graph structure learning for traffic forecasting},
  author={Zhang, Qi and Chang, Jianlong and Meng, Gaofeng and Xiang, Shiming and Pan, Chunhong},
  booktitle={Proceedings of the AAAI conference on artificial intelligence},
  pages={1177--1185},
  year={2020}
}

@inproceedings{stark20223d,
  title={3d infomax improves gnns for molecular property prediction},
  author={St{\"a}rk, Hannes and Beaini, Dominique and Corso, Gabriele and Tossou, Prudencio and Dallago, Christian and G{\"u}nnemann, Stephan and Li{\`o}, Pietro},
  booktitle={International Conference on Machine Learning},
  pages={20479--20502},
  year={2022},
  organization={PMLR}
}

@inproceedings{li2022kpgt,
  title={KPGT: knowledge-guided pre-training of graph transformer for molecular property prediction},
  author={Li, Han and Zhao, Dan and Zeng, Jianyang},
  booktitle={KDD},
  pages={857--867},
  year={2022}
}

@inproceedings{ying2018graph,
  title={Graph convolutional neural networks for web-scale recommender systems},
  author={Ying, Rex and He, Ruining and Chen, Kaifeng and Eksombatchai, Pong and Hamilton, William L and Leskovec, Jure},
  booktitle={Proceedings of the 24th ACM SIGKDD international conference on knowledge discovery \& data mining},
  pages={974--983},
  year={2018}
}

@inproceedings{fan2019graph,
  title={Graph neural networks for social recommendation},
  author={Fan, Wenqi and Ma, Yao and Li, Qing and He, Yuan and Zhao, Eric and Tang, Jiliang and Yin, Dawei},
  booktitle={The world wide web conference},
  pages={417--426},
  year={2019}
}

@inproceedings{wu2020unsupervised,
  title={Unsupervised domain adaptive graph convolutional networks},
  author={Wu, Man and Pan, Shirui and Zhou, Chuan and Chang, Xiaojun and Zhu, Xingquan},
  booktitle={Proceedings of The Web Conference 2020},
  pages={1457--1467},
  year={2020}
}

@inproceedings{you2022graph,
  title={Graph domain adaptation via theory-grounded spectral regularization},
  author={You, Yuning and Chen, Tianlong and Wang, Zhangyang and Shen, Yang},
  booktitle={The Eleventh International Conference on Learning Representations},
  year={2022}
}

@inproceedings{wu2023non,
  title={Non-iid transfer learning on graphs},
  author={Wu, Jun and He, Jingrui and Ainsworth, Elizabeth},
  booktitle={Proceedings of the AAAI Conference on Artificial Intelligence},
  pages={10342--10350},
  year={2023}
}

@article{shen2020network,
  title={Network together: Node classification via cross-network deep network embedding},
  author={Shen, Xiao and Dai, Quanyu and Mao, Sitong and Chung, Fu-lai and Choi, Kup-Sze},
  journal={IEEE Transactions on Neural Networks and Learning Systems},
  volume={32},
  number={5},
  pages={1935--1948},
  year={2020},
  publisher={IEEE}
}

@inproceedings{shen2020adversarial,
  title={Adversarial deep network embedding for cross-network node classification},
  author={Shen, Xiao and Dai, Quanyu and Chung, Fu-lai and Lu, Wei and Choi, Kup-Sze},
  booktitle={Proceedings of the AAAI conference on artificial intelligence},
  pages={2991--2999},
  year={2020}
}

@inproceedings{ahmed2021unsupervised,
  title={Unsupervised multi-source domain adaptation without access to source data},
  author={Ahmed, Sk Miraj and Raychaudhuri, Dripta S and Paul, Sujoy and Oymak, Samet and Roy-Chowdhury, Amit K},
  booktitle={Proceedings of the IEEE/CVF conference on computer vision and pattern recognition},
  pages={10103--10112},
  year={2021}
}

@article{dong2021confident,
  title={Confident anchor-induced multi-source free domain adaptation},
  author={Dong, Jiahua and Fang, Zhen and Liu, Anjin and Sun, Gan and Liu, Tongliang},
  journal={Advances in Neural Information Processing Systems},
  volume={34},
  pages={2848--2860},
  year={2021}
}

@inproceedings{shen2023balancing,
  title={On balancing bias and variance in unsupervised multi-source-free domain adaptation},
  author={Shen, Maohao and Bu, Yuheng and Wornell, Gregory W},
  booktitle={International Conference on Machine Learning},
  pages={30976--30991},
  year={2023},
  organization={PMLR}
}

@article{guo2018multi,
  title={Multi-source domain adaptation with mixture of experts},
  author={Guo, Jiang and Shah, Darsh J and Barzilay, Regina},
  journal={arXiv preprint arXiv:1809.02256},
  year={2018}
}

@inproceedings{peng2019moment,
  title={Moment matching for multi-source domain adaptation},
  author={Peng, Xingchao and Bai, Qinxun and Xia, Xide and Huang, Zijun and Saenko, Kate and Wang, Bo},
  booktitle={Proceedings of the IEEE/CVF international conference on computer vision},
  pages={1406--1415},
  year={2019}
}

@article{zhao2018adversarial,
  title={Adversarial multiple source domain adaptation},
  author={Zhao, Han and Zhang, Shanghang and Wu, Guanhang and Moura, Jos{\'e} MF and Costeira, Joao P and Gordon, Geoffrey J},
  journal={Advances in neural information processing systems},
  volume={31},
  year={2018}
}

@article{li2021causal,
  title={Causal mechanism transfer network for time series domain adaptation in mechanical systems},
  author={Li, Zijian and Cai, Ruichu and Ng, Hong Wei and Winslett, Marianne and Fu, Tom ZJ and Xu, Boyan and Yang, Xiaoyan and Zhang, Zhenjie},
  journal={ACM Transactions on Intelligent Systems and Technology (TIST)},
  volume={12},
  number={2},
  pages={1--21},
  year={2021},
  publisher={ACM New York, NY, USA}
}

@inproceedings{dong2020can,
  title={What can be transferred: Unsupervised domain adaptation for endoscopic lesions segmentation},
  author={Dong, Jiahua and Cong, Yang and Sun, Gan and Zhong, Bineng and Xu, Xiaowei},
  booktitle={Proceedings of the IEEE/CVF conference on computer vision and pattern recognition},
  pages={4023--4032},
  year={2020}
}

@inproceedings{liang2020we,
  title={Do we really need to access the source data? source hypothesis transfer for unsupervised domain adaptation},
  author={Liang, Jian and Hu, Dapeng and Feng, Jiashi},
  booktitle={International conference on machine learning},
  pages={6028--6039},
  year={2020},
  organization={PMLR}
}

@article{liang2021source,
  title={Source data-absent unsupervised domain adaptation through hypothesis transfer and labeling transfer},
  author={Liang, Jian and Hu, Dapeng and Wang, Yunbo and He, Ran and Feng, Jiashi},
  journal={IEEE Transactions on Pattern Analysis and Machine Intelligence},
  volume={44},
  number={11},
  pages={8602--8617},
  year={2021},
  publisher={IEEE}
}

@article{mao2021source,
  title={Source free unsupervised graph domain adaptation},
  author={Mao, Haitao and Du, Lun and Zheng, Yujia and Fu, Qiang and Li, Zelin and Chen, Xu and Han, Shi and Zhang, Dongmei},
  journal={arXiv preprint arXiv:2112.00955},
  year={2021}
}

@article{yang2021exploiting,
  title={Exploiting the intrinsic neighborhood structure for source-free domain adaptation},
  author={Yang, Shiqi and van de Weijer, Joost and Herranz, Luis and Jui, Shangling and others},
  journal={Advances in neural information processing systems},
  volume={34},
  pages={29393--29405},
  year={2021}
}

@article{defferrard2016convolutional,
  title={Convolutional neural networks on graphs with fast localized spectral filtering},
  author={Defferrard, Micha{\"e}l and Bresson, Xavier and Vandergheynst, Pierre},
  journal={Advances in neural information processing systems},
  volume={29},
  year={2016}
}

@article{bianchi2021graph,
  title={Graph neural networks with convolutional arma filters},
  author={Bianchi, Filippo Maria and Grattarola, Daniele and Livi, Lorenzo and Alippi, Cesare},
  journal={IEEE transactions on pattern analysis and machine intelligence},
  volume={44},
  number={7},
  pages={3496--3507},
  year={2021},
  publisher={IEEE}
}

@article{zhou2022graph,
  title={Graph neural networks: Taxonomy, advances, and trends},
  author={Zhou, Yu and Zheng, Haixia and Huang, Xin and Hao, Shufeng and Li, Dengao and Zhao, Jumin},
  journal={ACM Transactions on Intelligent Systems and Technology (TIST)},
  volume={13},
  number={1},
  pages={1--54},
  year={2022},
  publisher={ACM New York, NY}
}

@article{wu2020comprehensive,
  title={A comprehensive survey on graph neural networks},
  author={Wu, Zonghan and Pan, Shirui and Chen, Fengwen and Long, Guodong and Zhang, Chengqi and Philip, S Yu},
  journal={IEEE transactions on neural networks and learning systems},
  volume={32},
  number={1},
  pages={4--24},
  year={2020},
  publisher={IEEE}
}

@inproceedings{long2015learning,
  title={Learning transferable features with deep adaptation networks},
  author={Long, Mingsheng and Cao, Yue and Wang, Jianmin and Jordan, Michael},
  booktitle={International conference on machine learning},
  pages={97--105},
  year={2015},
  organization={PMLR}
}

@article{zellinger2017central,
  title={Central moment discrepancy (cmd) for domain-invariant representation learning},
  author={Zellinger, Werner and Grubinger, Thomas and Lughofer, Edwin and Natschl{\"a}ger, Thomas and Saminger-Platz, Susanne},
  journal={arXiv preprint arXiv:1702.08811},
  year={2017}
}

@article{long2018conditional,
  title={Conditional adversarial domain adaptation},
  author={Long, Mingsheng and Cao, Zhangjie and Wang, Jianmin and Jordan, Michael I},
  journal={Advances in neural information processing systems},
  volume={31},
  year={2018}
}

@inproceedings{hoffman2018cycada,
  title={Cycada: Cycle-consistent adversarial domain adaptation},
  author={Hoffman, Judy and Tzeng, Eric and Park, Taesung and Zhu, Jun-Yan and Isola, Phillip and Saenko, Kate and Efros, Alexei and Darrell, Trevor},
  booktitle={ICML},
  pages={1989--1998},
  year={2018},
  organization={Pmlr}
}

@inproceedings{liu2023structural,
  title={Structural re-weighting improves graph domain adaptation},
  author={Liu, Shikun and Li, Tianchun and Feng, Yongbin and Tran, Nhan and Zhao, Han and Qiu, Qiang and Li, Pan},
  booktitle={International Conference on Machine Learning},
  pages={21778--21793},
  year={2023},
  organization={PMLR}
}

@inproceedings{liu2024rethinking,
  title={Rethinking propagation for unsupervised graph domain adaptation},
  author={Liu, Meihan and Fang, Zeyu and Zhang, Zhen and Gu, Ming and Zhou, Sheng and Wang, Xin and Bu, Jiajun},
  booktitle={Proceedings of the AAAI Conference on Artificial Intelligence},
  volume={38},
  number={12},
  pages={13963--13971},
  year={2024}
}

@article{liu2024revisiting,
  title={Revisiting, Benchmarking and Understanding Unsupervised Graph Domain Adaptation},
  author={Liu, Meihan and Zhang, Zhen and Tang, Jiachen and Bu, Jiajun and He, Bingsheng and Zhou, Sheng},
  journal={arXiv preprint arXiv:2407.11052},
  year={2024}
}

@inproceedings{zhao2020multi,
  title={Multi-source distilling domain adaptation},
  author={Zhao, Sicheng and Wang, Guangzhi and Zhang, Shanghang and Gu, Yang and Li, Yaxian and Song, Zhichao and Xu, Pengfei and Hu, Runbo and Chai, Hua and Keutzer, Kurt},
  booktitle={Proceedings of the AAAI Conference on Artificial Intelligence},
  pages={12975--12983},
  year={2020}
}

@inproceedings{wang2019tmda,
  title={TMDA: Task-specific multi-source domain adaptation via clustering embedded adversarial training},
  author={Wang, Haotian and Yang, Wenjing and Lin, Zhipeng and Yu, Yue},
  booktitle={2019 IEEE International Conference on Data Mining (ICDM)},
  pages={1372--1377},
  year={2019},
  organization={IEEE}
}

@inproceedings{zhu2019aligning,
  title={Aligning domain-specific distribution and classifier for cross-domain classification from multiple sources},
  author={Zhu, Yongchun and Zhuang, Fuzhen and Wang, Deqing},
  booktitle={Proceedings of the AAAI conference on artificial intelligence},
  pages={5989--5996},
  year={2019}
}

@article{liu2021node,
  title={Node-wise localization of graph neural networks},
  author={Liu, Zemin and Fang, Yuan and Liu, Chenghao and Hoi, Steven CH},
  journal={arXiv preprint arXiv:2110.14322},
  year={2021}
}

@inproceedings{brockschmidt2020gnn,
  title={Gnn-film: Graph neural networks with feature-wise linear modulation},
  author={Brockschmidt, Marc},
  booktitle={ICML},
  pages={1144--1152},
  year={2020},
  organization={PMLR}
}

@inproceedings{li2022finding,
  title={Finding global homophily in graph neural networks when meeting heterophily},
  author={Li, Xiang and Zhu, Renyu and Cheng, Yao and Shan, Caihua and Luo, Siqiang and Li, Dongsheng and Qian, Weining},
  booktitle={ICML},
  pages={13242--13256},
  year={2022},
  organization={PMLR}
}

@article{pei2020geom,
  title={Geom-gcn: Geometric graph convolutional networks},
  author={Pei, Hongbin and Wei, Bingzhe and Chang, Kevin Chen-Chuan and Lei, Yu and Yang, Bo},
  journal={arXiv preprint arXiv:2002.05287},
  year={2020}
}

@article{mao2023demystifying,
  title={Demystifying Structural Disparity in Graph Neural Networks: Can One Size Fit All?},
  author={Mao, Haitao and Chen, Zhikai and Jin, Wei and Han, Haoyu and Ma, Yao and Zhao, Tong and Shah, Neil and Tang, Jiliang},
  journal={arXiv preprint arXiv:2306.01323},
  year={2023}
}

@inproceedings{wang2019characterizing,
  title={Characterizing and avoiding negative transfer},
  author={Wang, Zirui and Dai, Zihang and P{\'o}czos, Barnab{\'a}s and Carbonell, Jaime},
  booktitle={Proceedings of the IEEE/CVF conference on computer vision and pattern recognition},
  pages={11293--11302},
  year={2019}
}

@inproceedings{cao2018partial,
  title={Partial transfer learning with selective adversarial networks},
  author={Cao, Zhangjie and Long, Mingsheng and Wang, Jianmin and Jordan, Michael I},
  booktitle={Proceedings of the IEEE conference on computer vision and pattern recognition},
  pages={2724--2732},
  year={2018}
}

@inproceedings{martins2016softmax,
  title={From softmax to sparsemax: A sparse model of attention and multi-label classification},
  author={Martins, Andre and Astudillo, Ramon},
  booktitle={International conference on machine learning},
  pages={1614--1623},
  year={2016},
  organization={PMLR}
}

@article{deshpande2018contextual,
  title={Contextual stochastic block models},
  author={Deshpande, Yash and Sen, Subhabrata and Montanari, Andrea and Mossel, Elchanan},
  journal={Advances in Neural Information Processing Systems},
  volume={31},
  year={2018}
}

@inproceedings{tang2008arnetminer,
  title={Arnetminer: extraction and mining of academic social networks},
  author={Tang, Jie and Zhang, Jing and Yao, Limin and Li, Juanzi and Zhang, Li and Su, Zhong},
  booktitle={Proceedings of the 14th ACM SIGKDD international conference on Knowledge discovery and data mining},
  pages={990--998},
  year={2008}
}

@article{morris2020tudataset,
  title={Tudataset: A collection of benchmark datasets for learning with graphs},
  author={Morris, Christopher and Kriege, Nils M and Bause, Franka and Kersting, Kristian and Mutzel, Petra and Neumann, Marion},
  journal={arXiv preprint arXiv:2007.08663},
  year={2020}
}

@article{rozemberczki2019multi,
  title={Multi-scale Attributed Node Embedding},
  author={Rozemberczki, Benedek and Allen, Carl and Sarkar, Rik},
  journal={arXiv preprint arXiv:1909.13021},
  year={2019}
}

@inproceedings{cui2020towards,
  title={Towards discriminability and diversity: Batch nuclear-norm maximization under label insufficient situations},
  author={Cui, Shuhao and Wang, Shuhui and Zhuo, Junbao and Li, Liang and Huang, Qingming and Tian, Qi},
  booktitle={Proceedings of the IEEE/CVF conference on computer vision and pattern recognition},
  pages={3941--3950},
  year={2020}
}

@inproceedings{liang2021domain,
  title={Domain adaptation with auxiliary target domain-oriented classifier},
  author={Liang, Jian and Hu, Dapeng and Feng, Jiashi},
  booktitle={Proceedings of the IEEE/CVF conference on computer vision and pattern recognition},
  pages={16632--16642},
  year={2021}
}

@inproceedings{lee2022confidence,
  title={Confidence score for source-free unsupervised domain adaptation},
  author={Lee, Jonghyun and Jung, Dahuin and Yim, Junho and Yoon, Sungroh},
  booktitle={International Conference on Machine Learning},
  pages={12365--12377},
  year={2022},
  organization={PMLR}
}

@article{jin2022empowering,
  title={Empowering graph representation learning with test-time graph transformation},
  author={Jin, Wei and Zhao, Tong and Ding, Jiayuan and Liu, Yozen and Tang, Jiliang and Shah, Neil},
  journal={arXiv preprint arXiv:2210.03561},
  year={2022}
}

@article{yin2023coco,
  title={CoCo: A Coupled Contrastive Framework for Unsupervised Domain Adaptive Graph Classification},
  author={Yin, Nan and Shen, Li and Wang, Mengzhu and Lan, Long and Ma, Zeyu and Chen, Chong and Hua, Xian-Sheng and Luo, Xiao},
  journal={arXiv preprint arXiv:2306.04979},
  year={2023}
}

@article{fey2019fast,
  title={Fast graph representation learning with PyTorch Geometric},
  author={Fey, Matthias and Lenssen, Jan Eric},
  journal={arXiv preprint arXiv:1903.02428},
  year={2019}
}

@article{kingma2014adam,
  title={Adam: A method for stochastic optimization},
  author={Kingma, Diederik P and Ba, Jimmy},
  journal={arXiv preprint arXiv:1412.6980},
  year={2014}
}

@article{van2008visualizing,
  title={Visualizing data using t-SNE.},
  author={Van der Maaten, Laurens and Hinton, Geoffrey},
  journal={Journal of machine learning research},
  volume={9},
  number={11},
  year={2008}
}

@inproceedings{zhang2024collaborate,
  title={Collaborate to Adapt: Source-Free Graph Domain Adaptation via Bi-directional Adaptation},
  author={Zhang, Zhen and Liu, Meihan and Wang, Anhui and Chen, Hongyang and Li, Zhao and Bu, Jiajun and He, Bingsheng},
  booktitle={Proceedings of the ACM on Web Conference 2024},
  pages={664--675},
  year={2024}
}

@article{tang2024source,
  title={Source-free domain adaptation via target prediction distribution searching},
  author={Tang, Song and Chang, An and Zhang, Fabian and Zhu, Xiatian and Ye, Mao and Zhang, Changshui},
  journal={International journal of computer vision},
  volume={132},
  number={3},
  pages={654--672},
  year={2024},
  publisher={Springer}
}

@inproceedings{he2020lightgcn,
  title={Lightgcn: Simplifying and powering graph convolution network for recommendation},
  author={He, Xiangnan and Deng, Kuan and Wang, Xiang and Li, Yan and Zhang, Yongdong and Wang, Meng},
  booktitle={Proceedings of the 43rd International ACM SIGIR conference on research and development in Information Retrieval},
  pages={639--648},
  year={2020}
}

@inproceedings{gu2022self,
  title={Self-supervised Graph Neural Networks for Multi-behavior Recommendation.},
  author={Gu, Shuyun and Wang, Xiao and Shi, Chuan and Xiao, Ding},
  booktitle={IJCAI},
  pages={2052--2058},
  year={2022}
}

@article{cui2022braingb,
  title={Braingb: a benchmark for brain network analysis with graph neural networks},
  author={Cui, Hejie and Dai, Wei and Zhu, Yanqiao and Kan, Xuan and Gu, Antonio Aodong Chen and Lukemire, Joshua and Zhan, Liang and He, Lifang and Guo, Ying and Yang, Carl},
  journal={IEEE transactions on medical imaging},
  volume={42},
  number={2},
  pages={493--506},
  year={2022},
  publisher={IEEE}
}

@article{ying2018hierarchical,
  title={Hierarchical graph representation learning with differentiable pooling},
  author={Ying, Zhitao and You, Jiaxuan and Morris, Christopher and Ren, Xiang and Hamilton, Will and Leskovec, Jure},
  journal={Advances in neural information processing systems},
  volume={31},
  year={2018}
}