@article{Reed2017Acute,
	author = {Reed, Grant W and Rossi, Jeffrey E and Cannon, Christopher P},
	journal = {The Lancet},
	doi = {10.1016/S0140-6736(16)30677-8},
	issn = {0140-6736},
	number = {10065},
	year = {2017},
	month = {jan 14},
	pages = {197--210},
	title = {Acute myocardial infarction},
	volume = {389},
}
@article{Bergmark2022Acute,
	author = {Bergmark, Brian A and Mathenge, Njambi and Merlini, Piera A and Lawrence-Wright, Marilyn B and Giugliano, Robert P},
	journal = {Lancet (London, England)},
	doi = {10.1016/S0140-6736(21)02391-6},
	issn = {0140-6736},
	number = {10332},
	year = {2022},
	note = {PMID: 35367005
PMCID: PMC8970581},
	pages = {1347--1358},
	title = {Acute coronary syndromes},
	volume = {399},
}
@article{Hippisley2017Development,
	author = {Hippisley-Cox, Julia and Coupland, Carol and Brindle, Peter},
	journal = {BMJ},
	doi = {10.1136/bmj.j2099},
	issn = {0959-8138, 1756-1833},
	year = {2017},
	month = {may 23},
	pages = {j2099},
	title = {Development and validation of {QRISK3} risk prediction algorithms to estimate future risk of cardiovascular disease: prospective cohort study},
}
@article{Hippisley2010Derivation,
	author = {Hippisley-Cox, Julia and Coupland, Carol and Robson, John and Brindle, Peter},
	journal = {Bmj},
	year = {2010},
	note = {publisher: British Medical Journal Publishing Group},
	title = {Derivation, validation, and evaluation of a new {QRISK} model to estimate lifetime risk of cardiovascular disease: cohort study using {QResearch} database},
	url = {https://www.bmj.com/content/341/bmj.c6624.abstract},
	howpublished = {https://www.bmj.com/content/341/bmj.c6624.abstract},
	volume = {341},
}
@article{Hippisley2007Derivation,
	author = {Hippisley-Cox, Julia and Coupland, Carol and Vinogradova, Yana and Robson, John and May, Margaret and Brindle, Peter},
	journal = {Bmj},
	number = {7611},
	year = {2007},
	note = {publisher: British Medical Journal Publishing Group},
	pages = {136},
	title = {Derivation and validation of {QRISK}, a new cardiovascular disease risk score for the {United} {Kingdom}: prospective open cohort study},
	volume = {335},
}
@article{Hemann2007Framingham,
	author = {Hemann, Brian A. and Bimson, William F. and Taylor, Allen J.},
	journal = {American Heart Hospital Journal},
	doi = {10.1111/j.1541-9215.2007.06350.x},
	issn = {15419215},
	number = {2},
	year = {2007},
	month = {may 4},
	pages = {91--96},
	title = {The {Framingham} {Risk} {Score}: An {Appraisal} of {Its} {Benefits} and {Limitations}},
	volume = {5},
}
@article{Ridker2007Development,
	author = {Ridker, Paul M. and Buring, Julie E. and Rifai, Nader and Cook, Nancy R.},
	journal = {Jama},
	number = {6},
	year = {2007},
	note = {publisher: American Medical Association},
	pages = {611--619},
	title = {Development and validation of improved algorithms for the assessment of global cardiovascular risk in women: the {Reynolds} {Risk} {Score}},
	volume = {297},
}
@article{Nashef1999European,
	author = {Nashef, Samer AM and Roques, Frangois and Michel, Philippe and Gauducheau, E. and Lemeshow, S. and Salamon, R. and Group, EuroSCORE Study},
	journal = {European journal of cardio-thoracic surgery},
	number = {1},
	year = {1999},
	note = {publisher: Elsevier Science BV},
	pages = {9--13},
	title = {European system for cardiac operative risk evaluation ({Euro} {SCORE})},
	volume = {16},
}
@article{Rus2022Impact,
	author = {Rus, Andreea-Alexandra and Morno{\c s}, Cristian},
	journal = {Current Cardiology Reports},
	doi = {10.1007/s11886-022-01759-5},
	issn = {1534-3170},
	number = {10},
	year = {2022},
	month = {oct 1},
	pages = {1337--1349},
	title = {The {Impact} of {Meteorological} {Factors} and {Air} {Pollutants} on {Acute} {Coronary} {Syndrome}},
	volume = {24},
}
@article{Chen2022Hourly,
	author = {Chen, Renjie and Jiang, Yixuan and Hu, Jialu and Chen, Honglei and Li, Huichu and Meng, Xia and Ji, John S. and Gao, Ya and Wang, Weidong and Liu, Cong and Fang, Weiyi and Yan, Hongbing and Chen, Jiyan and Wang, Weimin and Xiang, Dingcheng and Su, Xi and Yu, Bo and Wang, Yan and Xu, Yawei and Wang, Lefeng and Li, Chunjie and Chen, Yundai and Bell, Michelle L. and Cohen, Aaron J. and Ge, Junbo and Huo, Yong and Kan, Haidong},
	journal = {Circulation},
	doi = {10.1161/CIRCULATIONAHA.121.057179},
	issn = {0009-7322, 1524-4539},
	number = {24},
	year = {2022},
	month = {jun 14},
	pages = {1749--1760},
	title = {Hourly {Air} {Pollutants} and {Acute} {Coronary} {Syndrome} {Onset} in 1.29 {Million} {Patients}},
	volume = {145},
}
@article{Torres2021Deep,
	author = {Torres, Jos{\' e} F. and Hadjout, Dalil and Sebaa, Abderrazak and Mart{\' i}nez-{\' A}lvarez, Francisco and Troncoso, Alicia},
	journal = {Big Data},
	doi = {10.1089/big.2020.0159},
	issn = {2167-6461, 2167-647X},
	number = {1},
	year = {2021},
	month = {feb 1},
	pages = {3--21},
	title = {Deep {Learning} for {Time} {Series} {Forecasting}: A {Survey}},
	volume = {9},
}
@article{Connor1994Recurrent,
	author = {Connor, Jerome T. and Martin, R. Douglas and Atlas, Les E.},
	journal = {IEEE transactions on neural networks},
	number = {2},
	year = {1994},
	note = {publisher: IEEE},
	pages = {240--254},
	title = {Recurrent neural networks and robust time series prediction},
	volume = {5},
}
@inproceedings{Mayer1999Evolutionary,
	note = {[Online; accessed 2024-07-31]},
	author = {Mayer, Helmut A. and Schwaiger, Roland},
	booktitle = {Proceedings of the 1999 congress on evolutionary computation-{CEC99} ({Cat}. {No}. 99TH8406)},
	year = {1999},
	pages = {275--280},
	organization = {IEEE},
	title = {Evolutionary and coevolutionary approaches to time series prediction using generalized multi-layer perceptrons},
	url = {https://ieeexplore.ieee.org/abstract/document/781936/},
	volume = {1},
}
@article{Zhao2017Convolutional,
	author = {Zhao, Bendong and Lu, Huanzhang and Chen, Shangfeng and Liu, Junliang and Wu, Dongya},
	journal = {Journal of systems engineering and electronics},
	number = {1},
	year = {2017},
	note = {publisher: BIAI},
	pages = {162--169},
	title = {Convolutional neural networks for time series classification},
	volume = {28},
}
@article{Vaswani2017Attention,
	author = {Vaswani, Ashish and Shazeer, Noam and Parmar, Niki and Uszkoreit, Jakob and Jones, Llion and Gomez, Aidan N. and Kaiser, Lukasz and Polosukhin, Illia},
	journal = {arXiv:1706.03762 [cs]},
	year = {2017},
	month = {jun 12},
	note = {arXiv: 1706.03762},
	title = {Attention {Is} {All} {You} {Need}},
	url = {http://arxiv.org/abs/1706.03762},
	howpublished = {http://arxiv.org/abs/1706.03762},
}
@article{Gugnani2022Analysis,
	author = {Gugnani, Veena and Singh, Rajeev Kumar},
	journal = {Multimedia Tools and Applications},
	doi = {10.1007/s11042-021-11734-x},
	issn = {1573-7721},
	number = {4},
	year = {2022},
	month = {feb 1},
	pages = {6031--6049},
	title = {Analysis of deep learning approaches for air pollution prediction},
	volume = {81},
}
@article{Zhou2020Deep,
	author = {Zhou, Xiaolu and Tong, Weitian and Li, Lixin},
	journal = {Earth Science Informatics},
	doi = {10.1007/s12145-020-00470-9},
	issn = {1865-0481},
	number = {3},
	year = {2020},
	month = {sep 1},
	pages = {859--868},
	title = {Deep learning spatiotemporal air pollution data in {China} using data fusion},
	volume = {13},
}
@article{Ghufran2021Forecast,
	author = {Ghufran Isam Drewil, Dr. Riyadh Jabbar Al-Bahadili},
	doi = {10.5281/ZENODO.4737746},
	year = {2021},
	month = {may 4},
	note = {publisher: [object Object]
version: 7},
	title = {Forecast {Air} {Pollution} in {Smart} {City} {Using} {Deep} {Learning} {Techniques}: A {Review} {Ghufran} {Isam} {Drewil} , {Dr}. {Riyadh} {Jabbar} {Al}-{Bahadili}},
	url = {https://zenodo.org/record/4737746},
	howpublished = {https://zenodo.org/record/4737746},
}
@article{Subramaniam2022Artificial,
	author = {Subramaniam, Shankar and Raju, Naveenkumar and Ganesan, Abbas and Rajavel, Nithyaprakash and Chenniappan, Maheswari and Prakash, Chander and Pramanik, Alokesh and Basak, Animesh Kumar and Dixit, Saurav},
	journal = {Sustainability},
	doi = {10.3390/su14169951},
	issn = {2071-1050},
	number = {16},
	year = {2022},
	month = {1},
	note = {number: 16
publisher: Multidisciplinary Digital Publishing Institute},
	pages = {9951},
	title = {Artificial {Intelligence} {Technologies} for {Forecasting} {Air} {Pollution} and {Human} {Health}: A {Narrative} {Review}},
	volume = {14},
}
@article{Bekkar2021Air,
	author = {Bekkar, Abdellatif and Hssina, Badr and Douzi, Samira and Douzi, Khadija},
	journal = {Journal of Big Data},
	doi = {10.1186/s40537-021-00548-1},
	issn = {2196-1115},
	number = {1},
	year = {2021},
	month = {dec 22},
	pages = {161},
	title = {Air-pollution prediction in smart city, deep learning approach},
	volume = {8},
}
@inproceedings{Tsai2018Air,
	note = {[Online; accessed 2024-04-12]},
	author = {Tsai, Yi-Ting and Zeng, Yu-Ren and Chang, Yue-Shan},
	booktitle = {2018 {IEEE} 16th {Intl} {Conf} on {Dependable}, {Autonomic} and {Secure} {Computing}, 16th {Intl} {Conf} on {Pervasive} {Intelligence} and {Computing}, 4th {Intl} {Conf} on {Big} {Data} {Intelligence} and {Computing} and {Cyber} {Science} and {Technology} {Congress}({DASC}/{PiCom}/{DataCom}/{CyberSciTech})},
	doi = {10.1109/DASC/PiCom/DataCom/CyberSciTec.2018.00178},
	year = {2018},
	month = {8},
	pages = {1074--1079},
	title = {Air {Pollution} {Forecasting} {Using} {RNN} with {LSTM}},
	url = {https://ieeexplore.ieee.org/document/8512020},
	howpublished = {https://ieeexplore.ieee.org/document/8512020},
}
@article{Miranda2021Application,
	author = {Miranda, Amanda Carvalho and Santana, Jos{\' e} Carlos Curvelo and Yamamura, Charles Lincoln Kenji and Rosa, Jorge Marcos and Tambourgi, Elias Basile and Ho, Linda Lee and Berssaneti, Fernando Tobal},
	journal = {Air Quality, Atmosphere, \& Health},
	doi = {10.1007/s11869-021-01077-9},
	issn = {1873-9318},
	number = {12},
	year = {2021},
	note = {PMID: 34745381
PMCID: PMC8556003},
	pages = {2091--2099},
	title = {Application of neural network to simulate the behavior of hospitalizations and their costs under the effects of various polluting gases in the city of {S}{\~ a}o {Paulo}},
	volume = {14},
}
@article{Jabeen2023Review,
	author = {Jabeen, Summaira and Li, Xi and Amin, Muhammad Shoib and Bourahla, Omar and Li, Songyuan and Jabbar, Abdul},
	journal = {ACM Transactions on Multimedia Computing, Communications, and Applications},
	doi = {10.1145/3545572},
	issn = {1551-6857, 1551-6865},
	number = {2s},
	year = {2023},
	month = {jun 30},
	pages = {1--41},
	title = {A {Review} on {Methods} and {Applications} in {Multimodal} {Deep} {Learning}},
	volume = {19},
}
@article{Gandhi2023Multimodal,
	author = {Gandhi, Ankita and Adhvaryu, Kinjal and Poria, Soujanya and Cambria, Erik and Hussain, Amir},
	journal = {Information Fusion},
	year = {2023},
	note = {publisher: Elsevier},
	pages = {424--444},
	title = {Multimodal sentiment analysis: A systematic review of history, datasets, multimodal fusion methods, applications, challenges and future directions},
	volume = {91},
}
@article{Liang2024Foundations,
	author = {Liang, Paul Pu and Zadeh, Amir and Morency, Louis-Philippe},
	journal = {ACM Computing Surveys},
	doi = {10.1145/3656580},
	issn = {0360-0300, 1557-7341},
	year = {2024},
	month = {apr 9},
	pages = {3656580},
	title = {Foundations \& {Trends} in {Multimodal} {Machine} {Learning}: Principles, {Challenges}, and {Open} {Questions}},
}
@article{Steen2022Event,
	author = {Steen, Dylan L. and Khan, Irfan and Andrade, Katherine and Koumas, Alexandra and Giugliano, Robert P.},
	journal = {Journal of the American Heart Association},
	doi = {10.1161/JAHA.121.022198},
	number = {9},
	year = {2022},
	month = {may 3},
	note = {publisher: Wiley},
	pages = {e022198},
	title = {Event {Rates} and {Risk} {Factors} for {Recurrent} {Cardiovascular} {Events} and {Mortality} in a {Contemporary} {Post} {Acute} {Coronary} {Syndrome} {Population} {Representing} 239 234 {Patients} {During} 2005 to 2018 in the {United} {States}},
	volume = {11},
}
@article{Bhatt2022Diagnosis,
	author = {Bhatt, Deepak L. and Lopes, Renato D. and Harrington, Robert A.},
	journal = {JAMA},
	doi = {10.1001/jama.2022.0358},
	issn = {0098-7484},
	number = {7},
	year = {2022},
	month = {feb 15},
	pages = {662--675},
	title = {Diagnosis and {Treatment} of {Acute} {Coronary} {Syndromes}: A {Review}},
	volume = {327},
}
@article{Smith2013ability,
	author = {Smith, Gary B. and Prytherch, David R. and Meredith, Paul and Schmidt, Paul E. and Featherstone, Peter I.},
	journal = {Resuscitation},
	doi = {10.1016/j.resuscitation.2012.12.016},
	issn = {0300-9572},
	number = {4},
	year = {2013},
	month = {apr 1},
	pages = {465--470},
	title = {The ability of the {National} {Early} {Warning} {Score} ({NEWS}) to discriminate patients at risk of early cardiac arrest, unanticipated intensive care unit admission, and death},
	volume = {84},
}
@article{2001Rationale,
	journal = {American Heart Journal},
	doi = {10.1067/mhj.2001.112404},
	issn = {0002-8703},
	number = {2},
	year = {2001},
	month = {feb 1},
	pages = {190--199},
	title = {Rationale and design of the {GRACE} ({Global} {Registry} of {Acute} {Coronary} {Events}) {Project}: A multinational registry of patients hospitalized with acute coronary syndromes},
	volume = {141},
}
@article{Ke2022Machine,
	author = {Ke, Jun and Chen, Yiwei and Wang, Xiaoping and Wu, Zhiyong and Zhang, Qiongyao and Lian, Yangpeng and Chen, Feng},
	journal = {The American Journal of Emergency Medicine},
	doi = {10.1016/j.ajem.2021.12.070},
	issn = {1532-8171},
	year = {2022},
	month = {3},
	note = {PMID: 35033770},
	pages = {127--134},
	title = {Machine learning-based in-hospital mortality prediction models for patients with acute coronary syndrome},
	volume = {53},
}
@article{Wu2021Machine,
	author = {Wu, Ting Ting and Lin, Xiu Quan and Mu, Yan and Li, Hong and Guo, Yang Song},
	journal = {Clinical Cardiology},
	doi = {10.1002/clc.23541},
	issn = {1932-8737},
	number = {3},
	year = {2021},
	month = {3},
	note = {PMID: 33586214
PMCID: PMC7943901},
	pages = {349--356},
	title = {Machine learning for early prediction of in-hospital cardiac arrest in patients with acute coronary syndromes},
	volume = {44},
}
@article{Hadanny2022Machine,
	author = {Hadanny, Amir and Shouval, Roni and Wu, Jianhua and Gale, Chris P. and Unger, Ron and Zahger, Doron and Gottlieb, Shmuel and Matetzky, Shlomi and Goldenberg, Ilan and Beigel, Roy and Iakobishvili, Zaza},
	journal = {Journal of Cardiology},
	doi = {10.1016/j.jjcc.2021.11.006},
	issn = {0914-5087},
	number = {3},
	year = {2022},
	month = {mar 1},
	pages = {342--351},
	title = {Machine learning-based prediction of 1-year mortality for acute coronary syndrome},
	volume = {79},
}
@article{D2021Machine,
	author = {D'Ascenzo, Fabrizio and De Filippo, Ovidio and Gallone, Guglielmo and Mittone, Gianluca and Deriu, Marco Agostino and Iannaccone, Mario and Ariza-Sol{\' e}, Albert and Liebetrau, Christoph and Manzano-Fern{\' a}ndez, Sergio and Quadri, Giorgio and Kinnaird, Tim and Campo, Gianluca and Simao Henriques, Jose Paulo and Hughes, James M. and Dominguez-Rodriguez, Alberto and Aldinucci, Marco and Morbiducci, Umberto and Patti, Giuseppe and Raposeiras-Roubin, Sergio and Abu-Assi, Emad and De Ferrari, Gaetano Maria and {PRAISE study group}},
	journal = {Lancet (London, England)},
	doi = {10.1016/S0140-6736(20)32519-8},
	issn = {1474-547X},
	number = {10270},
	year = {2021},
	month = {jan 16},
	note = {PMID: 33453782},
	pages = {199--207},
	title = {Machine learning-based prediction of adverse events following an acute coronary syndrome ({PRAISE}): a modelling study of pooled datasets},
	volume = {397},
}
@article{Emakhu2022Acute,
	author = {Emakhu, Joshua and Monplaisir, Leslie and Aguwa, Celestine and Arslanturk, Suzan and Masoud, Sara and Nassereddine, Hashem and Hamam, Mohamed S. and Miller, Joseph B.},
	journal = {Computer Methods and Programs in Biomedicine},
	doi = {10.1016/j.cmpb.2022.107080},
	issn = {1872-7565},
	year = {2022},
	month = {10},
	note = {PMID: 36037605},
	pages = {107080},
	title = {Acute coronary syndrome prediction in emergency care: A machine learning approach},
	volume = {225},
}
@article{Lee2021Machine,
	author = {Lee, Woojoo and Lee, Joongyub and Woo, Seoung-Il and Choi, Seong Huan and Bae, Jang-Whan and Jung, Seungpil and Jeong, Myung Ho and Lee, Won Kyung},
	journal = {Scientific Reports},
	doi = {10.1038/s41598-021-92362-1},
	issn = {2045-2322},
	number = {1},
	year = {2021},
	month = {jun 18},
	note = {publisher: Nature Publishing Group},
	pages = {12886},
	title = {Machine learning enhances the performance of short and long-term mortality prediction model in non-{ST}-segment elevation myocardial infarction},
	volume = {11},
}
@article{Kuzma2021Impact,
	author = {Ku{\' z}ma, \L{}ukasz and Wa{\' n}ha, Wojciech and Kralisz, Pawe\l{} and Kazmierski, Maciej and Bach{\' o}rzewska-Gajewska, Hanna and Wojakowski, Wojciech and Dobrzycki, S\l{}awomir},
	journal = {Environmental Research},
	doi = {10.1016/j.envres.2021.111154},
	issn = {0013-9351},
	year = {2021},
	month = {jun 1},
	pages = {111154},
	title = {Impact of short-term air pollution exposure on acute coronary syndrome in two cohorts of industrial and non-industrial areas: A time series regression with 6,000,000 person-years of follow-up ({ACS} - {Air} {Pollution} {Study})},
	volume = {197},
}
@article{Gestro2020Short,
	author = {Gestro, Massimo and Condemi, Vincenzo and Bardi, Luisella and Tomaino, Laura and Roveda, Eliana and Bruschetta, Antongiulio and Solimene, Umberto and Esposito, Fabio},
	journal = {Archives of Cardiovascular Diseases},
	doi = {10.1016/j.acvd.2020.03.013},
	issn = {1875-2136},
	number = {5},
	year = {2020},
	month = {may 1},
	pages = {308--320},
	title = {Short-term air pollution exposure is a risk factor for acute coronary syndromes in an urban area with low annual pollution rates: Results from a retrospective observational study (2011--2015)},
	volume = {113},
}
@article{Husken2003Recurrent,
	author = {H{\" u}sken, Michael and Stagge, Peter},
	journal = {Neurocomputing},
	year = {2003},
	note = {publisher: Elsevier},
	pages = {223--235},
	title = {Recurrent neural networks for time series classification},
	volume = {50},
}
@article{Hewamalage2021Recurrent,
	author = {Hewamalage, Hansika and Bergmeir, Christoph and Bandara, Kasun},
	journal = {International Journal of Forecasting},
	number = {1},
	year = {2021},
	note = {publisher: Elsevier},
	pages = {388--427},
	title = {Recurrent neural networks for time series forecasting: Current status and future directions},
	volume = {37},
}
@inproceedings{Zeng2023Are,
	author = {Zeng, Ailing and Chen, Muxi and Zhang, Lei and Xu, Qiang},
	booktitle = {Proceedings of the {AAAI} conference on artificial intelligence},
	year = {2023},
	note = {issue: 9},
	pages = {11121--11128},
	title = {Are transformers effective for time series forecasting?},
	url = {https://ojs.aaai.org/index.php/AAAI/article/view/26317},
	howpublished = {https://ojs.aaai.org/index.php/AAAI/article/view/26317},
	volume = {37},
}
@article{Villegas2023Predicting,
	author = {Villegas, Marta and Gonzalez-Agirre, Aitor and Guti{\' e}rrez-Fandi{\~ n}o, Asier and Armengol-Estap{\' e}, Jordi and Carrino, Casimiro Pio and P{\' e}rez-Fern{\' a}ndez, David and Soares, Felipe and Serrano, Pablo and Pedrera, Miguel and Garc{\' i}a, Noelia and Valencia, Alfonso},
	journal = {Computer Methods and Programs in Biomedicine Update},
	doi = {10.1016/j.cmpbup.2022.100089},
	issn = {2666-9900},
	year = {2023},
	month = {jan 1},
	pages = {100089},
	title = {Predicting the evolution of {COVID}-19 mortality risk: A {Recurrent} {Neural} {Network} approach},
	volume = {3},
}
@article{Suttaket2024Interpretable,
	author = {Suttaket, Thiti and Kok, Stanley},
	journal = {ACM Trans. Manage. Inf. Syst.},
	doi = {10.1145/3671150},
	issn = {2158-656X},
	year = {2024},
	month = {jun 6},
	note = {Just Accepted},
	title = {Interpretable {Predictive} {Models} for {Healthcare} via {Rational} {Multi}-{Layer} {Perceptrons}},
	url = {https://doi.org/10.1145/3671150},
	howpublished = {https://doi.org/10.1145/3671150},
}
@article{Muller2024IMU,
	author = {M{\" u}ller, Philipp Niklas and M{\" u}ller, Alexander Josef and Achenbach, Philipp and G{\" o}bel, Stefan},
	journal = {Sensors},
	doi = {10.3390/s24030742},
	issn = {1424-8220},
	number = {3},
	year = {2024},
	month = {1},
	note = {number: 3
publisher: Multidisciplinary Digital Publishing Institute},
	pages = {742},
	title = {IMU-{Based} {Fitness} {Activity} {Recognition} {Using} {CNNs} for {Time} {Series} {Classification}},
	volume = {24},
}
@article{Ni2024Time,
	author = {Ni, Haowei and Meng, Shuchen and Geng, Xieming and Li, Panfeng and Li, Zhuoying and Chen, Xupeng and Wang, Xiaotong and Zhang, Shiyao},
	doi = {10.48550/arXiv.2406.12199},
	year = {2024},
	month = {jun 27},
	note = {arXiv:2406.12199 [cs]},
	publisher = {arXiv},
	title = {Time {Series} {Modeling} for {Heart} {Rate} {Prediction}: From {ARIMA} to {Transformers}},
	url = {http://arxiv.org/abs/2406.12199},
}
@article{Nie2023Time,
	author = {Nie, Yuqi and Nguyen, Nam H. and Sinthong, Phanwadee and Kalagnanam, Jayant},
	year = {2023},
	month = {mar 5},
	note = {arXiv:2211.14730 [cs]},
	publisher = {arXiv},
	title = {A {Time} {Series} is {Worth} 64 {Words}: Long-term {Forecasting} with {Transformers}},
	url = {http://arxiv.org/abs/2211.14730},
}
@article{Sayed2024Novel,
	author = {Sayed, Mohammad Saiduzzaman and Rony, Mohammad Abu Tareq and Islam, Mohammad Shariful and Raza, Ali and Tabassum, Sawsan and Daoud, Mohammad Sh. and Migdady, Hazem and Abualigah, Laith},
	journal = {Journal of Medical Systems},
	doi = {10.1007/s10916-024-02076-w},
	issn = {1573-689X},
	number = {1},
	year = {2024},
	month = {may 22},
	pages = {53},
	title = {A {Novel} {Deep} {Learning} {Approach} for {Forecasting} {Myocardial} {Infarction} {Occurrences} with {Time} {Series} {Patient} {Data}},
	volume = {48},
}
@article{Bahdanau2016Neural,
	author = {Bahdanau, Dzmitry and Cho, Kyunghyun and Bengio, Yoshua},
	doi = {10.48550/arXiv.1409.0473},
	year = {2016},
	month = {may 19},
	note = {arXiv:1409.0473 [cs, stat]},
	publisher = {arXiv},
	title = {Neural {Machine} {Translation} by {Jointly} {Learning} to {Align} and {Translate}},
	url = {http://arxiv.org/abs/1409.0473},
}
@article{Rhyou2018Clinical,
	author = {Rhyou, Hyo-In and Park, Tae-Ho and Cho, Young-Rak and Park, Kyungil and Park, Jong-Sung and Kim, Moo-Hyun and Kim, Young-Dae},
	journal = {Journal of cardiology},
	number = {2},
	year = {2018},
	note = {publisher: Elsevier},
	pages = {125--128},
	title = {Clinical factors associated with the development of atrial fibrillation in the year following {STEMI} treated by primary {PCI}},
	volume = {71},
}
@article{Yunyun2014Analysis,
	author = {Yunyun, Wang and Tong, Li and Yingwu, Liu and Bojiang, Liu and Yu, Wang and Xiaomin, Hu and Xin, Li and Wenjin, Peng and Li, JinFang},
	journal = {BMC Cardiovascular Disorders},
	doi = {10.1186/1471-2261-14-179},
	issn = {1471-2261},
	number = {1},
	year = {2014},
	month = {dec 9},
	pages = {179},
	title = {Analysis of risk factors of {ST}-segment elevation myocardial infarction in young patients},
	volume = {14},
}
@article{Kanani2020ECG,
	author = {Kanani, Pratik and Padole, Mamta},
	series = {Third {International} {Conference} on {Computing} and {Network} {Communications} ({CoCoNet}'19)},
	journal = {Procedia Computer Science},
	doi = {10.1016/j.procs.2020.04.056},
	issn = {1877-0509},
	year = {2020},
	month = {jan 1},
	pages = {524--531},
	title = {ECG {Heartbeat} {Arrhythmia} {Classification} {Using} {Time}-{Series} {Augmented} {Signals} and {Deep} {Learning} {Approach}},
	volume = {171},
}
@article{Birbaumer1999spelling,
	author = {Birbaumer, N. and Ghanayim, N. and Hinterberger, T. and Iversen, I. and Kotchoubey, B. and K{\" u}bler, A. and Perelmouter, J. and Taub, E. and Flor, H.},
	journal = {Nature},
	doi = {10.1038/18581},
	issn = {1476-4687},
	number = {6725},
	year = {1999},
	month = {3},
	note = {publisher: Nature Publishing Group},
	pages = {297--298},
	title = {A spelling device for the paralysed},
	volume = {398},
}
@article{Little2020COVID,
	author = {Little, Callum D. and Kotecha, Tushar and Candilio, Luciano and Jabbour, Richard J. and Collins, George B. and Ahmed, Asrar and Connolly, Michelle and Kanyal, Ritesh and Demir, Ozan M. and Lawson, Lucy O.},
	journal = {Open Heart},
	number = {2},
	year = {2020},
	note = {publisher: Archives of Disease in childhood},
	pages = {e001432},
	title = {COVID-19 pandemic and {STEMI}: pathway activation and outcomes from the pan-{London} heart attack group},
	volume = {7},
}
@article{Topol2020COVID,
	author = {Topol, Eric J.},
	journal = {Science},
	doi = {10.1126/science.abe2813},
	issn = {0036-8075, 1095-9203},
	number = {6515},
	year = {2020},
	month = {oct 23},
	pages = {408--409},
	title = {COVID-19 can affect the heart},
	volume = {370},
}
@article{Wu2023TimesNet,
	author = {Wu, Haixu and Hu, Tengge and Liu, Yong and Zhou, Hang and Wang, Jianmin and Long, Mingsheng},
	doi = {10.48550/arXiv.2210.02186},
	year = {2023},
	month = {apr 11},
	note = {arXiv:2210.02186 [cs]},
	publisher = {arXiv},
	title = {TimesNet: Temporal 2D-{Variation} {Modeling} for {General} {Time} {Series} {Analysis}},
	url = {http://arxiv.org/abs/2210.02186},
}
@article{Zhang2022Less,
	author = {Zhang, Tianping and Zhang, Yizhuo and Cao, Wei and Bian, Jiang and Yi, Xiaohan and Zheng, Shun and Li, Jian},
	doi = {10.48550/arXiv.2207.01186},
	year = {2022},
	month = {jul 4},
	note = {arXiv:2207.01186 [cs]},
	publisher = {arXiv},
	title = {Less {Is} {More}: Fast {Multivariate} {Time} {Series} {Forecasting} with {Light} {Sampling}-oriented {MLP} {Structures}},
	url = {http://arxiv.org/abs/2207.01186},
}
@article{Wu2022Autoformer,
	author = {Wu, Haixu and Xu, Jiehui and Wang, Jianmin and Long, Mingsheng},
	doi = {10.48550/arXiv.2106.13008},
	year = {2022},
	month = {jan 7},
	note = {arXiv:2106.13008 [cs]},
	publisher = {arXiv},
	title = {Autoformer: Decomposition {Transformers} with {Auto}-{Correlation} for {Long}-{Term} {Series} {Forecasting}},
	url = {http://arxiv.org/abs/2106.13008},
}
@article{Cho2014Learning,
	author = {Cho, Kyunghyun and van Merrienboer, Bart and Gulcehre, Caglar and Bahdanau, Dzmitry and Bougares, Fethi and Schwenk, Holger and Bengio, Yoshua},
	doi = {10.48550/arXiv.1406.1078},
	year = {2014},
	month = {sep 2},
	note = {arXiv:1406.1078 [cs, stat]},
	publisher = {arXiv},
	title = {Learning {Phrase} {Representations} using {RNN} {Encoder}-{Decoder} for {Statistical} {Machine} {Translation}},
	url = {http://arxiv.org/abs/1406.1078},
}
@article{Hochreiter1997Long,
	author = {Hochreiter, Sepp and Schmidhuber, J{\" u}rgen},
	journal = {Neural computation},
	doi = {10.1162/neco.1997.9.8.1735},
	number = {8},
	year = {1997},
	note = {publisher: MIT Press},
	pages = {1735--1780},
	title = {Long short-term memory},
	volume = {9},
}
@article{Fisher2019All,
	author = {Fisher, Aaron and Rudin, Cynthia and Dominici, Francesca},
	journal = {Journal of Machine Learning Research},
	number = {177},
	year = {2019},
	pages = {1--81},
	title = {All models are wrong, but many are useful: Learning a variable's importance by studying an entire class of prediction models simultaneously},
	volume = {20},
}
@article{Braunwald2023Air,
	author = {Braunwald, Eugene},
	journal = {European Heart Journal},
	doi = {10.1093/eurheartj/ehac791},
	issn = {0195-668X, 1522-9645},
	number = {19},
	year = {2023},
	month = {may 14},
	pages = {1679--1681},
	title = {Air pollution: challenges and opportunities for cardiology},
	volume = {44},
}

@article{ke2017lightgbm,
  title={Lightgbm: A highly efficient gradient boosting decision tree},
  author={Ke, Guolin and Meng, Qi and Finley, Thomas and Wang, Taifeng and Chen, Wei and Ma, Weidong and Ye, Qiwei and Liu, Tie-Yan},
  journal={Advances in neural information processing systems},
  volume={30},
  year={2017}
}

@article{prokhorenkova2018catboost,
  title={CatBoost: unbiased boosting with categorical features},
  author={Prokhorenkova, Liudmila and Gusev, Gleb and Vorobev, Aleksandr and Dorogush, Anna Veronika and Gulin, Andrey},
  journal={Advances in neural information processing systems},
  volume={31},
  year={2018}
}

@article{duan2019utilizing,
  title={Utilizing dynamic treatment information for MACE prediction of acute coronary syndrome},
  author={Duan, Huilong and Sun, Zhoujian and Dong, Wei and Huang, Zhengxing},
  journal={BMC Medical Informatics and Decision Making},
  volume={19},
  pages={1--11},
  year={2019},
  publisher={Springer}
}

@article{liu2023deep,
  title={A deep learning-based acute coronary syndrome-related disease classification method: A cohort study for network interpretability and transfer learning},
  author={Liu, Yunqing and Liu, Jinlei and Qin, Chengjin and Jin, Yanrui and Li, Zhiyuan and Zhao, Liqun and Liu, Chengliang},
  journal={Applied Intelligence},
  volume={53},
  number={21},
  pages={25562--25580},
  year={2023},
  publisher={Springer}
}

@article{liu2021deep,
  title={A deep learning algorithm for detecting acute myocardial infarction: Deep learning model to detect AMI},
  author={Liu, Wen-Cheng and Lin, Chin-Sheng and Tsai, Chien-Sung and Tsao, Tien-Ping and Cheng, Cheng-Chung and Liou, Jun-Ting and Lin, Wei-Shiang and Cheng, Shu-Meng and Lou, Yu-Sheng and Lee, Chia-Cheng and others},
  journal={EuroIntervention},
  volume={17},
  number={9},
  pages={765},
  year={2021},
  publisher={Europa Group}
}