@misc{UNSDGGoal2,
  title = {{Goal 2: Zero Hunger}},
  author = {{United Nations}},
  year = {no date},
  url = {https://sdgs.un.org/goals/goal2},
  note = {Accessed: 20 August 2023}
};

@misc{UNSDG,
  title = {{United Nations Sustainable Development Goals}},
  author = {{United Nations}},
  year = {2023},
  url = {https://sdgs.un.org/goals},
  note = {Accessed: 20 August 2023}
};
@article{baret1991potentials,
  title={{Potentials and limits of vegetation indices for LAI and APAR assessment}},
  author={Baret, Fred and Guyot, Gerard},
  journal={Remote sensing of environment},
  volume={35},
  number={2-3},
  pages={161--173},
  year={1991},
  publisher={Elsevier}
};
@article{shahhosseini2020forecasting,
  title={Forecasting corn yield with machine learning ensembles},
  author={Shahhosseini, Mohsen and Hu, Guiping and Archontoulis, Sotirios V},
  journal={Frontiers in Plant Science},
  volume={11},
  pages={527890},
  year={2020},
  publisher={Frontiers}
};
@article{shahhosseini2021corn,
  title={{Corn yield prediction with ensemble CNN-DNN}},
  author={Shahhosseini, Mohsen and Hu, Guiping and Khaki, Saeed and Archontoulis, Sotirios V},
  journal={Frontiers in plant science},
  volume={12},
  pages={709008},
  year={2021},
  publisher={Frontiers}
};
@article{gavahi2021deepyield,
  title={DeepYield: A combined convolutional neural network with long short-term memory for crop yield forecasting},
  author={Gavahi, Keyhan and Abbaszadeh, Peyman and Moradkhani, Hamid},
  journal={Expert Systems with Applications},
  volume={184},
  pages={115511},
  year={2021},
  publisher={Elsevier}
};
@article{zare2024within,
  title={Within-season crop yield prediction by a multi-model ensemble with integrated data assimilation},
  author={Zare, Hossein and Weber, Tobias KD and Ingwersen, Joachim and Nowak, Wolfgang and Gayler, Sebastian and Streck, Thilo},
  journal={Field Crops Research},
  volume={308},
  pages={109293},
  year={2024},
  publisher={Elsevier}
};
@article{gopi2024red,
  title={Red fox optimization with ensemble recurrent neural network for crop recommendation and yield prediction model},
  author={Gopi, PSS and Karthikeyan, M},
  journal={Multimedia Tools and Applications},
  volume={83},
  number={5},
  pages={13159--13179},
  year={2024},
  publisher={Springer}
};
@article{joshi2023remote,
  title={{Remote-sensing data and deep-learning techniques in crop mapping and yield prediction: A systematic review}},
  author={Joshi, Abhasha and Pradhan, Biswajeet and Gite, Shilpa and Chakraborty, Subrata},
  journal={Remote Sensing},
  volume={15},
  number={8},
  pages={2014},
  year={2023},
  publisher={MDPI}
};
@article{boppudi2024deep,
  title={Deep ensemble model with hybrid intelligence technique for crop yield prediction},
  author={Boppudi, Swanth and others},
  journal={Multimedia Tools and Applications},
  pages={1--21},
  year={2024},
  publisher={Springer}
};
@misc{FAO:2022,
    author = {{Food and Agriculture Organization (FAO)}},
    title = {Rice market monitor},
    year = {2022},
    url = {https://www.fao.org/3/ca0412en/CA0412EN.pdf},
    note = {Accessed: January 18, 2024}
};
@misc{usgs-pecora,
    author = {William Thomas Pecora},
    title = {{Staff Profiles - William Thomas Pecora}},
    year = {2023},
    url = {https://www.usgs.gov/staff-profiles/william-thomas-pecora},
    note = {Accessed: 29 September 2023}
};
@misc{macdonald1977lacie,
  author = {Macdonald, R. B. and Hall, F. G.},
  title = {{LACIE - A look to the future}},
  year = {1977},
  howpublished = {\url{https://ntrs.nasa.gov/citations/19780030895}},
  note = {[Accessed: 29 September 2023]}
};
@article{baier1968performance,
  title={The performance of soil moisture estimates as compared with the direct use of climatological data for estimating crop yields},
  author={Baier, W\_ and Robertson, Geo W},
  journal={Agricultural Meteorology},
  volume={5},
  number={1},
  pages={17--31},
  year={1968},
  publisher={Elsevier}
};
@article{idso1975detection,
  title={Detection of soil moisture by remote surveillance: difficult problems limit immediate applications, but the potential social benefits call for serious attempts at their solution},
  author={Idso, Sherwood B and Jackson, Ray D and Reginato, Robert J},
  journal={American Scientist},
  volume={63},
  number={5},
  pages={549--557},
  year={1975},
  publisher={JSTOR}
};
@article{idso1977remote,
  title={Remote-Sensing of Crop Yields: Canopy temperature and albedo measurements have been quantitatively correlated with final harvests of wheat.},
  author={Idso, Sherwood B and Jackson, Ray D and Reginato, Robert J},
  journal={Science},
  volume={196},
  number={4285},
  pages={19--25},
  year={1977},
  publisher={American Association for the Advancement of Science}
};
@article{idso1980estimation,
  title={Estimation of grain yields by remote sensing of crop senescence rates},
  author={Idso, SB and Pinter Jr, PJ and Jackson, RD and Reginato, RJ and others},
  journal={Remote Sens. Environ},
  volume={9},
  number={1},
  pages={87--91},
  year={1980}
};
@techreport{rouse1974monitoring,
  title={Monitoring the vernal advancement and retrogradation (green wave effect) of natural vegetation},
  author={Rouse Jr, John W and Haas, R Hect and Deering, DW and Schell, JA and Harlan, James C},
  year={1974}
};
@article{rouse1974monitoringveg,
  title={{Monitoring vegetation systems in the Great Plains with ERTS}},
  author={Rouse, John Wilson and Haas, R{\"u}diger H and Schell, John A and Deering, Donald W and others},
  journal={NASA Spec. Publ},
  volume={351},
  number={1},
  pages={309},
  year={1974}
};
@article{richardson1977distinguishing,
  title={Distinguishing vegetation from soil background information},
  author={Richardson, Arthur J and Wiegand, CL and others},
  journal={Photogrammetric engineering and remote sensing},
  volume={43},
  number={12},
  pages={1541--1552},
  year={1977}
};
@article{zeng2022optical,
  title={Optical vegetation indices for monitoring terrestrial ecosystems globally},
  author={Zeng, Yelu and Hao, Dalei and Huete, Alfredo and Dechant, Benjamin and Berry, Joe and Chen, Jing M and Joiner, Joanna and Frankenberg, Christian and Bond-Lamberty, Ben and Ryu, Youngryel and others},
  journal={Nature Reviews Earth \& Environment},
  volume={3},
  number={7},
  pages={477--493},
  year={2022},
  publisher={Nature Publishing Group UK London}
};
@article{wiegand1991vegetation,
  title={Vegetation indices in crop assessments},
  author={Wiegand, CL and Richardson, AJ and Escobar, DE and Gerbermann, AH},
  journal={Remote sensing of Environment},
  volume={35},
  number={2-3},
  pages={105--119},
  year={1991},
  publisher={Elsevier}
};
@article{quarmby1993use,
  title={{The use of multi-temporal NDVI measurements from AVHRR data for crop yield estimation and prediction}},
  author={Quarmby, NA and Milnes, Mi and Hindle, TL and Silleos, N},
  journal={International Journal of Remote Sensing},
  volume={14},
  number={2},
  pages={199--210},
  year={1993},
  publisher={Taylor \& Francis}
};
@article{bouman1995crop,
  title={Crop modelling and remote sensing for yield prediction},
  author={Bouman, BAM},
  journal={Netherlands Journal of Agricultural Science},
  volume={43},
  number={2},
  pages={143--161},
  year={1995}
};
@article{thenkabail2000hyperspectral,
  title={Hyperspectral vegetation indices and their relationships with agricultural crop characteristics},
  author={Thenkabail, Prasad S and Smith, Ronald B and De Pauw, Eddy},
  journal={Remote sensing of Environment},
  volume={71},
  number={2},
  pages={158--182},
  year={2000},
  publisher={Elsevier}
};
@article{aparicio2000spectral,
  title={Spectral vegetation indices as nondestructive tools for determining durum wheat yield},
  author={Aparicio, Nieves and Villegas, Dolors and Casadesus, Jaume and Araus, Jos{\'e} Luis and Royo, Conxita},
  journal={Agronomy Journal},
  volume={92},
  number={1},
  pages={83--91},
  year={2000},
  publisher={Wiley Online Library}
};
@article{uno2005artificial,
  title={Artificial neural networks to predict corn yield from Compact Airborne Spectrographic Imager data},
  author={Uno, Y and Prasher, SO and Lacroix, R and Goel, PK and Karimi, Y and Viau, A and Patel, RM},
  journal={Computers and electronics in agriculture},
  volume={47},
  number={2},
  pages={149--161},
  year={2005},
  publisher={Elsevier}
};
@article{li2007estimating,
  title={Estimating crop yield from multi-temporal satellite data using multivariate regression and neural network techniques},
  author={Li, Ainong and Liang, Shunlin and Wang, Angsheng and Qin, Jun},
  journal={Photogrammetric Engineering \& Remote Sensing},
  volume={73},
  number={10},
  pages={1149--1157},
  year={2007},
  publisher={American Society for Photogrammetry and Remote Sensing}
};
@article{bala2009correlation,
  title={{Correlation between potato yield and MODIS-derived vegetation indices}},
  author={Bala, SK and Islam, AS},
  journal={International Journal of Remote Sensing},
  volume={30},
  number={10},
  pages={2491--2507},
  year={2009},
  publisher={Taylor \& Francis}
};
@article{li2009winter,
  title={Winter wheat yield estimation based on support vector machine regression and multi-temporal remote sensing data.},
  author={Li, Rui and Li, CunJun and Xu, XinGang and Wang, JiHua and Yang, XiaoDong and Huang, WenJiang and Pan, YuChun and others},
  journal={Transactions of the Chinese Society of Agricultural Engineering},
  volume={25},
  number={7},
  pages={114--117},
  year={2009},
  publisher={Chinese Society of Agricultural Engineering}
};
@article{stojanova2010estimating,
  title={Estimating vegetation height and canopy cover from remotely sensed data with machine learning},
  author={Stojanova, Daniela and Panov, Pan{\v{c}}e and Gjorgjioski, Valentin and Kobler, Andrej and D{\v{z}}eroski, Sa{\v{s}}o},
  journal={Ecological Informatics},
  volume={5},
  number={4},
  pages={256--266},
  year={2010},
  publisher={Elsevier}
};

@article{perich2023pixel,
  title={{Pixel-based yield mapping and prediction from Sentinel-2 using spectral indices and neural networks}},
  author={Perich, Gregor and Turkoglu, Mehmet Ozgur and Graf, Lukas Valentin and Wegner, Jan Dirk and Aasen, Helge and Walter, Achim and Liebisch, Frank},
  journal={Field Crops Research},
  volume={292},
  pages={108824},
  year={2023},
  publisher={Elsevier}
};

@article{son2022field,
  title={{Field-scale rice yield prediction from Sentinel-2 monthly image composites using machine learning algorithms}},
  author={Son, Nguyen-Thanh and Chen, Chi-Farn and Cheng, Youg-Sin and Toscano, Piero and Chen, Cheng-Ru and Chen, Shu-Ling and Tseng, Kuo-Hsin and Syu, Chien-Hui and Guo, Horng-Yuh and Zhang, Yi-Ting},
  journal={Ecological informatics},
  volume={69},
  pages={101618},
  year={2022},
  publisher={Elsevier}
};

@article{khan2023early,
  title={Early Identification of Crop Type for Smallholder Farming Systems Using Deep Learning on Time-Series {Sentinel-2} Imagery},
  author={Khan, Haseeb Rehman and Gillani, Zeeshan and Jamal, Muhammad Hasan and Athar, Atifa and Chaudhry, Muhammad Tayyab and Chao, Haoyu and He, Yong and Chen, Ming},
  journal={Sensors},
  volume={23},
  number={4},
  pages={1779},
  year={2023},
  publisher={MDPI}
};
@article{johnson2016crop,
  title={Crop yield forecasting on the {Canadian Prairies} by remotely sensed vegetation indices and machine learning methods},
  author={Johnson, Michael D and Hsieh, William W and Cannon, Alex J and Davidson, Andrew and B{\'e}dard, Fr{\'e}d{\'e}ric},
  journal={Agricultural and forest meteorology},
  volume={218},
  pages={74--84},
  year={2016},
  publisher={Elsevier}
};
@article{pantazi2016wheat,
  title={Wheat yield prediction using machine learning and advanced sensing techniques},
  author={Pantazi, Xanthoula Eirini and Moshou, Dimitrios and Alexandridis, Thomas and Whetton, Rebecca L and Mouazen, Abdul Mounem},
  journal={Computers and electronics in agriculture},
  volume={121},
  pages={57--65},
  year={2016},
  publisher={Elsevier}
};
@article{ramos2020random,
  title={A random forest ranking approach to predict yield in maize with uav-based vegetation spectral indices},
  author={Ramos, Ana Paula Marques and Osco, Lucas Prado and Furuya, Danielle Elis Garcia and Gon{\c{c}}alves, Wesley Nunes and Santana, Dthenifer Cordeiro and Teodoro, Larissa Pereira Ribeiro and da Silva Junior, Carlos Antonio and Capristo-Silva, Guilherme Fernando and Li, Jonathan and Baio, F{\'a}bio Henrique Rojo and others},
  journal={Computers and Electronics in Agriculture},
  volume={178},
  pages={105791},
  year={2020},
  publisher={Elsevier}
};
@article{li2021machine,
  title={A machine learning method for predicting vegetation indices in {China}},
  author={Li, Xiangqian and Yuan, Wenping and Dong, Wenjie},
  journal={Remote Sensing},
  volume={13},
  number={6},
  pages={1147},
  year={2021},
  publisher={MDPI}
};
@article{zhang2021integrating,
  title={Integrating satellite-derived climatic and vegetation indices to predict smallholder maize yield using deep learning},
  author={Zhang, Liangliang and Zhang, Zhao and Luo, Yuchuan and Cao, Juan and Xie, Ruizhi and Li, Shaokun},
  journal={Agricultural and Forest Meteorology},
  volume={311},
  pages={108666},
  year={2021},
  publisher={Elsevier}
};
@article{mosleh2015application,
  title={Application of remote sensors in mapping rice area and forecasting its production: {A review}},
  author={Mosleh, Mostafa K and Hassan, Quazi K and Chowdhury, Ehsan H},
  journal={Sensors},
  volume={15},
  number={1},
  pages={769--791},
  year={2015},
  publisher={Multidisciplinary Digital Publishing Institute}
};
@misc{scikit-learn-r2-score,
  title = {{scikit-learn - R2 Score Documentation}},
  author = {{scikit-learn contributors}},
  year = 2023,
  url = {https://scikit-learn.org/stable/modules/generated/sklearn.metrics.r2_score.html},
  note = {Accessed: 3 October 2023}
};
@article{rowley2023predicting,
  title={Predicting air quality via multimodal {AI} and satellite imagery},
  author={Rowley, Andrew and Karaku{\c{s}}, Oktay},
  journal={Remote Sensing of Environment},
  volume={293},
  pages={113609},
  year={2023},
  publisher={Elsevier}
};
@article{ma2022amm,
  title={{AMM-FuseNet: Attention-based multi-modal image fusion network for land cover mapping}},
  author={Ma, Wanli and Karaku{\c{s}}, Oktay and Rosin, Paul L},
  journal={Remote Sensing},
  volume={14},
  number={18},
  pages={4458},
  year={2022},
  publisher={MDPI}
};
@article{roy2023multimodal,
  title={Multimodal fusion transformer for remote sensing image classification},
  author={Roy, Swalpa Kumar and Deria, Ankur and Hong, Danfeng and Rasti, Behnood and Plaza, Antonio and Chanussot, Jocelyn},
  journal={IEEE Transactions on Geoscience and Remote Sensing},
  year={2023},
  publisher={IEEE}
};
@article{fan2024progressive,
  title={Progressive adjacent-layer coordination symmetric cascade network for semantic segmentation of multimodal remote sensing images},
  author={Fan, Xiaomin and Zhou, Wujie and Qian, Xiaohong and Yan, Weiqing},
  journal={Expert Systems with Applications},
  volume={238},
  pages={121999},
  year={2024},
  publisher={Elsevier}
};
@misc{EY2023,
  author = {EY},
  title = {{Open Science Data Challenge}},
  year = {2023},
  url = {https://challenge.ey.com/},
  note = {Accessed: 20 August 2023}
};
@misc{irri-extension,
    title = {{Major Insect Pests at Each Growth Stage of the Rice Plant}},
    author = {{e-Extension}},
    year = {2024},
    url = {https://irri-e-extension.com/lesson/major-insect-pests-at-each-growth-stage-of-the-rice-plant/},
    note = {Accessed: 20 January 2024}
};
@article{abdali2024parallel,
  title={{A parallel-cascaded ensemble of machine learning models for crop type classification in Google earth engine using multi-temporal sentinel-1/2 and landsat-8/9 remote sensing data}},
  author={Abdali, Esmaeil and Valadan Zoej, Mohammad Javad and Taheri Dehkordi, Alireza and Ghaderpour, Ebrahim},
  journal={Remote Sensing},
  volume={16},
  number={1},
  pages={127},
  year={2024},
  publisher={MDPI}
};
@inproceedings{keerthana2021ensemble,
  title={An ensemble algorithm for crop yield prediction},
  author={Keerthana, Mummaleti and Meghana, KJM and Pravallika, Siginamsetty and Kavitha, Modepalli},
  booktitle={2021 Third International Conference on Intelligent Communication Technologies and Virtual Mobile Networks (ICICV)},
  pages={963--970},
  year={2021},
  organization={IEEE}
};
@article{trentin2024tree,
  title={{Tree Crop Yield Estimation and Prediction Using Remote Sensing and Machine Learning: A Systematic Review}},
  author={Trentin, Carolina and Ampatzidis, Yiannis and Lacerda, Christian and Shiratsuchi, Luciano},
  journal={Smart Agricultural Technology},
  pages={100556},
  year={2024},
  publisher={Elsevier}
};
@article{wu2024wheat,
  title={Wheat Yield Estimation Study Using Hyperspectral Vegetation Indices},
  author={Wu, Renhong and Fan, Yuqing and Zhang, Liuya and Yuan, Debao and Gao, Guitang},
  journal={Applied Sciences},
  volume={14},
  number={10},
  pages={4245},
  year={2024},
  publisher={MDPI}
};
@article{maimaitijiang2020soybean,
  title={{Soybean yield prediction from UAV using multimodal data fusion and deep learning}},
  author={Maimaitijiang, Maitiniyazi and Sagan, Vasit and Sidike, Paheding and Hartling, Sean and Esposito, Flavio and Fritschi, Felix B},
  journal={Remote sensing of environment},
  volume={237},
  pages={111599},
  year={2020},
  publisher={Elsevier}
};
@article{shafi2023tackling,
  title={Tackling food insecurity using remote sensing and machine learning based crop yield prediction},
  author={Shafi, Uferah and Mumtaz, Rafia and Anwar, Zahid and Ajmal, Muhammad Muzyyab and Khan, Muhammad Ajmal and Mahmood, Zahid and Qamar, Maqsood and Jhanzab, Hafiz Muhammad},
  journal={IEEE Access},
  year={2023},
  publisher={IEEE}
};
@article{islam2023rapid,
  title={Rapid rice yield estimation using integrated remote sensing and meteorological data and machine learning},
  author={Islam, Md Didarul and Di, Liping and Qamer, Faisal Mueen and Shrestha, Sravan and Guo, Liying and Lin, Li and Mayer, Timothy J and Phalke, Aparna R},
  journal={Remote Sensing},
  volume={15},
  number={9},
  pages={2374},
  year={2023},
  publisher={MDPI}
};
@article{zhou2023rice,
  title={Rice yield prediction in hubei province based on deep learning and the effect of spatial heterogeneity},
  author={Zhou, Shitong and Xu, Lei and Chen, Nengcheng},
  journal={Remote Sensing},
  volume={15},
  number={5},
  pages={1361},
  year={2023},
  publisher={MDPI}
};
@article{arshad2023applicability,
  title={{Applicability of machine learning techniques in predicting wheat yield based on remote sensing and climate data in Pakistan, South Asia}},
  author={Arshad, Sana and Kazmi, Jamil Hasan and Javed, Muhammad Gohar and Mohammed, Safwan},
  journal={European Journal of Agronomy},
  volume={147},
  pages={126837},
  year={2023},
  publisher={Elsevier}
};
@article{asadollah2024optimizing,
  title={{Optimizing machine learning for agricultural productivity: A novel approach with RScv and remote sensing data over Europe}},
  author={Asadollah, Seyed Babak Haji Seyed and Jodar-Abellan, Antonio and Pardo, Miguel {\'A}ngel},
  journal={Agricultural Systems},
  volume={218},
  pages={103955},
  year={2024},
  publisher={Elsevier}
};
@article{lu2024goa,
  title={{GOA-optimized deep learning for soybean yield estimation using multi-source remote sensing data}},
  author={Lu, Jian and Fu, Hongkun and Tang, Xuhui and Liu, Zhao and Huang, Jujian and Zou, Wenlong and Chen, Hui and Sun, Yue and Ning, Xiangyu and Li, Jian},
  journal={Scientific Reports},
  volume={14},
  number={1},
  pages={7097},
  year={2024},
  publisher={Nature Publishing Group UK London}
};
@article{killeen2024corn,
  title={{Corn grain yield prediction using UAV-based high spatiotemporal resolution imagery, machine learning, and spatial cross-validation}},
  author={Killeen, Patrick and Kiringa, Iluju and Yeap, Tet and Branco, Paula},
  journal={Remote Sensing},
  volume={16},
  number={4},
  pages={683},
  year={2024},
  publisher={MDPI}
};
@article{chen2022predicting,
title = {{Predicting individual apple tree yield using UAV multi-source remote sensing data and ensemble learning}},
journal = {Computers and Electronics in Agriculture},
volume = {201},
pages = {107275},
year = {2022},
issn = {0168-1699},
doi = {https://doi.org/10.1016/j.compag.2022.107275},
url = {https://www.sciencedirect.com/science/article/pii/S0168169922005877},
author = {Riqiang Chen and Chengjian Zhang and Bo Xu and Yaohui Zhu and Fa Zhao and Shaoyu Han and Guijun Yang and Hao Yang}
};
@article{manafifard2024new,
  title={A new hyperparameter to random forest: application of remote sensing in yield prediction},
  author={Manafifard, Mehrtash},
  journal={Earth Science Informatics},
  volume={17},
  number={1},
  pages={63--73},
  year={2024},
  publisher={Springer}
};
@article{li2024global,
  title={Global de-trending significantly improves the accuracy of XGBoost-based county-level maize and soybean yield prediction in the Midwestern United States},
  author={Li, Yuanchao and Zeng, Hongwei and Zhang, Miao and Wu, Bingfang and Qin, Xingli},
  journal={GIScience \& Remote Sensing},
  volume={61},
  number={1},
  pages={2349341},
  year={2024},
  publisher={Taylor \& Francis}
};
@article{hashemi2024yield,
  title={{Yield estimation from SAR data using patch-based deep learning and machine learning techniques}},
  author={Hashemi, Mahya GZ and Tan, Pang-Ning and Jalilvand, Ehsan and Wilke, Brook and Alemohammad, Hamed and Das, Narendra N},
  journal={Computers and Electronics in Agriculture},
  volume={226},
  pages={109340},
  year={2024},
  publisher={Elsevier}
};
@Article{su12125123,
AUTHOR = {Maitah, Kamil and Smutka, Luboš and Sahatqija, Jeta and Maitah, Mansoor and Phuong Anh, Nguyen},
TITLE = {Rice as a Determinant of Vietnamese Economic Sustainability},
JOURNAL = {Sustainability},
VOLUME = {12},
YEAR = {2020},
NUMBER = {12},
ARTICLE-NUMBER = {5123},
DOI = {10.3390/su12125123}
};
@article{clauss2018estimating,
title = {{Estimating rice production in the Mekong Delta, Vietnam, utilizing time series of Sentinel-1 SAR data}},
journal = {International Journal of Applied Earth Observation and Geoinformation},
volume = {73},
pages = {574-585},
year = {2018},
issn = {1569-8432},
doi = {https://doi.org/10.1016/j.jag.2018.07.022},
author = {Kersten Clauss and Marco Ottinger and Patrick Leinenkugel and Claudia Kuenzer}
};
@inproceedings{gadupudi2024adaptive,
  title={{An Adaptive Deep Learning Model for Crop Yield Prediction}},
  author={Gadupudi, Ashwin and Rani, Rudra Yamini and Jayaram, B and Sharma, Nipun and Deshmukh, Jotiram Krishna and Reddy, Pundru Chandra Shaker},
  booktitle={2024 2nd International Conference on Computer, Communication and Control (IC4)},
  pages={1--5},
  year={2024},
  organization={IEEE}
};
@article{osibo2024integrating,
  title={Integrating remote sensing data and efficiently weighted ensemble method for simplified crop yield prediction},
  author={Osibo, Benjamin Kwapong and Ma, Tinghuai and Wahab, Mohamed Magdy Abdel and Jia, Li and Ye, Wenzheng and Bediako-Kyeremeh, Bright and Mamelona, Lorenzo and Darbinian, Kristina},
  journal={Journal of Applied Remote Sensing},
  volume={18},
  number={4},
  pages={044520--044520},
  year={2024},
  publisher={Society of Photo-Optical Instrumentation Engineers}
};
@inproceedings{umamaheswari2024predicting,
  title={{Predicting Crop Yield Based on Stacking Ensemble Model in Machine Learning}},
  author={Umamaheswari, K and Madhumathi, R},
  booktitle={2024 8th International Conference on I-SMAC (IoT in Social, Mobile, Analytics and Cloud)(I-SMAC)},
  pages={1831--1836},
  year={2024},
  organization={IEEE}
};
@article{zhang2024ensemble,
  title={{Ensemble Learning for Oat Yield Prediction Using Multi-Growth Stage UAV Images}},
  author={Zhang, Pengpeng and Lu, Bing and Shang, Jiali and Wang, Xingyu and Hou, Zhenwei and Jin, Shujian and Yang, Yadong and Zang, Huadong and Ge, Junyong and Zeng, Zhaohai},
  journal={Remote Sensing},
  volume={16},
  number={23},
  pages={4575},
  year={2024},
  publisher={MDPI}
};
@article{sharma2025enhancing,
  title={Enhancing crop yield prediction through machine learning regression analysis},
  author={Sharma, Seema and Jain, Anupriya and Sharma, Sachin and Whig, Pawan},
  journal={International Journal of Sustainable Agricultural Management and Informatics},
  volume={11},
  number={1},
  pages={29--47},
  year={2025},
  publisher={Inderscience Publishers (IEL)}
};
@article{rao2024brinjal,
  title={{Brinjal Crop yield prediction using Shuffled shepherd optimization algorithm based ACNN-OBDLSTM model in Smart Agriculture}},
  author={Rao, M Venkateswara and Sreeraman, Y and Mantena, Srihari Varma and Gundu, Venkateswarlu and Roja, D and Vatambeti, Ramesh},
  journal={Journal of Integrated Science and Technology},
  volume={12},
  number={1},
  pages={710--710},
  year={2024}
};
@article{hussain2024analysing,
  title={{Analysing LULC transformations using remote sensing data: insights from a multilayer perceptron neural network approach}},
  author={Hussain, Khadim and Mehmood, Kaleem and Yujun, Sun and Badshah, Tariq and Anees, Shoaib Ahmad and Shahzad, Fahad and Nooruddin and Ali, Jamshid and Bilal, Muhammad},
  journal={Annals of GIS},
  pages={1--28},
  year={2024},
  publisher={Taylor \& Francis}
};
@article{tao2023yield,
author = {Tao, Wanghai and Zeng, Senlin and Su, Lijun and Sun, Yan and Shao, Fanfan and Wang, Quanjiu},
title = {Yield prediction and water-nitrogen management of Chinese jujube based on machine learning},
journal = {Irrigation and Drainage},
volume = {72},
number = {2},
pages = {439-450},
doi = {https://doi.org/10.1002/ird.2786},
year = {2023}
};
@article{dhaliwal2024sweet,
  title={Sweet corn yield prediction using machine learning models and field-level data},
  author={Dhaliwal, Daljeet S and Williams, Martin M},
  journal={Precision Agriculture},
  volume={25},
  number={1},
  pages={51--64},
  year={2024},
  publisher={Springer}
};