@article{arshad2023applicability,
  title={{Applicability of machine learning techniques in predicting wheat yield based on remote sensing and climate data in Pakistan, South Asia}},
  author={Arshad, Sana and Kazmi, Jamil Hasan and Javed, Muhammad Gohar and Mohammed, Safwan},
  journal={European Journal of Agronomy},
  volume={147},
  pages={126837},
  year={2023},
  publisher={Elsevier}
}

@article{asadollah2024optimizing,
  title={{Optimizing machine learning for agricultural productivity: A novel approach with RScv and remote sensing data over Europe}},
  author={Asadollah, Seyed Babak Haji Seyed and Jodar-Abellan, Antonio and Pardo, Miguel {\'A}ngel},
  journal={Agricultural Systems},
  volume={218},
  pages={103955},
  year={2024},
  publisher={Elsevier}
}

@article{baier1968performance,
  title={The performance of soil moisture estimates as compared with the direct use of climatological data for estimating crop yields},
  author={Baier, W\_ and Robertson, Geo W},
  journal={Agricultural Meteorology},
  volume={5},
  number={1},
  pages={17--31},
  year={1968},
  publisher={Elsevier}
}

@article{bala2009correlation,
  title={{Correlation between potato yield and MODIS-derived vegetation indices}},
  author={Bala, SK and Islam, AS},
  journal={International Journal of Remote Sensing},
  volume={30},
  number={10},
  pages={2491--2507},
  year={2009},
  publisher={Taylor \& Francis}
}

@article{baret1991potentials,
  title={{Potentials and limits of vegetation indices for LAI and APAR assessment}},
  author={Baret, Fred and Guyot, Gerard},
  journal={Remote sensing of environment},
  volume={35},
  number={2-3},
  pages={161--173},
  year={1991},
  publisher={Elsevier}
}

@article{boppudi2024deep,
  title={Deep ensemble model with hybrid intelligence technique for crop yield prediction},
  author={Boppudi, Swanth and others},
  journal={Multimedia Tools and Applications},
  pages={1--21},
  year={2024},
  publisher={Springer}
}

@article{bouman1995crop,
  title={Crop modelling and remote sensing for yield prediction},
  author={Bouman, BAM},
  journal={Netherlands Journal of Agricultural Science},
  volume={43},
  number={2},
  pages={143--161},
  year={1995}
}

@article{dhaliwal2024sweet,
  title={Sweet corn yield prediction using machine learning models and field-level data},
  author={Dhaliwal, Daljeet S and Williams, Martin M},
  journal={Precision Agriculture},
  volume={25},
  number={1},
  pages={51--64},
  year={2024},
  publisher={Springer}
}

@inproceedings{gadupudi2024adaptive,
  title={{An Adaptive Deep Learning Model for Crop Yield Prediction}},
  author={Gadupudi, Ashwin and Rani, Rudra Yamini and Jayaram, B and Sharma, Nipun and Deshmukh, Jotiram Krishna and Reddy, Pundru Chandra Shaker},
  booktitle={2024 2nd International Conference on Computer, Communication and Control (IC4)},
  pages={1--5},
  year={2024},
  organization={IEEE}
}

@article{gavahi2021deepyield,
  title={DeepYield: A combined convolutional neural network with long short-term memory for crop yield forecasting},
  author={Gavahi, Keyhan and Abbaszadeh, Peyman and Moradkhani, Hamid},
  journal={Expert Systems with Applications},
  volume={184},
  pages={115511},
  year={2021},
  publisher={Elsevier}
}

@article{gopi2024red,
  title={Red fox optimization with ensemble recurrent neural network for crop recommendation and yield prediction model},
  author={Gopi, PSS and Karthikeyan, M},
  journal={Multimedia Tools and Applications},
  volume={83},
  number={5},
  pages={13159--13179},
  year={2024},
  publisher={Springer}
}

@article{islam2023rapid,
  title={Rapid rice yield estimation using integrated remote sensing and meteorological data and machine learning},
  author={Islam, Md Didarul and Di, Liping and Qamer, Faisal Mueen and Shrestha, Sravan and Guo, Liying and Lin, Li and Mayer, Timothy J and Phalke, Aparna R},
  journal={Remote Sensing},
  volume={15},
  number={9},
  pages={2374},
  year={2023},
  publisher={MDPI}
}

@article{johnson2016crop,
  title={Crop yield forecasting on the {Canadian Prairies} by remotely sensed vegetation indices and machine learning methods},
  author={Johnson, Michael D and Hsieh, William W and Cannon, Alex J and Davidson, Andrew and B{\'e}dard, Fr{\'e}d{\'e}ric},
  journal={Agricultural and forest meteorology},
  volume={218},
  pages={74--84},
  year={2016},
  publisher={Elsevier}
}

@article{khan2023early,
  title={Early Identification of Crop Type for Smallholder Farming Systems Using Deep Learning on Time-Series {Sentinel-2} Imagery},
  author={Khan, Haseeb Rehman and Gillani, Zeeshan and Jamal, Muhammad Hasan and Athar, Atifa and Chaudhry, Muhammad Tayyab and Chao, Haoyu and He, Yong and Chen, Ming},
  journal={Sensors},
  volume={23},
  number={4},
  pages={1779},
  year={2023},
  publisher={MDPI}
}

@article{killeen2024corn,
  title={{Corn grain yield prediction using UAV-based high spatiotemporal resolution imagery, machine learning, and spatial cross-validation}},
  author={Killeen, Patrick and Kiringa, Iluju and Yeap, Tet and Branco, Paula},
  journal={Remote Sensing},
  volume={16},
  number={4},
  pages={683},
  year={2024},
  publisher={MDPI}
}

@article{li2007estimating,
  title={Estimating crop yield from multi-temporal satellite data using multivariate regression and neural network techniques},
  author={Li, Ainong and Liang, Shunlin and Wang, Angsheng and Qin, Jun},
  journal={Photogrammetric Engineering \& Remote Sensing},
  volume={73},
  number={10},
  pages={1149--1157},
  year={2007},
  publisher={American Society for Photogrammetry and Remote Sensing}
}

@article{li2009winter,
  title={Winter wheat yield estimation based on support vector machine regression and multi-temporal remote sensing data.},
  author={Li, Rui and Li, CunJun and Xu, XinGang and Wang, JiHua and Yang, XiaoDong and Huang, WenJiang and Pan, YuChun and others},
  journal={Transactions of the Chinese Society of Agricultural Engineering},
  volume={25},
  number={7},
  pages={114--117},
  year={2009},
  publisher={Chinese Society of Agricultural Engineering}
}

@article{li2021machine,
  title={A machine learning method for predicting vegetation indices in {China}},
  author={Li, Xiangqian and Yuan, Wenping and Dong, Wenjie},
  journal={Remote Sensing},
  volume={13},
  number={6},
  pages={1147},
  year={2021},
  publisher={MDPI}
}

@article{lu2024goa,
  title={{GOA-optimized deep learning for soybean yield estimation using multi-source remote sensing data}},
  author={Lu, Jian and Fu, Hongkun and Tang, Xuhui and Liu, Zhao and Huang, Jujian and Zou, Wenlong and Chen, Hui and Sun, Yue and Ning, Xiangyu and Li, Jian},
  journal={Scientific Reports},
  volume={14},
  number={1},
  pages={7097},
  year={2024},
  publisher={Nature Publishing Group UK London}
}

@article{mosleh2015application,
  title={Application of remote sensors in mapping rice area and forecasting its production: {A review}},
  author={Mosleh, Mostafa K and Hassan, Quazi K and Chowdhury, Ehsan H},
  journal={Sensors},
  volume={15},
  number={1},
  pages={769--791},
  year={2015},
  publisher={Multidisciplinary Digital Publishing Institute}
}

@article{osibo2024integrating,
  title={Integrating remote sensing data and efficiently weighted ensemble method for simplified crop yield prediction},
  author={Osibo, Benjamin Kwapong and Ma, Tinghuai and Wahab, Mohamed Magdy Abdel and Jia, Li and Ye, Wenzheng and Bediako-Kyeremeh, Bright and Mamelona, Lorenzo and Darbinian, Kristina},
  journal={Journal of Applied Remote Sensing},
  volume={18},
  number={4},
  pages={044520--044520},
  year={2024},
  publisher={Society of Photo-Optical Instrumentation Engineers}
}

@article{pantazi2016wheat,
  title={Wheat yield prediction using machine learning and advanced sensing techniques},
  author={Pantazi, Xanthoula Eirini and Moshou, Dimitrios and Alexandridis, Thomas and Whetton, Rebecca L and Mouazen, Abdul Mounem},
  journal={Computers and electronics in agriculture},
  volume={121},
  pages={57--65},
  year={2016},
  publisher={Elsevier}
}

@article{perich2023pixel,
  title={{Pixel-based yield mapping and prediction from Sentinel-2 using spectral indices and neural networks}},
  author={Perich, Gregor and Turkoglu, Mehmet Ozgur and Graf, Lukas Valentin and Wegner, Jan Dirk and Aasen, Helge and Walter, Achim and Liebisch, Frank},
  journal={Field Crops Research},
  volume={292},
  pages={108824},
  year={2023},
  publisher={Elsevier}
}

@article{ramos2020random,
  title={A random forest ranking approach to predict yield in maize with uav-based vegetation spectral indices},
  author={Ramos, Ana Paula Marques and Osco, Lucas Prado and Furuya, Danielle Elis Garcia and Gon{\c{c}}alves, Wesley Nunes and Santana, Dthenifer Cordeiro and Teodoro, Larissa Pereira Ribeiro and da Silva Junior, Carlos Antonio and Capristo-Silva, Guilherme Fernando and Li, Jonathan and Baio, F{\'a}bio Henrique Rojo and others},
  journal={Computers and Electronics in Agriculture},
  volume={178},
  pages={105791},
  year={2020},
  publisher={Elsevier}
}

@article{rao2024brinjal,
  title={{Brinjal Crop yield prediction using Shuffled shepherd optimization algorithm based ACNN-OBDLSTM model in Smart Agriculture}},
  author={Rao, M Venkateswara and Sreeraman, Y and Mantena, Srihari Varma and Gundu, Venkateswarlu and Roja, D and Vatambeti, Ramesh},
  journal={Journal of Integrated Science and Technology},
  volume={12},
  number={1},
  pages={710--710},
  year={2024}
}

@article{shafi2023tackling,
  title={Tackling food insecurity using remote sensing and machine learning based crop yield prediction},
  author={Shafi, Uferah and Mumtaz, Rafia and Anwar, Zahid and Ajmal, Muhammad Muzyyab and Khan, Muhammad Ajmal and Mahmood, Zahid and Qamar, Maqsood and Jhanzab, Hafiz Muhammad},
  journal={IEEE Access},
  year={2023},
  publisher={IEEE}
}

@article{shahhosseini2021corn,
  title={{Corn yield prediction with ensemble CNN-DNN}},
  author={Shahhosseini, Mohsen and Hu, Guiping and Khaki, Saeed and Archontoulis, Sotirios V},
  journal={Frontiers in plant science},
  volume={12},
  pages={709008},
  year={2021},
  publisher={Frontiers}
}

@article{sharma2025enhancing,
  title={Enhancing crop yield prediction through machine learning regression analysis},
  author={Sharma, Seema and Jain, Anupriya and Sharma, Sachin and Whig, Pawan},
  journal={International Journal of Sustainable Agricultural Management and Informatics},
  volume={11},
  number={1},
  pages={29--47},
  year={2025},
  publisher={Inderscience Publishers (IEL)}
}

@article{son2022field,
  title={{Field-scale rice yield prediction from Sentinel-2 monthly image composites using machine learning algorithms}},
  author={Son, Nguyen-Thanh and Chen, Chi-Farn and Cheng, Youg-Sin and Toscano, Piero and Chen, Cheng-Ru and Chen, Shu-Ling and Tseng, Kuo-Hsin and Syu, Chien-Hui and Guo, Horng-Yuh and Zhang, Yi-Ting},
  journal={Ecological informatics},
  volume={69},
  pages={101618},
  year={2022},
  publisher={Elsevier}
}

@article{stojanova2010estimating,
  title={Estimating vegetation height and canopy cover from remotely sensed data with machine learning},
  author={Stojanova, Daniela and Panov, Pan{\v{c}}e and Gjorgjioski, Valentin and Kobler, Andrej and D{\v{z}}eroski, Sa{\v{s}}o},
  journal={Ecological Informatics},
  volume={5},
  number={4},
  pages={256--266},
  year={2010},
  publisher={Elsevier}
}

@inproceedings{umamaheswari2024predicting,
  title={{Predicting Crop Yield Based on Stacking Ensemble Model in Machine Learning}},
  author={Umamaheswari, K and Madhumathi, R},
  booktitle={2024 8th International Conference on I-SMAC (IoT in Social, Mobile, Analytics and Cloud)(I-SMAC)},
  pages={1831--1836},
  year={2024},
  organization={IEEE}
}

@article{uno2005artificial,
  title={Artificial neural networks to predict corn yield from Compact Airborne Spectrographic Imager data},
  author={Uno, Y and Prasher, SO and Lacroix, R and Goel, PK and Karimi, Y and Viau, A and Patel, RM},
  journal={Computers and electronics in agriculture},
  volume={47},
  number={2},
  pages={149--161},
  year={2005},
  publisher={Elsevier}
}

@article{zare2024within,
  title={Within-season crop yield prediction by a multi-model ensemble with integrated data assimilation},
  author={Zare, Hossein and Weber, Tobias KD and Ingwersen, Joachim and Nowak, Wolfgang and Gayler, Sebastian and Streck, Thilo},
  journal={Field Crops Research},
  volume={308},
  pages={109293},
  year={2024},
  publisher={Elsevier}
}

@article{zhang2021integrating,
  title={Integrating satellite-derived climatic and vegetation indices to predict smallholder maize yield using deep learning},
  author={Zhang, Liangliang and Zhang, Zhao and Luo, Yuchuan and Cao, Juan and Xie, Ruizhi and Li, Shaokun},
  journal={Agricultural and Forest Meteorology},
  volume={311},
  pages={108666},
  year={2021},
  publisher={Elsevier}
}

@article{zhang2024ensemble,
  title={{Ensemble Learning for Oat Yield Prediction Using Multi-Growth Stage UAV Images}},
  author={Zhang, Pengpeng and Lu, Bing and Shang, Jiali and Wang, Xingyu and Hou, Zhenwei and Jin, Shujian and Yang, Yadong and Zang, Huadong and Ge, Junyong and Zeng, Zhaohai},
  journal={Remote Sensing},
  volume={16},
  number={23},
  pages={4575},
  year={2024},
  publisher={MDPI}
}

@article{zhou2023rice,
  title={Rice yield prediction in hubei province based on deep learning and the effect of spatial heterogeneity},
  author={Zhou, Shitong and Xu, Lei and Chen, Nengcheng},
  journal={Remote Sensing},
  volume={15},
  number={5},
  pages={1361},
  year={2023},
  publisher={MDPI}
}

