@article{bhalgat2023contrastive,
  title={Contrastive lift: 3d object instance segmentation by slow-fast contrastive fusion},
  author={Bhalgat, Yash and Laina, Iro and Henriques, Joao F and Zisserman, Andrew and Vedaldi, Andrea},
  journal={arXiv preprint arXiv:2306.04633},
  year={2023}
}

@article{cen2023segment,
  title={Segment any 3d gaussians},
  author={Cen, Jiazhong and Fang, Jiemin and Yang, Chen and Xie, Lingxi and Zhang, Xiaopeng and Shen, Wei and Tian, Qi},
  journal={arXiv preprint arXiv:2312.00860},
  year={2023}
}

@article{chen2024ovgaussian,
  title={OVGaussian: Generalizable 3D Gaussian Segmentation with Open Vocabularies},
  author={Chen, Runnan and Sun, Xiangyu and Wang, Zhaoqing and Liu, Youquan and Wang, Jiepeng and Kong, Lingdong and Deng, Jiankang and Gong, Mingming and Pan, Liang and Wang, Wenping and others},
  journal={arXiv preprint arXiv:2501.00326},
  year={2024}
}

@article{cheng2024occam,
  title={Occam's LGS: A Simple Approach for Language Gaussian Splatting},
  author={Cheng, Jiahuan and Zaech, Jan-Nico and Van Gool, Luc and Paudel, Danda Pani},
  journal={arXiv preprint arXiv:2412.01807},
  year={2024}
}

@article{dou2024cosseggaussians,
  title={CoSSegGaussians: Compact and Swift Scene Segmenting 3D Gaussians},
  author={Dou, Bin and Zhang, Tianyu and Ma, Yongjia and Wang, Zhaohui and Yuan, Zejian},
  journal={arXiv preprint arXiv:2401.05925},
  year={2024}
}

@inproceedings{fu2022panoptic,
  title={Panoptic nerf: 3d-to-2d label transfer for panoptic urban scene segmentation},
  author={Fu, Xiao and Zhang, Shangzhan and Chen, Tianrun and Lu, Yichong and Zhu, Lanyun and Zhou, Xiaowei and Geiger, Andreas and Liao, Yiyi},
  booktitle={2022 International Conference on 3D Vision (3DV)},
  pages={1--11},
  year={2022},
  organization={IEEE}
}

@inproceedings{goel2023interactive,
  title={Interactive segmentation of radiance fields},
  author={Goel, Rahul and Sirikonda, Dhawal and Saini, Saurabh and Narayanan, PJ},
  booktitle={Proceedings of the IEEE/CVF Conference on Computer Vision and Pattern Recognition},
  pages={4201--4211},
  year={2023}
}

@article{hu2024sparselgs,
  title={SparseLGS: Sparse View Language Embedded Gaussian Splatting},
  author={Hu, Jun and Chen, Zhang and Li, Zhong and Xu, Yi and Zhang, Juyong},
  journal={arXiv preprint arXiv:2412.02245},
  year={2024}
}

@inproceedings{jain2024gaussiancut,
  title={GaussianCut: Interactive segmentation via graph cut for 3D Gaussian Splatting},
  author={Jain, Umangi and Mirzaei, Ashkan and Gilitschenski, Igor},
  booktitle={The Thirty-eighth Annual Conference on Neural Information Processing Systems},
  year={2024}
}

@inproceedings{jaritz2019multi,
  title={Multi-view pointnet for 3d scene understanding},
  author={Jaritz, Maximilian and Gu, Jiayuan and Su, Hao},
  booktitle={Proceedings of the IEEE/CVF international conference on computer vision workshops},
  pages={0--0},
  year={2019}
}

@inproceedings{kerr2023lerf,
  title={Lerf: Language embedded radiance fields},
  author={Kerr, Justin and Kim, Chung Min and Goldberg, Ken and Kanazawa, Angjoo and Tancik, Matthew},
  booktitle={Proceedings of the IEEE/CVF International Conference on Computer Vision},
  pages={19729--19739},
  year={2023}
}

@inproceedings{kim2024garfield,
  title={Garfield: Group anything with radiance fields},
  author={Kim, Chung Min and Wu, Mingxuan and Kerr, Justin and Goldberg, Ken and Tancik, Matthew and Kanazawa, Angjoo},
  booktitle={Proceedings of the IEEE/CVF Conference on Computer Vision and Pattern Recognition},
  pages={21530--21539},
  year={2024}
}

@inproceedings{kundu2020virtual,
  title={Virtual multi-view fusion for 3d semantic segmentation},
  author={Kundu, Abhijit and Yin, Xiaoqi and Fathi, Alireza and Ross, David and Brewington, Brian and Funkhouser, Thomas and Pantofaru, Caroline},
  booktitle={Computer Vision--ECCV 2020: 16th European Conference, Glasgow, UK, August 23--28, 2020, Proceedings, Part XXIV 16},
  pages={518--535},
  year={2020},
  organization={Springer}
}

@inproceedings{kundu2022panoptic,
  title={Panoptic neural fields: A semantic object-aware neural scene representation},
  author={Kundu, Abhijit and Genova, Kyle and Yin, Xiaoqi and Fathi, Alireza and Pantofaru, Caroline and Guibas, Leonidas J and Tagliasacchi, Andrea and Dellaert, Frank and Funkhouser, Thomas},
  booktitle={Proceedings of the IEEE/CVF Conference on Computer Vision and Pattern Recognition},
  pages={12871--12881},
  year={2022}
}

@article{li2024gradiseg,
  title={GradiSeg: Gradient-Guided Gaussian Segmentation with Enhanced 3D Boundary Precision},
  author={Li, Zehao and Han, Wenwei and Cai, Yujun and Jiang, Hao and Bi, Baolong and Gao, Shuqin and Zhao, Honglong and Wang, Zhaoqi},
  journal={arXiv preprint arXiv:2412.00392},
  year={2024}
}

@article{li2024instancegaussian,
  title={InstanceGaussian: Appearance-Semantic Joint Gaussian Representation for 3D Instance-Level Perception},
  author={Li, Haijie and Wu, Yanmin and Meng, Jiarui and Gao, Qiankun and Zhang, Zhiyao and Wang, Ronggang and Zhang, Jian},
  journal={arXiv preprint arXiv:2411.19235},
  year={2024}
}

@article{li2024sadg,
  title={SADG: Segment Any Dynamic Gaussian Without Object Trackers},
  author={Li, Yun-Jin and Gladkova, Mariia and Xia, Yan and Cremers, Daniel},
  journal={arXiv preprint arXiv:2411.19290},
  year={2024}
}

@article{liang2024supergseg,
  title={SuperGSeg: Open-Vocabulary 3D Segmentation with Structured Super-Gaussians},
  author={Liang, Siyun and Wang, Sen and Li, Kunyi and Niemeyer, Michael and Gasperini, Stefano and Navab, Nassir and Tombari, Federico},
  journal={arXiv preprint arXiv:2412.10231},
  year={2024}
}

@article{liu2023weakly,
  title={Weakly supervised 3d open-vocabulary segmentation},
  author={Liu, Kunhao and Zhan, Fangneng and Zhang, Jiahui and Xu, Muyu and Yu, Yingchen and El Saddik, Abdulmotaleb and Theobalt, Christian and Xing, Eric and Lu, Shijian},
  journal={Advances in Neural Information Processing Systems},
  volume={36},
  pages={53433--53456},
  year={2023}
}

@article{lyu2024gaga,
  title={Gaga: Group Any Gaussians via 3D-aware Memory Bank},
  author={Lyu, Weijie and Li, Xueting and Kundu, Abhijit and Tsai, Yi-Hsuan and Yang, Ming-Hsuan},
  journal={arXiv preprint arXiv:2404.07977},
  year={2024}
}

@inproceedings{park2022fast,
  title={Fast point transformer},
  author={Park, Chunghyun and Jeong, Yoonwoo and Cho, Minsu and Park, Jaesik},
  booktitle={Proceedings of the IEEE/CVF Conference on Computer Vision and Pattern Recognition},
  pages={16949--16958},
  year={2022}
}

@inproceedings{peng2023openscene,
  title={Openscene: 3d scene understanding with open vocabularies},
  author={Peng, Songyou and Genova, Kyle and Jiang, Chiyu and Tagliasacchi, Andrea and Pollefeys, Marc and Funkhouser, Thomas and others},
  booktitle={Proceedings of the IEEE/CVF Conference on Computer Vision and Pattern Recognition},
  pages={815--824},
  year={2023}
}

@article{peng20243d,
  title={3d vision-language gaussian splatting},
  author={Peng, Qucheng and Planche, Benjamin and Gao, Zhongpai and Zheng, Meng and Choudhuri, Anwesa and Chen, Terrence and Chen, Chen and Wu, Ziyan},
  journal={arXiv preprint arXiv:2410.07577},
  year={2024}
}

@article{peng2024gags,
  title={GAGS: Granularity-Aware Feature Distillation for Language Gaussian Splatting},
  author={Peng, Yuning and Wang, Haiping and Liu, Yuan and Wen, Chenglu and Dong, Zhen and Yang, Bisheng},
  journal={arXiv preprint arXiv:2412.13654},
  year={2024}
}

@inproceedings{qi2017pointnet,
  title={Pointnet: Deep learning on point sets for 3d classification and segmentation},
  author={Qi, Charles R and Su, Hao and Mo, Kaichun and Guibas, Leonidas J},
  booktitle={Proceedings of the IEEE conference on computer vision and pattern recognition},
  pages={652--660},
  year={2017}
}

@article{qi2017pointnet++,
  title={Pointnet++: Deep hierarchical feature learning on point sets in a metric space},
  author={Qi, Charles Ruizhongtai and Yi, Li and Su, Hao and Guibas, Leonidas J},
  journal={Advances in neural information processing systems},
  volume={30},
  year={2017}
}

@inproceedings{qin2024langsplat,
  title={Langsplat: 3d language gaussian splatting},
  author={Qin, Minghan and Li, Wanhua and Zhou, Jiawei and Wang, Haoqian and Pfister, Hanspeter},
  booktitle={Proceedings of the IEEE/CVF Conference on Computer Vision and Pattern Recognition},
  pages={20051--20060},
  year={2024}
}

@article{qiu2024gls,
  title={GLS: Geometry-aware 3D Language Gaussian Splatting},
  author={Qiu, Jiaxiong and Liu, Liu and Su, Zhizhong and Lin, Tianwei},
  journal={arXiv preprint arXiv:2411.18066},
  year={2024}
}

@inproceedings{radford2021learning,
  title={Learning transferable visual models from natural language supervision},
  author={Radford, Alec and Kim, Jong Wook and Hallacy, Chris and Ramesh, Aditya and Goh, Gabriel and Agarwal, Sandhini and Sastry, Girish and Askell, Amanda and Mishkin, Pamela and Clark, Jack and others},
  booktitle={International conference on machine learning},
  pages={8748--8763},
  year={2021},
  organization={PmLR}
}

@article{shen2023distilled,
  title={Distilled feature fields enable few-shot language-guided manipulation},
  author={Shen, William and Yang, Ge and Yu, Alan and Wong, Jansen and Kaelbling, Leslie Pack and Isola, Phillip},
  journal={arXiv preprint arXiv:2308.07931},
  year={2023}
}

@inproceedings{shi2024language,
  title={Language embedded 3d gaussians for open-vocabulary scene understanding},
  author={Shi, Jin-Chuan and Wang, Miao and Duan, Hao-Bin and Guan, Shao-Hua},
  booktitle={Proceedings of the IEEE/CVF Conference on Computer Vision and Pattern Recognition},
  pages={5333--5343},
  year={2024}
}

@inproceedings{siddiqui2023panoptic,
  title={Panoptic lifting for 3d scene understanding with neural fields},
  author={Siddiqui, Yawar and Porzi, Lorenzo and Bul{\'o}, Samuel Rota and M{\"u}ller, Norman and Nie{\ss}ner, Matthias and Dai, Angela and Kontschieder, Peter},
  booktitle={Proceedings of the IEEE/CVF Conference on Computer Vision and Pattern Recognition},
  pages={9043--9052},
  year={2023}
}

@inproceedings{tang2022contrastive,
  title={Contrastive boundary learning for point cloud segmentation},
  author={Tang, Liyao and Zhan, Yibing and Chen, Zhe and Yu, Baosheng and Tao, Dacheng},
  booktitle={Proceedings of the IEEE/CVF Conference on Computer Vision and Pattern Recognition},
  pages={8489--8499},
  year={2022}
}

@article{wang2022dm,
  title={Dm-nerf: 3d scene geometry decomposition and manipulation from 2d images},
  author={Wang, Bing and Chen, Lu and Yang, Bo},
  journal={arXiv preprint arXiv:2208.07227},
  year={2022}
}

@article{wang2024plgs,
  title={PLGS: Robust Panoptic Lifting with 3D Gaussian Splatting},
  author={Wang, Yu and Wei, Xiaobao and Lu, Ming and Kang, Guoliang},
  journal={arXiv preprint arXiv:2410.17505},
  year={2024}
}

@inproceedings{wei2024nto3d,
  title={Nto3d: Neural target object 3d reconstruction with segment anything},
  author={Wei, Xiaobao and Zhang, Renrui and Wu, Jiarui and Liu, Jiaming and Lu, Ming and Guo, Yandong and Zhang, Shanghang},
  booktitle={Proceedings of the IEEE/CVF Conference on Computer Vision and Pattern Recognition},
  pages={20352--20362},
  year={2024}
}

@article{wu2024opengaussian,
  title={OpenGaussian: Towards Point-Level 3D Gaussian-based Open Vocabulary Understanding},
  author={Wu, Yanmin and Meng, Jiarui and Li, Haijie and Wu, Chenming and Shi, Yahao and Cheng, Xinhua and Zhao, Chen and Feng, Haocheng and Ding, Errui and Wang, Jingdong and others},
  journal={arXiv preprint arXiv:2406.02058},
  year={2024}
}

@article{ye2023gaussian,
  title={Gaussian grouping: Segment and edit anything in 3d scenes},
  author={Ye, Mingqiao and Danelljan, Martin and Yu, Fisher and Ke, Lei},
  journal={arXiv preprint arXiv:2312.00732},
  year={2023}
}

@article{zhang2024bootstraping,
  title={Bootstraping Clustering of Gaussians for View-consistent 3D Scene Understanding},
  author={Zhang, Wenbo and Zhang, Lu and Hu, Ping and Ma, Liqian and Zhuge, Yunzhi and Lu, Huchuan},
  journal={arXiv preprint arXiv:2411.19551},
  year={2024}
}

@inproceedings{zhi2021place,
  title={In-place scene labelling and understanding with implicit scene representation},
  author={Zhi, Shuaifeng and Laidlow, Tristan and Leutenegger, Stefan and Davison, Andrew J},
  booktitle={Proceedings of the IEEE/CVF International Conference on Computer Vision},
  pages={15838--15847},
  year={2021}
}

@inproceedings{zhou2024feature,
  title={Feature 3dgs: Supercharging 3d gaussian splatting to enable distilled feature fields},
  author={Zhou, Shijie and Chang, Haoran and Jiang, Sicheng and Fan, Zhiwen and Zhu, Zehao and Xu, Dejia and Chari, Pradyumna and You, Suya and Wang, Zhangyang and Kadambi, Achuta},
  booktitle={Proceedings of the IEEE/CVF Conference on Computer Vision and Pattern Recognition},
  pages={21676--21685},
  year={2024}
}

