%% Journal article
@article{bib1,
  author		= "Campbell, S. L. and Gear, C. W.",
  title			= "The index of general nonlinear {D}{A}{E}{S}",
  journal		= "Numer. {M}ath.",
  volume		= "72",
  number		= "2",
  pages			= "173--196",
  year			= "1995"
}

%% Journal article with DOI
@article{bib2,
  author		= "Slifka, M. K. and Whitton, J. L.",
  title			= "Clinical implications of dysregulated cytokine production",
  journal		= "J. {M}ol. {M}ed.",
  volume		= "78",
  pages			= "74--80",
  year			= "2000",
  doi			= "10.1007/s001090000086"
}

%% Journal article
@article{bib3,
  author		= "Hamburger, C.",
  title			= "Quasimonotonicity, regularity and duality for nonlinear systems of 
					partial differential equations",
  journal		= "Ann. Mat. Pura. Appl.",
  volume		= "169",
  number		= "2",
  pages			= "321--354",
  year			= "1995"
}

%% book, authored
@book{bib4,
  author		= "Geddes, K. O. and Czapor, S. R. and Labahn, G.",
  title			= "Algorithms for {C}omputer {A}lgebra",
  address		= "Boston",
  publisher		= "Kluwer",
  year			= "1992"
}

%% Item 8. Book, chapter
@incollection{bib5,
  author		= "Broy, M.",
  title			= "Software engineering---from auxiliary to key technologies",
  editor		= "Broy, M. and Denert, E.",
  booktitle		= "Software Pioneers",
  pages			= "10--13",
  address		= "New {Y}ork",
  publisher		= "Springer",
  year			= "1992"
}

%% Book, edited
@book{bib6,
  editor		= "Seymour, R. S.",
  title			= "Conductive {P}olymers",
  address		= "New {Y}ork",
  publisher		= "Plenum",
  year			= "1981"
}

%% Chapter in a book in a series with volume titles
@inproceedings{bib7,
  author		= "Smith, S. E.",
  title			= "Neuromuscular blocking drugs in man",
  editor		= "Zaimis, E.",
  volume		= "42",
  booktitle		= "Neuromuscular junction. {H}andbook of experimental pharmacology",
  pages			= "593--660",
  address		= "Heidelberg",
  publisher		= "Springer",
  year			= "1976"
}

%% Paper presented at a conference
@misc{bib8,
  author		= "Chung, S. T. and Morris, R. L.",
  title			= "Isolation and characterization of plasmid deoxyribonucleic acid from 
					Streptomyces fradiae",
  year			= "1978",
  note			= "Paper presented at the 3rd international symposium on the genetics 
					of industrial microorganisms, University of {W}isconsin, {M}adison, 
					4--9 June 1978"
}

%% Data citation example
@misc{bib9,
  author		= "Hao, Z. and AghaKouchak, A. and Nakhjiri, N. and Farahmand, A.",
  title			= "Global integrated drought monitoring and prediction system (GIDMaPS) data sets", 
  year			= "2014",
  note			= "figshare \url{https://doi.org/10.6084/m9.figshare.853801}"
}

%% Preprint citation example
@misc{bib10, 
  author		= "Babichev, S. A. and Ries, J. and Lvovsky, A. I.",
  title			= "Quantum scissors: teleportation of single-mode optical states by means 
					of a nonlocal single photon", 
  year			= "2002",
  note			= "Preprint at \url{https://arxiv.org/abs/quant-ph/0208066v1}"
}

@article{bib11,
  author		= "Beneke, M. and Buchalla, G. and Dunietz, I.",
  title			= "Mixing induced {CP} asymmetries in inclusive {B} decays",
  journal		= "Phys. {L}ett.",
  volume		= "B393",
  year			= "1997",
  pages			= "132-142",
  archivePrefix		= "arXiv",
  eprint		= "0707.3168",
  primaryClass		= "gr-gc"
}

@softmisc{bib12,
  author		= "Stahl, B.",
  title			= "deep{SIP}: deep learning of {S}upernova {I}a {P}arameters",
  version		= "0.42",
  keywords		= "Software",
  howpublished		= "Astrophysics {S}ource {C}ode {L}ibrary",
  year			= "2020",
  month			= "Jun",
  eid			= "ascl:2006.023",
  pages			= "ascl:2006.023",
  archivePrefix		= "ascl",
  eprint		= "2006.023",
  adsurl		= "{https://ui.adsabs.harvard.edu/abs/2020ascl.soft06023S}",
  adsnote		= "Provided by the SAO/NASA Astrophysics Data System"
}

@article{bib13,
  author = "Abbott, T. M. C. and others",
  collaboration = "DES",
  title = "{Dark Energy Survey Year 1 Results: Constraints on Extended Cosmological Models from Galaxy Clustering and Weak Lensing}",
  eprint = "1810.02499",
  archivePrefix = "arXiv",
  primaryClass = "astro-ph.CO",
  reportNumber = "FERMILAB-PUB-18-507-PPD",
  doi = "10.1103/PhysRevD.99.123505",
  journal = "Phys. Rev. D",
  volume = "99",
  number = "12",
  pages = "123505",
  year = "2019"
}

%%============================================================================%%
%% while using chicago reference style, both abbreviated and expanded form of %%
%% author name format is acceptable. Refer below example for expanded form    %%
%%============================================================================%%

%%  author		= "{Cameron, Deborah}", - single author
%%  author		= "{Saito, Yukio} and {Hyuga, Hiroyuki}", - double author 

%%======================================%%
%% Example for author names with suffix %%
%%======================================%%

%%  author		= "{Price, R. A. Jr} and {Curry, N. {III}} and McCann, K. E. and 
%%					Fielding, J. L. and {Abercrombie, E. Jr}",




@inproceedings{jaritz2019multi,
  title={Multi-view pointnet for 3d scene understanding},
  author={Jaritz, Maximilian and Gu, Jiayuan and Su, Hao},
  booktitle={Proceedings of the IEEE/CVF international conference on computer vision workshops},
  pages={0--0},
  year={2019}
}

@inproceedings{peng2023openscene,
  title={Openscene: 3d scene understanding with open vocabularies},
  author={Peng, Songyou and Genova, Kyle and Jiang, Chiyu and Tagliasacchi, Andrea and Pollefeys, Marc and Funkhouser, Thomas and others},
  booktitle={Proceedings of the IEEE/CVF Conference on Computer Vision and Pattern Recognition},
  pages={815--824},
  year={2023}
}

@inproceedings{park2022fast,
  title={Fast point transformer},
  author={Park, Chunghyun and Jeong, Yoonwoo and Cho, Minsu and Park, Jaesik},
  booktitle={Proceedings of the IEEE/CVF Conference on Computer Vision and Pattern Recognition},
  pages={16949--16958},
  year={2022}
}

@inproceedings{tang2022contrastive,
  title={Contrastive boundary learning for point cloud segmentation},
  author={Tang, Liyao and Zhan, Yibing and Chen, Zhe and Yu, Baosheng and Tao, Dacheng},
  booktitle={Proceedings of the IEEE/CVF Conference on Computer Vision and Pattern Recognition},
  pages={8489--8499},
  year={2022}
}

@inproceedings{kundu2020virtual,
  title={Virtual multi-view fusion for 3d semantic segmentation},
  author={Kundu, Abhijit and Yin, Xiaoqi and Fathi, Alireza and Ross, David and Brewington, Brian and Funkhouser, Thomas and Pantofaru, Caroline},
  booktitle={Computer Vision--ECCV 2020: 16th European Conference, Glasgow, UK, August 23--28, 2020, Proceedings, Part XXIV 16},
  pages={518--535},
  year={2020},
  organization={Springer}
}

@article{wang2023dust3r,
  title={DUSt3R: Geometric 3D Vision Made Easy},
  author={Wang, Shuzhe and Leroy, Vincent and Cabon, Yohann and Chidlovskii, Boris and Revaud, Jerome},
  journal={arXiv preprint arXiv:2312.14132},
  year={2023}
}
@article{kerbl20233d,
  title={3d gaussian splatting for real-time radiance field rendering},
  author={Kerbl, Bernhard and Kopanas, Georgios and Leimk{\"u}hler, Thomas and Drettakis, George},
  journal={ACM Transactions on Graphics},
  volume={42},
  number={4},
  pages={1--14},
  year={2023},
  publisher={ACM}
}
@inproceedings{schult2023mask3d,
  title={Mask3d: Mask transformer for 3d semantic instance segmentation},
  author={Schult, Jonas and Engelmann, Francis and Hermans, Alexander and Litany, Or and Tang, Siyu and Leibe, Bastian},
  booktitle={2023 IEEE International Conference on Robotics and Automation (ICRA)},
  pages={8216--8223},
  year={2023},
  organization={IEEE}
}

@inproceedings{kirillov2023segment,
  title={Segment anything},
  author={Kirillov, Alexander and Mintun, Eric and Ravi, Nikhila and Mao, Hanzi and Rolland, Chloe and Gustafson, Laura and Xiao, Tete and Whitehead, Spencer and Berg, Alexander C and Lo, Wan-Yen and others},
  booktitle={Proceedings of the IEEE/CVF International Conference on Computer Vision},
  pages={4015--4026},
  year={2023}
}
@inproceedings{qi2017pointnet,
  title={Pointnet: Deep learning on point sets for 3d classification and segmentation},
  author={Qi, Charles R and Su, Hao and Mo, Kaichun and Guibas, Leonidas J},
  booktitle={Proceedings of the IEEE conference on computer vision and pattern recognition},
  pages={652--660},
  year={2017}
}
@article{qi2017pointnet++,
  title={Pointnet++: Deep hierarchical feature learning on point sets in a metric space},
  author={Qi, Charles Ruizhongtai and Yi, Li and Su, Hao and Guibas, Leonidas J},
  journal={Advances in neural information processing systems},
  volume={30},
  year={2017}
}
@inproceedings{landrieu2018large,
  title={Large-scale point cloud semantic segmentation with superpoint graphs},
  author={Landrieu, Loic and Simonovsky, Martin},
  booktitle={Proceedings of the IEEE conference on computer vision and pattern recognition},
  pages={4558--4567},
  year={2018}
}

@article{cen2023segment,
  title={Segment any 3d gaussians},
  author={Cen, Jiazhong and Fang, Jiemin and Yang, Chen and Xie, Lingxi and Zhang, Xiaopeng and Shen, Wei and Tian, Qi},
  journal={arXiv preprint arXiv:2312.00860},
  year={2023}
}
@article{ye2023gaussian,
  title={Gaussian grouping: Segment and edit anything in 3d scenes},
  author={Ye, Mingqiao and Danelljan, Martin and Yu, Fisher and Ke, Lei},
  journal={arXiv preprint arXiv:2312.00732},
  year={2023}
}
@article{dou2024cosseggaussians,
  title={CoSSegGaussians: Compact and Swift Scene Segmenting 3D Gaussians},
  author={Dou, Bin and Zhang, Tianyu and Ma, Yongjia and Wang, Zhaohui and Yuan, Zejian},
  journal={arXiv preprint arXiv:2401.05925},
  year={2024}
}

@article{mildenhall2021nerf,
  title={Nerf: Representing scenes as neural radiance fields for view synthesis},
  author={Mildenhall, Ben and Srinivasan, Pratul P and Tancik, Matthew and Barron, Jonathan T and Ramamoorthi, Ravi and Ng, Ren},
  journal={Communications of the ACM},
  volume={65},
  number={1},
  pages={99--106},
  year={2021},
  publisher={ACM New York, NY, USA}
}
@inproceedings{caron2021emerging,
  title={Emerging properties in self-supervised vision transformers},
  author={Caron, Mathilde and Touvron, Hugo and Misra, Ishan and J{\'e}gou, Herv{\'e} and Mairal, Julien and Bojanowski, Piotr and Joulin, Armand},
  booktitle={Proceedings of the IEEE/CVF international conference on computer vision},
  pages={9650--9660},
  year={2021}
}
@article{lyu2024gaga,
  title={Gaga: Group Any Gaussians via 3D-aware Memory Bank},
  author={Lyu, Weijie and Li, Xueting and Kundu, Abhijit and Tsai, Yi-Hsuan and Yang, Ming-Hsuan},
  journal={arXiv preprint arXiv:2404.07977},
  year={2024}
}

@article{ren2024grounded,
  title={Grounded sam: Assembling open-world models for diverse visual tasks},
  author={Ren, Tianhe and Liu, Shilong and Zeng, Ailing and Lin, Jing and Li, Kunchang and Cao, He and Chen, Jiayu and Huang, Xinyu and Chen, Yukang and Yan, Feng and others},
  journal={arXiv preprint arXiv:2401.14159},
  year={2024}
}
@article{wu2023general,
  title={General object foundation model for images and videos at scale},
  author={Wu, Junfeng and Jiang, Yi and Liu, Qihao and Yuan, Zehuan and Bai, Xiang and Bai, Song},
  journal={arXiv preprint arXiv:2312.09158},
  year={2023}
}
@inproceedings{cheng2023tracking,
  title={Tracking anything with decoupled video segmentation},
  author={Cheng, Ho Kei and Oh, Seoung Wug and Price, Brian and Schwing, Alexander and Lee, Joon-Young},
  booktitle={Proceedings of the IEEE/CVF International Conference on Computer Vision},
  pages={1316--1326},
  year={2023}
}
@article{straub2019replica,
  title={The Replica dataset: A digital replica of indoor spaces},
  author={Straub, Julian and Whelan, Thomas and Ma, Lingni and Chen, Yufan and Wijmans, Erik and Green, Simon and Engel, Jakob J and Mur-Artal, Raul and Ren, Carl and Verma, Shobhit and others},
  journal={arXiv preprint arXiv:1906.05797},
  year={2019}
}
@inproceedings{dai2017scannet,
  title={Scannet: Richly-annotated 3d reconstructions of indoor scenes},
  author={Dai, Angela and Chang, Angel X and Savva, Manolis and Halber, Maciej and Funkhouser, Thomas and Nie{\ss}ner, Matthias},
  booktitle={Proceedings of the IEEE conference on computer vision and pattern recognition},
  pages={5828--5839},
  year={2017}
}
@article{kong2024multi,
  title={Multi-Modal Data-Efficient 3D Scene Understanding for Autonomous Driving},
  author={Kong, Lingdong and Xu, Xiang and Ren, Jiawei and Zhang, Wenwei and Pan, Liang and Chen, Kai and Ooi, Wei Tsang and Liu, Ziwei},
  journal={arXiv preprint arXiv:2405.05258},
  year={2024}
}
@article{wu2024dreamup3d,
  title={DreamUp3D: Object-Centric Generative Models for Single-View 3D Scene Understanding and Real-to-Sim Transfer},
  author={Wu, Yizhe and de Oc{\'a}riz Borde, Haitz S{\'a}ez and Collins, Jack and Jones, Oiwi Parker and Posner, Ingmar},
  journal={IEEE Robotics and Automation Letters},
  year={2024},
  publisher={IEEE}
}
@article{kamran2024applications,
  title={Applications of 3D Reconstruction in Virtual Reality-Based Teleoperation: A Review in the Mining Industry},
  author={Kamran-Pishhesari, Alireza and Moniri-Morad, Amin and Sattarvand, Javad},
  journal={Technologies},
  volume={12},
  number={3},
  pages={40},
  year={2024},
  publisher={MDPI}
}
@article{liu2024openshape,
  title={Openshape: Scaling up 3d shape representation towards open-world understanding},
  author={Liu, Minghua and Shi, Ruoxi and Kuang, Kaiming and Zhu, Yinhao and Li, Xuanlin and Han, Shizhong and Cai, Hong and Porikli, Fatih and Su, Hao},
  journal={Advances in Neural Information Processing Systems},
  volume={36},
  year={2024}
}
@inproceedings{zhang2024vision,
  title={Vision-Language Pre-training with Object Contrastive Learning for 3D Scene Understanding},
  author={Zhang, Taolin and He, Sunan and Dai, Tao and Wang, Zhi and Chen, Bin and Xia, Shu-Tao},
  booktitle={Proceedings of the AAAI Conference on Artificial Intelligence},
  volume={38},
  number={7},
  pages={7296--7304},
  year={2024}
}
@inproceedings{kirillov2019panoptic,
  title={Panoptic segmentation},
  author={Kirillov, Alexander and He, Kaiming and Girshick, Ross and Rother, Carsten and Doll{\'a}r, Piotr},
  booktitle={Proceedings of the IEEE/CVF conference on computer vision and pattern recognition},
  pages={9404--9413},
  year={2019}
}
@inproceedings{siddiqui2023panoptic,
  title={Panoptic lifting for 3d scene understanding with neural fields},
  author={Siddiqui, Yawar and Porzi, Lorenzo and Bul{\'o}, Samuel Rota and M{\"u}ller, Norman and Nie{\ss}ner, Matthias and Dai, Angela and Kontschieder, Peter},
  booktitle={Proceedings of the IEEE/CVF Conference on Computer Vision and Pattern Recognition},
  pages={9043--9052},
  year={2023}
}
@article{bhalgat2023contrastive,
  title={Contrastive lift: 3d object instance segmentation by slow-fast contrastive fusion},
  author={Bhalgat, Yash and Laina, Iro and Henriques, Joao F and Zisserman, Andrew and Vedaldi, Andrea},
  journal={arXiv preprint arXiv:2306.04633},
  year={2023}
}
@inproceedings{cheng2022masked,
  title={Masked-attention mask transformer for universal image segmentation},
  author={Cheng, Bowen and Misra, Ishan and Schwing, Alexander G and Kirillov, Alexander and Girdhar, Rohit},
  booktitle={Proceedings of the IEEE/CVF conference on computer vision and pattern recognition},
  pages={1290--1299},
  year={2022}
}

@article{hu2024semantic,
  title={Semantic anything in 3d gaussians},
  author={Hu, Xu and Wang, Yuxi and Fan, Lue and Fan, Junsong and Peng, Junran and Lei, Zhen and Li, Qing and Zhang, Zhaoxiang},
  journal={arXiv preprint arXiv:2401.17857},
  year={2024}
}
@inproceedings{zhou2024feature,
  title={Feature 3dgs: Supercharging 3d gaussian splatting to enable distilled feature fields},
  author={Zhou, Shijie and Chang, Haoran and Jiang, Sicheng and Fan, Zhiwen and Zhu, Zehao and Xu, Dejia and Chari, Pradyumna and You, Suya and Wang, Zhangyang and Kadambi, Achuta},
  booktitle={Proceedings of the IEEE/CVF Conference on Computer Vision and Pattern Recognition},
  pages={21676--21685},
  year={2024}
}
@inproceedings{shen2025flashsplat,
  title={Flashsplat: 2d to 3d gaussian splatting segmentation solved optimally},
  author={Shen, Qiuhong and Yang, Xingyi and Wang, Xinchao},
  booktitle={European Conference on Computer Vision},
  pages={456--472},
  year={2025},
  organization={Springer}
}
@article{wu2024opengaussian,
  title={OpenGaussian: Towards Point-Level 3D Gaussian-based Open Vocabulary Understanding},
  author={Wu, Yanmin and Meng, Jiarui and Li, Haijie and Wu, Chenming and Shi, Yahao and Cheng, Xinhua and Zhao, Chen and Feng, Haocheng and Ding, Errui and Wang, Jingdong and others},
  journal={arXiv preprint arXiv:2406.02058},
  year={2024}
}
@inproceedings{zhi2021place,
  title={In-place scene labelling and understanding with implicit scene representation},
  author={Zhi, Shuaifeng and Laidlow, Tristan and Leutenegger, Stefan and Davison, Andrew J},
  booktitle={Proceedings of the IEEE/CVF International Conference on Computer Vision},
  pages={15838--15847},
  year={2021}
}
@inproceedings{fu2022panoptic,
  title={Panoptic nerf: 3d-to-2d label transfer for panoptic urban scene segmentation},
  author={Fu, Xiao and Zhang, Shangzhan and Chen, Tianrun and Lu, Yichong and Zhu, Lanyun and Zhou, Xiaowei and Geiger, Andreas and Liao, Yiyi},
  booktitle={2022 International Conference on 3D Vision (3DV)},
  pages={1--11},
  year={2022},
  organization={IEEE}
}

@article{wang2022dm,
  title={Dm-nerf: 3d scene geometry decomposition and manipulation from 2d images},
  author={Wang, Bing and Chen, Lu and Yang, Bo},
  journal={arXiv preprint arXiv:2208.07227},
  year={2022}
}
@inproceedings{kundu2022panoptic,
  title={Panoptic neural fields: A semantic object-aware neural scene representation},
  author={Kundu, Abhijit and Genova, Kyle and Yin, Xiaoqi and Fathi, Alireza and Pantofaru, Caroline and Guibas, Leonidas J and Tagliasacchi, Andrea and Dellaert, Frank and Funkhouser, Thomas},
  booktitle={Proceedings of the IEEE/CVF Conference on Computer Vision and Pattern Recognition},
  pages={12871--12881},
  year={2022}
}


@inproceedings{jaritz2020xmuda,
  title={xmuda: Cross-modal unsupervised domain adaptation for 3d semantic segmentation},
  author={Jaritz, Maximilian and Vu, Tuan-Hung and Charette, Raoul de and Wirbel, Emilie and P{\'e}rez, Patrick},
  booktitle={Proceedings of the IEEE/CVF conference on computer vision and pattern recognition},
  pages={12605--12614},
  year={2020}
}

@inproceedings{rozenberszki2024unscene3d,
  title={Unscene3d: Unsupervised 3d instance segmentation for indoor scenes},
  author={Rozenberszki, David and Litany, Or and Dai, Angela},
  booktitle={Proceedings of the IEEE/CVF Conference on Computer Vision and Pattern Recognition},
  pages={19957--19967},
  year={2024}
}

@inproceedings{huang2024segment3d,
  title={Segment3d: Learning fine-grained class-agnostic 3d segmentation without manual labels},
  author={Huang, Rui and Peng, Songyou and Takmaz, Ayca and Tombari, Federico and Pollefeys, Marc and Song, Shiji and Huang, Gao and Engelmann, Francis},
  booktitle={European Conference on Computer Vision},
  pages={278--295},
  year={2024},
  organization={Springer}
}

@article{liu2024active,
  title={Active self-training for weakly supervised 3D scene semantic segmentation},
  author={Liu, Gengxin and van Kaick, Oliver and Huang, Hui and Hu, Ruizhen},
  journal={Computational Visual Media},
  volume={10},
  number={3},
  pages={425--438},
  year={2024},
  publisher={Springer}
}

@inproceedings{castillo2024contrastive,
  title={Contrastive Gaussian Clustering for Weakly Supervised 3D Scene Segmentation},
  author={Castillo, Myrna and Dahaghin, Mahtab and Toso, Matteo and Del Bue, Alessio},
  booktitle={International Conference on Pattern Recognition},
  pages={114--130},
  year={2024},
  organization={Springer}
}

@article{xu2024embodiedsam,
  title={Embodiedsam: Online segment any 3d thing in real time},
  author={Xu, Xiuwei and Chen, Huangxing and Zhao, Linqing and Wang, Ziwei and Zhou, Jie and Lu, Jiwen},
  journal={arXiv preprint arXiv:2408.11811},
  year={2024}
}

@inproceedings{kong2023robo3d,
  title={Robo3d: Towards robust and reliable 3d perception against corruptions},
  author={Kong, Lingdong and Liu, Youquan and Li, Xin and Chen, Runnan and Zhang, Wenwei and Ren, Jiawei and Pan, Liang and Chen, Kai and Liu, Ziwei},
  booktitle={Proceedings of the IEEE/CVF International Conference on Computer Vision},
  pages={19994--20006},
  year={2023}
}
@inproceedings{xia2023scpnet,
  title={Scpnet: Semantic scene completion on point cloud},
  author={Xia, Zhaoyang and Liu, Youquan and Li, Xin and Zhu, Xinge and Ma, Yuexin and Li, Yikang and Hou, Yuenan and Qiao, Yu},
  booktitle={Proceedings of the IEEE/CVF conference on computer vision and pattern recognition},
  pages={17642--17651},
  year={2023}
}
@article{bian2024dynamiccity,
  title={Dynamiccity: Large-scale lidar generation from dynamic scenes},
  author={Bian, Hengwei and Kong, Lingdong and Xie, Haozhe and Pan, Liang and Qiao, Yu and Liu, Ziwei},
  journal={arXiv preprint arXiv:2410.18084},
  year={2024}
}

@inproceedings{kerr2023lerf,
  title={Lerf: Language embedded radiance fields},
  author={Kerr, Justin and Kim, Chung Min and Goldberg, Ken and Kanazawa, Angjoo and Tancik, Matthew},
  booktitle={Proceedings of the IEEE/CVF International Conference on Computer Vision},
  pages={19729--19739},
  year={2023}
}
@article{liu2023weakly,
  title={Weakly supervised 3d open-vocabulary segmentation},
  author={Liu, Kunhao and Zhan, Fangneng and Zhang, Jiahui and Xu, Muyu and Yu, Yingchen and El Saddik, Abdulmotaleb and Theobalt, Christian and Xing, Eric and Lu, Shijian},
  journal={Advances in Neural Information Processing Systems},
  volume={36},
  pages={53433--53456},
  year={2023}
}

@inproceedings{radford2021learning,
  title={Learning transferable visual models from natural language supervision},
  author={Radford, Alec and Kim, Jong Wook and Hallacy, Chris and Ramesh, Aditya and Goh, Gabriel and Agarwal, Sandhini and Sastry, Girish and Askell, Amanda and Mishkin, Pamela and Clark, Jack and others},
  booktitle={International conference on machine learning},
  pages={8748--8763},
  year={2021},
  organization={PmLR}
}

@inproceedings{qin2024langsplat,
  title={Langsplat: 3d language gaussian splatting},
  author={Qin, Minghan and Li, Wanhua and Zhou, Jiawei and Wang, Haoqian and Pfister, Hanspeter},
  booktitle={Proceedings of the IEEE/CVF Conference on Computer Vision and Pattern Recognition},
  pages={20051--20060},
  year={2024}
}

@inproceedings{shi2024language,
  title={Language embedded 3d gaussians for open-vocabulary scene understanding},
  author={Shi, Jin-Chuan and Wang, Miao and Duan, Hao-Bin and Guan, Shao-Hua},
  booktitle={Proceedings of the IEEE/CVF Conference on Computer Vision and Pattern Recognition},
  pages={5333--5343},
  year={2024}
}

@article{shen2023distilled,
  title={Distilled feature fields enable few-shot language-guided manipulation},
  author={Shen, William and Yang, Ge and Yu, Alan and Wong, Jansen and Kaelbling, Leslie Pack and Isola, Phillip},
  journal={arXiv preprint arXiv:2308.07931},
  year={2023}
}
@inproceedings{goel2023interactive,
  title={Interactive segmentation of radiance fields},
  author={Goel, Rahul and Sirikonda, Dhawal and Saini, Saurabh and Narayanan, PJ},
  booktitle={Proceedings of the IEEE/CVF Conference on Computer Vision and Pattern Recognition},
  pages={4201--4211},
  year={2023}
}
@inproceedings{wei2024nto3d,
  title={Nto3d: Neural target object 3d reconstruction with segment anything},
  author={Wei, Xiaobao and Zhang, Renrui and Wu, Jiarui and Liu, Jiaming and Lu, Ming and Guo, Yandong and Zhang, Shanghang},
  booktitle={Proceedings of the IEEE/CVF Conference on Computer Vision and Pattern Recognition},
  pages={20352--20362},
  year={2024}
}
@inproceedings{kim2024garfield,
  title={Garfield: Group anything with radiance fields},
  author={Kim, Chung Min and Wu, Mingxuan and Kerr, Justin and Goldberg, Ken and Tancik, Matthew and Kanazawa, Angjoo},
  booktitle={Proceedings of the IEEE/CVF Conference on Computer Vision and Pattern Recognition},
  pages={21530--21539},
  year={2024}
}

@article{chen2024ovgaussian,
  title={OVGaussian: Generalizable 3D Gaussian Segmentation with Open Vocabularies},
  author={Chen, Runnan and Sun, Xiangyu and Wang, Zhaoqing and Liu, Youquan and Wang, Jiepeng and Kong, Lingdong and Deng, Jiankang and Gong, Mingming and Pan, Liang and Wang, Wenping and others},
  journal={arXiv preprint arXiv:2501.00326},
  year={2024}
}
@article{peng2024gags,
  title={GAGS: Granularity-Aware Feature Distillation for Language Gaussian Splatting},
  author={Peng, Yuning and Wang, Haiping and Liu, Yuan and Wen, Chenglu and Dong, Zhen and Yang, Bisheng},
  journal={arXiv preprint arXiv:2412.13654},
  year={2024}
}
@article{liang2024supergseg,
  title={SuperGSeg: Open-Vocabulary 3D Segmentation with Structured Super-Gaussians},
  author={Liang, Siyun and Wang, Sen and Li, Kunyi and Niemeyer, Michael and Gasperini, Stefano and Navab, Nassir and Tombari, Federico},
  journal={arXiv preprint arXiv:2412.10231},
  year={2024}
}
@article{hu2024sparselgs,
  title={SparseLGS: Sparse View Language Embedded Gaussian Splatting},
  author={Hu, Jun and Chen, Zhang and Li, Zhong and Xu, Yi and Zhang, Juyong},
  journal={arXiv preprint arXiv:2412.02245},
  year={2024}
}
@article{cheng2024occam,
  title={Occam's LGS: A Simple Approach for Language Gaussian Splatting},
  author={Cheng, Jiahuan and Zaech, Jan-Nico and Van Gool, Luc and Paudel, Danda Pani},
  journal={arXiv preprint arXiv:2412.01807},
  year={2024}
}
@article{peng20243d,
  title={3d vision-language gaussian splatting},
  author={Peng, Qucheng and Planche, Benjamin and Gao, Zhongpai and Zheng, Meng and Choudhuri, Anwesa and Chen, Terrence and Chen, Chen and Wu, Ziyan},
  journal={arXiv preprint arXiv:2410.07577},
  year={2024}
}
@article{zanjani2024planar,
  title={Planar Gaussian Splatting},
  author={Zanjani, Farhad G and Cai, Hong and Ackermann, Hanno and Mirvakhabova, Leila and Porikli, Fatih},
  journal={arXiv preprint arXiv:2412.01931},
  year={2024}
}

@article{qiu2024gls,
  title={GLS: Geometry-aware 3D Language Gaussian Splatting},
  author={Qiu, Jiaxiong and Liu, Liu and Su, Zhizhong and Lin, Tianwei},
  journal={arXiv preprint arXiv:2411.18066},
  year={2024}
}
@article{li2024sadg,
  title={SADG: Segment Any Dynamic Gaussian Without Object Trackers},
  author={Li, Yun-Jin and Gladkova, Mariia and Xia, Yan and Cremers, Daniel},
  journal={arXiv preprint arXiv:2411.19290},
  year={2024}
}
@inproceedings{jain2024gaussiancut,
  title={GaussianCut: Interactive segmentation via graph cut for 3D Gaussian Splatting},
  author={Jain, Umangi and Mirzaei, Ashkan and Gilitschenski, Igor},
  booktitle={The Thirty-eighth Annual Conference on Neural Information Processing Systems},
  year={2024}
}

@article{wang2024plgs,
  title={PLGS: Robust Panoptic Lifting with 3D Gaussian Splatting},
  author={Wang, Yu and Wei, Xiaobao and Lu, Ming and Kang, Guoliang},
  journal={arXiv preprint arXiv:2410.17505},
  year={2024}
}

@article{li2024instancegaussian,
  title={InstanceGaussian: Appearance-Semantic Joint Gaussian Representation for 3D Instance-Level Perception},
  author={Li, Haijie and Wu, Yanmin and Meng, Jiarui and Gao, Qiankun and Zhang, Zhiyao and Wang, Ronggang and Zhang, Jian},
  journal={arXiv preprint arXiv:2411.19235},
  year={2024}
}
@article{zhang2024bootstraping,
  title={Bootstraping Clustering of Gaussians for View-consistent 3D Scene Understanding},
  author={Zhang, Wenbo and Zhang, Lu and Hu, Ping and Ma, Liqian and Zhuge, Yunzhi and Lu, Huchuan},
  journal={arXiv preprint arXiv:2411.19551},
  year={2024}
}
@article{li2024gradiseg,
  title={GradiSeg: Gradient-Guided Gaussian Segmentation with Enhanced 3D Boundary Precision},
  author={Li, Zehao and Han, Wenwei and Cai, Yujun and Jiang, Hao and Bi, Baolong and Gao, Shuqin and Zhao, Honglong and Wang, Zhaoqi},
  journal={arXiv preprint arXiv:2412.00392},
  year={2024}
}