@article{ahuja2022weakly,
  title={Weakly supervised representation learning with sparse perturbations},
  author={Ahuja, Kartik and Hartford, Jason S and Bengio, Yoshua},
  journal={Advances in Neural Information Processing Systems},
  volume={35},
  pages={15516--15528},
  year={2022}
}

@inproceedings{bhowalvariational,
  title={Why do Variational Autoencoders Really Promote Disentanglement?},
  author={Bhowal, Pratik and Soni, Achint and Rambhatla, Sirisha},
  booktitle={Forty-first International Conference on Machine Learning}
}

@article{burgess2018understanding,
  title={Understanding disentangling in $\beta$-VAE},
  author={Burgess, Christopher P and Higgins, Irina and Pal, Arka and Matthey, Loic and Watters, Nick and Desjardins, Guillaume and Lerchner, Alexander},
  journal={arXiv preprint arXiv:1804.03599},
  year={2018}
}

@article{chen2018isolating,
  title={Isolating sources of disentanglement in variational autoencoders},
  author={Chen, Ricky TQ and Li, Xuechen and Grosse, Roger B and Duvenaud, David K},
  journal={Advances in neural information processing systems},
  volume={31},
  year={2018}
}

@article{hsu2024disentanglement,
  title={Disentanglement via latent quantization},
  author={Hsu, Kyle and Dorrell, William and Whittington, James and Wu, Jiajun and Finn, Chelsea},
  journal={Advances in Neural Information Processing Systems},
  volume={36},
  year={2024}
}

@article{hyvarinen2000independent,
  title={Independent component analysis: algorithms and applications},
  author={Hyv{\"a}rinen, Aapo and Oja, Erkki},
  journal={Neural networks},
  volume={13},
  number={4-5},
  pages={411--430},
  year={2000},
  publisher={Elsevier}
}

@inproceedings{kim2018disentangling,
  title={Disentangling by factorising},
  author={Kim, Hyunjik and Mnih, Andriy},
  booktitle={International conference on machine learning},
  pages={2649--2658},
  year={2018},
  organization={PMLR}
}

@inproceedings{locatello2019challenging,
  title={Challenging common assumptions in the unsupervised learning of disentangled representations},
  author={Locatello, Francesco and Bauer, Stefan and Lucic, Mario and Raetsch, Gunnar and Gelly, Sylvain and Sch{\"o}lkopf, Bernhard and Bachem, Olivier},
  booktitle={international conference on machine learning},
  pages={4114--4124},
  year={2019},
  organization={PMLR}
}

@inproceedings{meo2024alpha,
  title={$\backslash alpha$ TC-VAE: On the relationship between Disentanglement and Diversity},
  author={Meo, Cristian and Mahon, Louis and Goyal, Anirudh and Dauwels, Justin},
  booktitle={The Twelfth International Conference on Learning Representations},
  year={2024}
}

@inproceedings{stuhmer2020independent,
  title={Independent subspace analysis for unsupervised learning of disentangled representations},
  author={St{\"u}hmer, Jan and Turner, Richard and Nowozin, Sebastian},
  booktitle={International Conference on Artificial Intelligence and Statistics},
  pages={1200--1210},
  year={2020},
  organization={PMLR}
}

