@article{hyvarinen2000independent,
  title={Independent component analysis: algorithms and applications},
  author={Hyv{\"a}rinen, Aapo and Oja, Erkki},
  journal={Neural networks},
  volume={13},
  number={4-5},
  pages={411--430},
  year={2000},
  publisher={Elsevier}
}

@book{hyvarinen2009independent,
  title={Independent component analysis},
  author={Hyv{\"a}rinen, Aapo and Hurri, Jarmo and Hoyer, Patrik O and Hyv{\"a}rinen, Aapo and Hurri, Jarmo and Hoyer, Patrik O},
  year={2009},
  publisher={Springer}
}

@misc{dubois2019dvae,
  title        = {Disentangling VAE},
  author       = {Dubois, Yann and Kastanos, Alexandros and Lines, Dave and Melman, Bart},
  month        = {march},
  year         = {2019},
  howpublished = {\url{http://github.com/YannDubs/disentangling-vae/}}
}

@article{makhzani2015adversarial,
  title={Adversarial autoencoders},
  author={Makhzani, Alireza and Shlens, Jonathon and Jaitly, Navdeep and Goodfellow, Ian and Frey, Brendan},
  journal={arXiv preprint arXiv:1511.05644},
  year={2015}
}

@article{blei2017variational,
  title={Variational inference: A review for statisticians},
  author={Blei, David M and Kucukelbir, Alp and McAuliffe, Jon D},
  journal={Journal of the American statistical Association},
  volume={112},
  number={518},
  pages={859--877},
  year={2017},
  publisher={Taylor \& Francis}
}

@article{kingma2013auto,
  title={Auto-encoding variational bayes},
  author={Kingma, Diederik P},
  journal={arXiv preprint arXiv:1312.6114},
  year={2013}
}

@article{higgins2017beta,
  title={beta-vae: Learning basic visual concepts with a constrained variational framework.},
  author={Higgins, Irina and Matthey, Loic and Pal, Arka and Burgess, Christopher P and Glorot, Xavier and Botvinick, Matthew M and Mohamed, Shakir and Lerchner, Alexander},
  journal={ICLR (Poster)},
  volume={3},
  year={2017}
}

@article{burgess2018understanding,
  title={Understanding disentangling in $\beta$-VAE},
  author={Burgess, Christopher P and Higgins, Irina and Pal, Arka and Matthey, Loic and Watters, Nick and Desjardins, Guillaume and Lerchner, Alexander},
  journal={arXiv preprint arXiv:1804.03599},
  year={2018}
}

@inproceedings{kim2018disentangling,
  title={Disentangling by factorising},
  author={Kim, Hyunjik and Mnih, Andriy},
  booktitle={International conference on machine learning},
  pages={2649--2658},
  year={2018},
  organization={PMLR}
}

@article{chen2018isolating,
  title={Isolating sources of disentanglement in variational autoencoders},
  author={Chen, Ricky TQ and Li, Xuechen and Grosse, Roger B and Duvenaud, David K},
  journal={Advances in neural information processing systems},
  volume={31},
  year={2018}
}

@article{kingma2014adam,
  title={Adam: A method for stochastic optimization},
  author={Kingma, Diederik P},
  journal={arXiv preprint arXiv:1412.6980},
  year={2014}
}

@misc{dsprites17,
author = {Loic Matthey and Irina Higgins and Demis Hassabis and Alexander Lerchner},
title = {dSprites: Disentanglement testing Sprites dataset},
howpublished= {https://github.com/deepmind/dsprites-dataset/},
year = "2017",
}

@inproceedings{liu2015faceattributes,
  title = {Deep Learning Face Attributes in the Wild},
  author = {Liu, Ziwei and Luo, Ping and Wang, Xiaogang and Tang, Xiaoou},
  booktitle = {Proceedings of International Conference on Computer Vision (ICCV)},
  month = {December},
  year = {2015} 
}

@article{zhou2020learning,
  title={Learning identifiable and interpretable latent models of high-dimensional neural activity using pi-VAE},
  author={Zhou, Ding and Wei, Xue-Xin},
  journal={Advances in Neural Information Processing Systems},
  volume={33},
  pages={7234--7247},
  year={2020}
}

@inproceedings{yang2021causalvae,
  title={Causalvae: Disentangled representation learning via neural structural causal models},
  author={Yang, Mengyue and Liu, Furui and Chen, Zhitang and Shen, Xinwei and Hao, Jianye and Wang, Jun},
  booktitle={Proceedings of the IEEE/CVF conference on computer vision and pattern recognition},
  pages={9593--9602},
  year={2021}
}

@article{bengio2013representation,
  title={Representation learning: A review and new perspectives},
  author={Bengio, Yoshua and Courville, Aaron and Vincent, Pascal},
  journal={IEEE transactions on pattern analysis and machine intelligence},
  volume={35},
  number={8},
  pages={1798--1828},
  year={2013},
  publisher={IEEE}
}

@article{alemi2016deep,
  title={Deep variational information bottleneck},
  author={Alemi, Alexander A and Fischer, Ian and Dillon, Joshua V and Murphy, Kevin},
  journal={arXiv preprint arXiv:1612.00410},
  year={2016}
}

@article{schmidhuber1992learning,
  title={Learning factorial codes by predictability minimization},
  author={Schmidhuber, J{\"u}rgen},
  journal={Neural computation},
  volume={4},
  number={6},
  pages={863--879},
  year={1992},
  publisher={MIT Press}
}

@article{achille2017emergence,
  title={On the emergence of invariance and disentangling in deep representations},
  author={Achille, Alessandro and Soatto, Stefano},
  journal={CoRR},
  year={2017}
}

@article{wang2024exploring,
  title={Exploring Behavior-Relevant and Disentangled Neural Dynamics with Generative Diffusion Models},
  author={Wang, Yule and Li, Chengrui and Li, Weihan and Wu, Anqi},
  journal={Advances in Neural Information Processing Systems},
  volume={37},
  year={2024}
}

@article{lake2017building,
  title={Building machines that learn and think like people},
  author={Lake, Brenden M and Ullman, Tomer D and Tenenbaum, Joshua B and Gershman, Samuel J},
  journal={Behavioral and brain sciences},
  volume={40},
  pages={e253},
  year={2017},
  publisher={Cambridge University Press}
}

@inproceedings{hyvarinen2017nonlinear,
  title={Nonlinear ICA of temporally dependent stationary sources},
  author={Hyvarinen, Aapo and Morioka, Hiroshi},
  booktitle={Artificial Intelligence and Statistics},
  pages={460--469},
  year={2017},
  organization={PMLR}
}

@article{calhoun2009review,
  title={A review of group ICA for fMRI data and ICA for joint inference of imaging, genetic, and ERP data},
  author={Calhoun, Vince D and Liu, Jingyu and Adal{\i}, T{\"u}lay},
  journal={Neuroimage},
  volume={45},
  number={1},
  pages={S163--S172},
  year={2009},
  publisher={Elsevier}
}

@inproceedings{khemakhem2020variational,
  title={Variational autoencoders and nonlinear ica: A unifying framework},
  author={Khemakhem, Ilyes and Kingma, Diederik and Monti, Ricardo and Hyvarinen, Aapo},
  booktitle={International conference on artificial intelligence and statistics},
  pages={2207--2217},
  year={2020},
  organization={PMLR}
}

@article{sorrenson2020disentanglement,
  title={Disentanglement by nonlinear ica with general incompressible-flow networks (gin)},
  author={Sorrenson, Peter and Rother, Carsten and K{\"o}the, Ullrich},
  journal={arXiv preprint arXiv:2001.04872},
  year={2020}
}

@article{kraskov2004estimating,
  title={Estimating mutual information},
  author={Kraskov, Alexander and St{\"o}gbauer, Harald and Grassberger, Peter},
  journal={Physical Review Eâ€”Statistical, Nonlinear, and Soft Matter Physics},
  volume={69},
  number={6},
  pages={066138},
  year={2004},
  publisher={APS}
}

@article{lu2023widefield,
  title={Widefield imaging of rapid pan-cortical voltage dynamics with an indicator evolved for one-photon microscopy},
  author={Lu, Xiaoyu and Wang, Yunmiao and Liu, Zhuohe and Gou, Yueyang and Jaeger, Dieter and St-Pierre, Fran{\c{c}}ois},
  journal={Nature Communications},
  volume={14},
  number={1},
  pages={6423},
  year={2023},
  publisher={Nature Publishing Group UK London}
}

@inproceedings{stuhmer2020independent,
  title={Independent subspace analysis for unsupervised learning of disentangled representations},
  author={St{\"u}hmer, Jan and Turner, Richard and Nowozin, Sebastian},
  booktitle={International Conference on Artificial Intelligence and Statistics},
  pages={1200--1210},
  year={2020},
  organization={PMLR}
}

@inproceedings{locatello2019challenging,
  title={Challenging common assumptions in the unsupervised learning of disentangled representations},
  author={Locatello, Francesco and Bauer, Stefan and Lucic, Mario and Raetsch, Gunnar and Gelly, Sylvain and Sch{\"o}lkopf, Bernhard and Bachem, Olivier},
  booktitle={international conference on machine learning},
  pages={4114--4124},
  year={2019},
  organization={PMLR}
}

@article{ahuja2022weakly,
  title={Weakly supervised representation learning with sparse perturbations},
  author={Ahuja, Kartik and Hartford, Jason S and Bengio, Yoshua},
  journal={Advances in Neural Information Processing Systems},
  volume={35},
  pages={15516--15528},
  year={2022}
}

@inproceedings{meo2024alpha,
  title={$\backslash alpha$ TC-VAE: On the relationship between Disentanglement and Diversity},
  author={Meo, Cristian and Mahon, Louis and Goyal, Anirudh and Dauwels, Justin},
  booktitle={The Twelfth International Conference on Learning Representations},
  year={2024}
}

@inproceedings{bhowalvariational,
  title={Why do Variational Autoencoders Really Promote Disentanglement?},
  author={Bhowal, Pratik and Soni, Achint and Rambhatla, Sirisha},
  booktitle={Forty-first International Conference on Machine Learning}
}

@article{hsu2024disentanglement,
  title={Disentanglement via latent quantization},
  author={Hsu, Kyle and Dorrell, William and Whittington, James and Wu, Jiajun and Finn, Chelsea},
  journal={Advances in Neural Information Processing Systems},
  volume={36},
  year={2024}
}

@article{fernandez1995modeling,
  title={Modeling and inference with $\upsilon$-spherical distributions},
  author={Fern{\'a}ndez, Carmen and Osiewalski, Jacek and Steel, Mark FJ},
  journal={Journal of the American Statistical Association},
  volume={90},
  number={432},
  pages={1331--1340},
  year={1995},
  publisher={Taylor \& Francis}
}

@article{sinz2010lp,
  title={Lp-nested symmetric distributions},
  author={Sinz, Fabian and Bethge, Matthias},
  journal={The Journal of Machine Learning Research},
  volume={11},
  pages={3409--3451},
  year={2010},
  publisher={JMLR. org}
}