@IEEEtranBSTCTL{IEEEexample:BSTcontrol,
  CTLuse_forced_etal       = "no",
  CTLmax_names_forced_etal = "2",
  CTLnames_show_etal       = "1",
  CTLdash_repeated_names = "no"
}

% model-based control
@INPROCEEDINGS{dadiotis_wholebody,
  author={Dadiotis, Ioannis and Laurenzi, Arturo and Tsagarakis, Nikos},
  booktitle={2023 IEEE-RAS 22nd International Conference on Humanoid Robots (Humanoids)}, 
  title={Whole-Body MPC for Highly Redundant Legged Manipulators: Experimental Evaluation with a 37 DoF Dual-Arm Quadruped}, 
  year={2023},
  volume={},
  number={},
  pages={1-8},
  keywords={Legged locomotion;Robot kinematics;Redundancy;Humanoid robots;Optimal control;Real-time systems;Quadrupedal robots},
  doi={10.1109/Humanoids57100.2023.10375215}
}
@article{
sleiman_science_robotics,
author = {Jean-Pierre Sleiman  and Farbod Farshidian  and Marco Hutter },
title = {Versatile multicontact planning and control for legged loco-manipulation},
journal = {Science Robotics},
volume = {8},
number = {81},
pages = {eadg5014},
year = {2023},
doi = {10.1126/scirobotics.adg5014},
}
@INPROCEEDINGS{mayank_articulated,
  author={Mittal, Mayank and Hoeller, David and Farshidian, Farbod and Hutter, Marco and Garg, Animesh},
  booktitle={2022 IEEE/RSJ International Conference on Intelligent Robots and Systems (IROS)}, 
  title={Articulated Object Interaction in Unknown Scenes with Whole-Body Mobile Manipulation}, 
  year={2022},
  volume={},
  number={},
  pages={1647-1654},
  keywords={Tracking;Ovens;Dynamics;Pipelines;Optimal control;Hardware;Planning},
  doi={10.1109/IROS47612.2022.9981779}
}
@inproceedings{dadiotis2022trajectory,
  title={Trajectory Optimization for Quadruped Mobile Manipulators that Carry Heavy Payload},
  author={Dadiotis, Ioannis and Laurenzi, Arturo and Tsagarakis, Nikos},
  booktitle={2022 IEEE-RAS 21st International Conference on Humanoid Robots (Humanoids)},
  pages={291--298},
  year={2022},
  organization={IEEE}
}
@ARTICLE{minniti_mpc,
  author={Minniti, Maria Vittoria and Farshidian, Farbod and Grandia, Ruben and Hutter, Marco},
  journal={IEEE Robotics and Automation Letters}, 
  title={Whole-Body MPC for a Dynamically Stable Mobile Manipulator}, 
  year={2019},
  volume={4},
  number={4},
  pages={3687-3694},
  keywords={Manipulator dynamics;Task analysis;End effectors;Robot kinematics;Planning;Mobile manipulation;optimization and optimal control},
  doi={10.1109/LRA.2019.2927955}
}
@ARTICLE{sleiman_unified_mpc,
  author={Sleiman, Jean-Pierre and Farshidian, Farbod and Minniti, Maria Vittoria and Hutter, Marco},
  journal={IEEE Robotics and Automation Letters}, 
  title={A Unified MPC Framework for Whole-Body Dynamic Locomotion and Manipulation}, 
  year={2021},
  volume={6},
  number={3},
  pages={4688-4695},
  keywords={Robots;Manipulator dynamics;Dynamics;Mathematical model;Task analysis;Robot kinematics;Optimal control;Legged robots;mobile manipulation;multi-contact whole-body motion planning and control;optimization and optimal control},
  doi={10.1109/LRA.2021.3068908}
}
@ARTICLE{pankert_mpc,
  author={Pankert, Johannes and Hutter, Marco},
  journal={IEEE Robotics and Automation Letters}, 
  title={Perceptive Model Predictive Control for Continuous Mobile Manipulation}, 
  year={2020},
  volume={5},
  number={4},
  pages={6177-6184},
  keywords={Task analysis;Collision avoidance;Manipulators;Admittance;Service robots;Predictive control;Mobile manipulation;robotics in construction;whole-body motion planning and control},
  doi={10.1109/LRA.2020.3010721}}

% learning-based control
@inproceedings{
ha2024umilegs,
title={{UMI}-on-Legs: Making Manipulation Policies Mobile with a Manipulation-Centric Whole-body Controller},
author={Huy Ha and Yihuai Gao and Zipeng Fu and Jie Tan and Shuran Song},
booktitle={Conference on Robot Learning},
year={2024},
}

@article{kindle2020whole,
  title={Whole-body control of a mobile manipulator using end-to-end reinforcement learning},
  author={Kindle, Julien and Furrer, Fadri and Novkovic, Tonci and Chung, Jen Jen and Siegwart, Roland and Nieto, Juan},
  journal={arXiv preprint arXiv:2003.02637},
  year={2020}
}
@inproceedings{fu2023deep,
  title={Deep whole-body control: learning a unified policy for manipulation and locomotion},
  author={Fu, Zipeng and Cheng, Xuxin and Pathak, Deepak},
  booktitle={Conference on Robot Learning},
  pages={138--149},
  year={2023},
  organization={PMLR}
}
@inproceedings{liu2024visual,
  title={Visual whole-body control for legged loco-manipulation},
  author={Liu, Minghuan and Chen, Zixuan and Cheng, Xuxin and Ji, Yandong and Yang, Ruihan and Wang, Xiaolong},
  booktitle={Conference on Robot Learning},
  year={2024},
}


% pushing - nonprehensile manipulation
@article{ijrr_pushing_operations,
author = {Matthew T. Mason},
title ={Mechanics and Planning of Manipulator Pushing Operations},
journal = {The International Journal of Robotics Research},
volume = {5},
number = {3},
pages = {53-71},
year = {1986},
doi = {10.1177/027836498600500303},
abstract = { Pushing is an essential component of many manipulator operations. This paper presents a theoretical exploration of the mechanics of pushing and demonstrates application of the theory to analysis and synthesis of robotic manipulator oper ations. }
}
% fixed-base manipulator - model-based
@article{hogan_hybrid_mpc,
author = {Francois R Hogan and Alberto Rodriguez},
title ={Reactive planar non-prehensile manipulation with hybrid model predictive control},
journal = {The International Journal of Robotics Research},
volume = {39},
number = {7},
pages = {755-773},
year = {2020},
doi = {10.1177/0278364920913938},
abstract = {}
}
@INPROCEEDINGS{moura_to_planar_manmipulation,
  author={Moura, João and Stouraitis, Theodoros and Vijayakumar, Sethu},
  booktitle={2022 International Conference on Robotics and Automation (ICRA)}, 
  title={Non-prehensile Planar Manipulation via Trajectory Optimization with Complementarity Constraints}, 
  year={2022},
  volume={},
  number={},
  pages={970-976},
  keywords={Automation;Contacts;Switches;Planning;Task analysis;Trajectory optimization;Robots},
  doi={10.1109/ICRA46639.2022.9811942}
}

% fixed arm - vision focused/rl based
@inproceedings{ferrandis2023nonprehensile,
  title={Nonprehensile planar manipulation through reinforcement learning with multimodal categorical exploration},
  author={Ferrandis, Juan Del Aguila and Moura, Jo{\~a}o and Vijayakumar, Sethu},
  booktitle={2023 IEEE/RSJ International Conference on Intelligent Robots and Systems (IROS)},
  pages={5606--5613},
  year={2023},
  organization={IEEE}
}
% joint pos as action space
@INPROCEEDINGS{peng_rl,
  author={Peng, Xue Bin and Andrychowicz, Marcin and Zaremba, Wojciech and Abbeel, Pieter},
  booktitle={2018 IEEE International Conference on Robotics and Automation (ICRA)}, 
  title={Sim-to-Real Transfer of Robotic Control with Dynamics Randomization}, 
  year={2018},
  volume={},
  number={},
  pages={3803-3810},
  keywords={Robots;Training;Adaptation models;Task analysis;Trajectory;Data models;Robustness},
  doi={10.1109/ICRA.2018.8460528}
}
@ARTICLE{Lin_vision-proprioception,
AUTHOR={Cong, Lin  and Liang, Hongzhuo  and Ruppel, Philipp  and Shi, Yunlei  and Görner, Michael  and Hendrich, Norman  and Zhang, Jianwei },
TITLE={Reinforcement Learning With Vision-Proprioception Model for Robot Planar Pushing},
JOURNAL={Frontiers in Neurorobotics},
VOLUME={16},
YEAR={2022},
ISSN={1662-5218},
ABSTRACT={}
}
@ARTICLE{rizzardo_push_cube,
AUTHOR={Rizzardo, Carlo  and Chen, Fei  and Caldwell, Darwin },
TITLE={Sim-to-real via latent prediction: Transferring visual non-prehensile manipulation policies},
JOURNAL={Frontiers in Robotics and AI},
VOLUME={9},
YEAR={2023},
DOI={10.3389/frobt.2022.1067502},
ISSN={2296-9144},
ABSTRACT={}
}

% more complex robots
@ARTICLE{force_push_heins,
  author={Heins, Adam and Schoellig, Angela P.},
  journal={IEEE Robotics and Automation Letters}, 
  title={Force Push: Robust Single-Point Pushing With Force Feedback}, 
  year={2024},
  volume={9},
  number={8},
  pages={6856-6863},
  keywords={Robot sensing systems;Robots;Force;Force measurement;Friction;Force feedback;Sensors;Mobile manipulation;force and tactile sensing;nonprehensile manipulation},
  doi={10.1109/LRA.2024.3414180}
}
@article{ozdamar2024pushing,
  title={Pushing in the Dark: A Reactive Pushing Strategy for Mobile Robots Using Tactile Feedback},
  author={Ozdamar, Idil and Sirintuna, Doganay and Arbaud, Robin and Ajoudani, Arash},
  journal={IEEE Robotics and Automation Letters},
  year={2024},
  publisher={IEEE}
}
@ARTICLE{quadruped_pushing,
  author={Jeon, Seunghun and Jung, Moonkyu and Choi, Suyoung and Kim, Beomjoon and Hwangbo, Jemin},
  journal={IEEE Robotics and Automation Letters}, 
  title={Learning Whole-Body Manipulation for Quadrupedal Robot}, 
  year={2024},
  volume={9},
  number={1},
  pages={699-706},
  keywords={Robots;Robot sensing systems;Quadrupedal robots;Task analysis;Training;Real-time systems;Force;Deep learning methods;legged robots;reinforcement learning},
  doi={10.1109/LRA.2023.3335777}
}
@INPROCEEDINGS{inaba_humanoid_pushing,
  author={Murooka, Masaki and Nozawa, Shunichi and Kakiuchi, Yohei and Okada, Kei and Inaba, Masayuki},
  booktitle={2015 IEEE International Conference on Robotics and Automation (ICRA)}, 
  title={Whole-body pushing manipulation with contact posture planning of large and heavy object for humanoid robot}, 
  year={2015},
  volume={},
  number={},
  pages={5682-5689},
  keywords={Force;Joints;Torque;Hip;Humanoid robots;Force measurement},
  doi={10.1109/ICRA.2015.7139995}
}
@ARTICLE{polverini_pushing,
  author={Polverini, Matteo Parigi and Laurenzi, Arturo and Hoffman, Enrico Mingo and Ruscelli, Francesco and Tsagarakis, Nikos G.},
  journal={IEEE Robotics and Automation Letters}, 
  title={Multi-Contact Heavy Object Pushing With a Centaur-Type Humanoid Robot: Planning and Control for a Real Demonstrator}, 
  year={2020},
  volume={5},
  number={2},
  pages={859-866},
  keywords={Task analysis;Planning;Legged locomotion;Dynamics;Optimization;Humanoid robots;Humanoid robots;kinematics;optimization and optimal control;redundant robots},
  doi={10.1109/LRA.2020.2965906}
}


% cat paper
@article{chanesane2024cat,
  title={CaT: Constraints as Terminations for Legged Locomotion Reinforcement Learning},
  author={Chane-Sane, Elliot and Leziart, Pierre-Alexandre and Flayols, Thomas and Stasse, Olivier and Sou{\`e}res, Philippe and Mansard, Nicolas},
  journal={arXiv preprint arXiv:2403.18765},
  year={2024}
}

% locomotion controller@INPROCEEDINGS{miki2024learningwalkconfinedspaces,
  author={Miki, Takahiro and Lee, Joonho and Wellhausen, Lorenz and Hutter, Marco},
  booktitle={2024 IEEE International Conference on Robotics and Automation (ICRA)}, 
  title={Learning to walk in confined spaces using 3D representation}, 
  year={2024},
  volume={},
  number={},
  pages={8649-8656},
  doi={10.1109/ICRA57147.2024.10610271}}


% learning-based mobile manipulation

%%%%%%%%%%%%%%% FROM CAT PAPER
@inproceedings{sun2022constrained,
  title={Constrained MDPs can be Solved by Eearly-Termination with Recurrent Models},
  author={Sun, Hao and Xu, Ziping and Peng, Zhenghao and Fang, Meng and Wang, Taiyi and Dai, Bo and Zhou, Bolei},
  booktitle={NeurIPS 2022 Foundation Models for Decision Making Workshop},
  year={2022}
}

@article{lee2023evaluation,
  title={Evaluation of constrained reinforcement learning algorithms for legged locomotion},
  author={Lee, Joonho and Schroth, Lukas and Klemm, Victor and Bjelonic, Marko and Reske, Alexander and Hutter, Marco},
  journal={arXiv preprint arXiv:2309.15430},
  year={2023}
}
@article{kim2023not,
  title={Not only rewards but also constraints: Applications on legged robot locomotion},
  author={Kim, Yunho and Oh, Hyunsik and Lee, Jeonghyun and Choi, Jinhyeok and Ji, Gwanghyeon and Jung, Moonkyu and Youm, Donghoon and Hwangbo, Jemin},
  journal={arXiv preprint arXiv:2308.12517},
  year={2023}
}

@article{gangapurwala2020guided,
  title={Guided constrained policy optimization for dynamic quadrupedal robot locomotion},
  author={Gangapurwala, Siddhant and Mitchell, Alexander and Havoutis, Ioannis},
  journal={IEEE Robotics and Automation Letters},
  volume={5},
  number={2},
  pages={3642--3649},
  year={2020},
  publisher={IEEE}
}

@article{cheng2023parkour,
title={Extreme Parkour with Legged Robots},
author={Cheng, Xuxin and Shi, Kexin and Agarwal, Ananye and Pathak, Deepak},
journal={arXiv preprint arXiv:2309.14341},
year={2023}
}

@inproceedings{yang2022safe,
  title={Safe reinforcement learning for legged locomotion},
  author={Yang, Tsung-Yen and Zhang, Tingnan and Luu, Linda and Ha, Sehoon and Tan, Jie and Yu, Wenhao},
  booktitle={2022 IEEE/RSJ International Conference on Intelligent Robots and Systems (IROS)},
  pages={2454--2461},
  year={2022},
  organization={IEEE}
}

@article{chow2018risk,
  title={Risk-constrained reinforcement learning with percentile risk criteria},
  author={Chow, Yinlam and Ghavamzadeh, Mohammad and Janson, Lucas and Pavone, Marco},
  journal={Journal of Machine Learning Research},
  year={2018}
}
@article{tessler2018reward,
  title={Reward constrained policy optimization},
  author={Tessler, Chen and Mankowitz, Daniel J and Mannor, Shie},
  journal={arXiv preprint arXiv:1805.11074},
  year={2018}
}
@inproceedings{achiam2017constrained,
  title={Constrained policy optimization},
  author={Achiam, Joshua and Held, David and Tamar, Aviv and Abbeel, Pieter},
  booktitle={International conference on machine learning},
  pages={22--31},
  year={2017},
  organization={PMLR}
}
@inproceedings{liu2020ipo,
  title={IPO: Interior-point policy optimization under constraints},
  author={Liu, Yongshuai and Ding, Jiaxin and Liu, Xin},
  booktitle={Proceedings of the AAAI conference on artificial intelligence},
  volume={34},
  number={04},
  pages={4940--4947},
  year={2020}
}
@article{zhang2022penalized,
  title={Penalized proximal policy optimization for safe reinforcement learning},
  author={Zhang, Linrui and Shen, Li and Yang, Long and Chen, Shixiang and Yuan, Bo and Wang, Xueqian and Tao, Dacheng},
  journal={arXiv preprint arXiv:2205.11814},
  year={2022}
}

@inproceedings{he2024agile,
  author    = {He, Tairan and Zhang, Chong and Xiao, Wenli and He, Guanqi and Liu, Changliu and Shi, Guanya},
  title     = {Agile But Safe: Learning Collision-Free High-Speed Legged Locomotion},
  booktitle = {arXiv},
  year      = {2024},
}

@inproceedings{xu2021crpo,
  title={Crpo: A new approach for safe reinforcement learning with convergence guarantee},
  author={Xu, Tengyu and Liang, Yingbin and Lan, Guanghui},
  booktitle={International Conference on Machine Learning},
  pages={11480--11491},
  year={2021},
  organization={PMLR}
}

@article{zhang2020first,
  title={First order constrained optimization in policy space},
  author={Zhang, Yiming and Vuong, Quan and Ross, Keith},
  journal={Advances in Neural Information Processing Systems},
  volume={33},
  pages={15338--15349},
  year={2020}
}

% orbit
@article{mittal2023orbit,
  title={Orbit: A unified simulation framework for interactive robot learning environments},
  author={Mittal, Mayank and Yu, Calvin and Yu, Qinxi and Liu, Jingzhou and Rudin, Nikita and Hoeller, David and Yuan, Jia Lin and Singh, Ritvik and Guo, Yunrong and Mazhar, Hammad and others},
  journal={IEEE Robotics and Automation Letters},
  volume={8},
  number={6},
  pages={3740--3747},
  year={2023},
  publisher={IEEE}
}

% rsl rl
@inproceedings{rudin2022learning,
  title={Learning to walk in minutes using massively parallel deep reinforcement learning},
  author={Rudin, Nikita and Hoeller, David and Reist, Philipp and Hutter, Marco},
  booktitle={Conference on Robot Learning},
  pages={91--100},
  year={2022},
  organization={PMLR}
}

% asymmetric ac
@article{pinto2017asymmetric,
  title={Asymmetric actor critic for image-based robot learning},
  author={Pinto, Lerrel and Andrychowicz, Marcin and Welinder, Peter and Zaremba, Wojciech and Abbeel, Pieter},
  journal={arXiv preprint arXiv:1710.06542},
  year={2017}
}

% learning fall damage reduction, yuntao
@inproceedings{ma2023learning,
  title={Learning arm-assisted fall damage reduction and recovery for legged mobile manipulators},
  author={Ma, Yuntao and Farshidian, Farbod and Hutter, Marco},
  booktitle={2023 IEEE International Conference on Robotics and Automation (ICRA)},
  pages={12149--12155},
  year={2023},
  organization={IEEE}
}

% keypoints
@INPROCEEDINGS{allshire_trifinger,
  author={Allshire, Arthur and MittaI, Mayank and Lodaya, Varun and Makoviychuk, Viktor and Makoviichuk, Denys and Widmaier, Felix and Wüthrich, Manuel and Bauer, Stefan and Handa, Ankur and Garg, Animesh},
  booktitle={2022 IEEE/RSJ International Conference on Intelligent Robots and Systems (IROS)}, 
  title={Transferring Dexterous Manipulation from GPU Simulation to a Remote Real-World TriFinger}, 
  year={2022},
  volume={},
  number={},
  pages={11802-11809},
  keywords={Training;Fingers;Graphics processing units;Reinforcement learning;Grasping;Task analysis;Intelligent robots},
  doi={10.1109/IROS47612.2022.9981458}}