@ARTICLE{Lin_vision-proprioception,
AUTHOR={Cong, Lin  and Liang, Hongzhuo  and Ruppel, Philipp  and Shi, Yunlei  and Görner, Michael  and Hendrich, Norman  and Zhang, Jianwei },
TITLE={Reinforcement Learning With Vision-Proprioception Model for Robot Planar Pushing},
JOURNAL={Frontiers in Neurorobotics},
VOLUME={16},
YEAR={2022},
ISSN={1662-5218},
ABSTRACT={}
}

@inproceedings{dadiotis2022trajectory,
  title={Trajectory Optimization for Quadruped Mobile Manipulators that Carry Heavy Payload},
  author={Dadiotis, Ioannis and Laurenzi, Arturo and Tsagarakis, Nikos},
  booktitle={2022 IEEE-RAS 21st International Conference on Humanoid Robots (Humanoids)},
  pages={291--298},
  year={2022},
  organization={IEEE}
}

@INPROCEEDINGS{dadiotis_wholebody,
  author={Dadiotis, Ioannis and Laurenzi, Arturo and Tsagarakis, Nikos},
  booktitle={2023 IEEE-RAS 22nd International Conference on Humanoid Robots (Humanoids)}, 
  title={Whole-Body MPC for Highly Redundant Legged Manipulators: Experimental Evaluation with a 37 DoF Dual-Arm Quadruped}, 
  year={2023},
  volume={},
  number={},
  pages={1-8},
  keywords={Legged locomotion;Robot kinematics;Redundancy;Humanoid robots;Optimal control;Real-time systems;Quadrupedal robots},
  doi={10.1109/Humanoids57100.2023.10375215}
}

@inproceedings{ferrandis2023nonprehensile,
  title={Nonprehensile planar manipulation through reinforcement learning with multimodal categorical exploration},
  author={Ferrandis, Juan Del Aguila and Moura, Jo{\~a}o and Vijayakumar, Sethu},
  booktitle={2023 IEEE/RSJ International Conference on Intelligent Robots and Systems (IROS)},
  pages={5606--5613},
  year={2023},
  organization={IEEE}
}

@ARTICLE{force_push_heins,
  author={Heins, Adam and Schoellig, Angela P.},
  journal={IEEE Robotics and Automation Letters}, 
  title={Force Push: Robust Single-Point Pushing With Force Feedback}, 
  year={2024},
  volume={9},
  number={8},
  pages={6856-6863},
  keywords={Robot sensing systems;Robots;Force;Force measurement;Friction;Force feedback;Sensors;Mobile manipulation;force and tactile sensing;nonprehensile manipulation},
  doi={10.1109/LRA.2024.3414180}
}

@inproceedings{fu2023deep,
  title={Deep whole-body control: learning a unified policy for manipulation and locomotion},
  author={Fu, Zipeng and Cheng, Xuxin and Pathak, Deepak},
  booktitle={Conference on Robot Learning},
  pages={138--149},
  year={2023},
  organization={PMLR}
}

@article{hogan_hybrid_mpc,
author = {Francois R Hogan and Alberto Rodriguez},
title ={Reactive planar non-prehensile manipulation with hybrid model predictive control},
journal = {The International Journal of Robotics Research},
volume = {39},
number = {7},
pages = {755-773},
year = {2020},
doi = {10.1177/0278364920913938},
abstract = {}
}

@INPROCEEDINGS{inaba_humanoid_pushing,
  author={Murooka, Masaki and Nozawa, Shunichi and Kakiuchi, Yohei and Okada, Kei and Inaba, Masayuki},
  booktitle={2015 IEEE International Conference on Robotics and Automation (ICRA)}, 
  title={Whole-body pushing manipulation with contact posture planning of large and heavy object for humanoid robot}, 
  year={2015},
  volume={},
  number={},
  pages={5682-5689},
  keywords={Force;Joints;Torque;Hip;Humanoid robots;Force measurement},
  doi={10.1109/ICRA.2015.7139995}
}

@inproceedings{liu2024visual,
  title={Visual whole-body control for legged loco-manipulation},
  author={Liu, Minghuan and Chen, Zixuan and Cheng, Xuxin and Ji, Yandong and Yang, Ruihan and Wang, Xiaolong},
  booktitle={Conference on Robot Learning},
  year={2024},
}

@INPROCEEDINGS{mayank_articulated,
  author={Mittal, Mayank and Hoeller, David and Farshidian, Farbod and Hutter, Marco and Garg, Animesh},
  booktitle={2022 IEEE/RSJ International Conference on Intelligent Robots and Systems (IROS)}, 
  title={Articulated Object Interaction in Unknown Scenes with Whole-Body Mobile Manipulation}, 
  year={2022},
  volume={},
  number={},
  pages={1647-1654},
  keywords={Tracking;Ovens;Dynamics;Pipelines;Optimal control;Hardware;Planning},
  doi={10.1109/IROS47612.2022.9981779}
}

@ARTICLE{minniti_mpc,
  author={Minniti, Maria Vittoria and Farshidian, Farbod and Grandia, Ruben and Hutter, Marco},
  journal={IEEE Robotics and Automation Letters}, 
  title={Whole-Body MPC for a Dynamically Stable Mobile Manipulator}, 
  year={2019},
  volume={4},
  number={4},
  pages={3687-3694},
  keywords={Manipulator dynamics;Task analysis;End effectors;Robot kinematics;Planning;Mobile manipulation;optimization and optimal control},
  doi={10.1109/LRA.2019.2927955}
}

@INPROCEEDINGS{moura_to_planar_manmipulation,
  author={Moura, João and Stouraitis, Theodoros and Vijayakumar, Sethu},
  booktitle={2022 International Conference on Robotics and Automation (ICRA)}, 
  title={Non-prehensile Planar Manipulation via Trajectory Optimization with Complementarity Constraints}, 
  year={2022},
  volume={},
  number={},
  pages={970-976},
  keywords={Automation;Contacts;Switches;Planning;Task analysis;Trajectory optimization;Robots},
  doi={10.1109/ICRA46639.2022.9811942}
}

@article{ozdamar2024pushing,
  title={Pushing in the Dark: A Reactive Pushing Strategy for Mobile Robots Using Tactile Feedback},
  author={Ozdamar, Idil and Sirintuna, Doganay and Arbaud, Robin and Ajoudani, Arash},
  journal={IEEE Robotics and Automation Letters},
  year={2024},
  publisher={IEEE}
}

@ARTICLE{pankert_mpc,
  author={Pankert, Johannes and Hutter, Marco},
  journal={IEEE Robotics and Automation Letters}, 
  title={Perceptive Model Predictive Control for Continuous Mobile Manipulation}, 
  year={2020},
  volume={5},
  number={4},
  pages={6177-6184},
  keywords={Task analysis;Collision avoidance;Manipulators;Admittance;Service robots;Predictive control;Mobile manipulation;robotics in construction;whole-body motion planning and control},
  doi={10.1109/LRA.2020.3010721}}

@INPROCEEDINGS{peng_rl,
  author={Peng, Xue Bin and Andrychowicz, Marcin and Zaremba, Wojciech and Abbeel, Pieter},
  booktitle={2018 IEEE International Conference on Robotics and Automation (ICRA)}, 
  title={Sim-to-Real Transfer of Robotic Control with Dynamics Randomization}, 
  year={2018},
  volume={},
  number={},
  pages={3803-3810},
  keywords={Robots;Training;Adaptation models;Task analysis;Trajectory;Data models;Robustness},
  doi={10.1109/ICRA.2018.8460528}
}

@ARTICLE{polverini_pushing,
  author={Polverini, Matteo Parigi and Laurenzi, Arturo and Hoffman, Enrico Mingo and Ruscelli, Francesco and Tsagarakis, Nikos G.},
  journal={IEEE Robotics and Automation Letters}, 
  title={Multi-Contact Heavy Object Pushing With a Centaur-Type Humanoid Robot: Planning and Control for a Real Demonstrator}, 
  year={2020},
  volume={5},
  number={2},
  pages={859-866},
  keywords={Task analysis;Planning;Legged locomotion;Dynamics;Optimization;Humanoid robots;Humanoid robots;kinematics;optimization and optimal control;redundant robots},
  doi={10.1109/LRA.2020.2965906}
}

@ARTICLE{quadruped_pushing,
  author={Jeon, Seunghun and Jung, Moonkyu and Choi, Suyoung and Kim, Beomjoon and Hwangbo, Jemin},
  journal={IEEE Robotics and Automation Letters}, 
  title={Learning Whole-Body Manipulation for Quadrupedal Robot}, 
  year={2024},
  volume={9},
  number={1},
  pages={699-706},
  keywords={Robots;Robot sensing systems;Quadrupedal robots;Task analysis;Training;Real-time systems;Force;Deep learning methods;legged robots;reinforcement learning},
  doi={10.1109/LRA.2023.3335777}
}

@ARTICLE{rizzardo_push_cube,
AUTHOR={Rizzardo, Carlo  and Chen, Fei  and Caldwell, Darwin },
TITLE={Sim-to-real via latent prediction: Transferring visual non-prehensile manipulation policies},
JOURNAL={Frontiers in Robotics and AI},
VOLUME={9},
YEAR={2023},
DOI={10.3389/frobt.2022.1067502},
ISSN={2296-9144},
ABSTRACT={}
}

@ARTICLE{sleiman_unified_mpc,
  author={Sleiman, Jean-Pierre and Farshidian, Farbod and Minniti, Maria Vittoria and Hutter, Marco},
  journal={IEEE Robotics and Automation Letters}, 
  title={A Unified MPC Framework for Whole-Body Dynamic Locomotion and Manipulation}, 
  year={2021},
  volume={6},
  number={3},
  pages={4688-4695},
  keywords={Robots;Manipulator dynamics;Dynamics;Mathematical model;Task analysis;Robot kinematics;Optimal control;Legged robots;mobile manipulation;multi-contact whole-body motion planning and control;optimization and optimal control},
  doi={10.1109/LRA.2021.3068908}
}

