@inproceedings{10140100,
  title        = {{Special Session: CAD for Hardware Security - Promising Directions for Automation of Security Assurance}},
  author       = {Aftabjahani, Sohrab and Tehranipoor, Mark and Farahmandi, Farimah and Ahmed, Bulbul and Kastner, Ryan and Restuccia, Francesco and Meza, Andres and Ryan, Kaki and Fern, Nicole and van Woudenberg, Jasper and Velegalati, Rajesh and Breunesse, Cees-Bart and Sturton, Cynthia and Deutschbein, Calvin},
  year         = 2023,
  booktitle    = {2023 IEEE 41st VLSI Test Symp. (VTS)},
  pages        = {1--10},
  doi          = {10.1109/VTS56346.2023.10140100},
}

@inproceedings{Ahmad_2022,
  title        = {{Don't CWEAT It: Toward CWE Analysis Techniques in Early Stages of Hardware Design}},
  author       = {Ahmad, Baleegh and Liu, Wei-Kai and Collini, Luca and Pearce, Hammond and Fung, Jason M. and Valamehr, Jonathan and Bidmeshki, Mohammad and Sapiecha, Piotr and Brown, Steve and Chakrabarty, Krishnendu and Karri, Ramesh and Tan, Benjamin},
  year         = 2022,
  month        = oct,
  booktitle    = {Proc. 41st IEEE/ACM Int. Conf. Computer-Aided Design},
  publisher    = {ACM},
  doi          = {10.1145/3508352.3549369},
}

@article{Ayalasomayajula_Automatic_2024,
  title        = {{Automatic Asset Identification for Assertion-Based SoC Security Verification}},
  author       = {Ayalasomayajula, Avinash and Farzana, Nusrat and Tehranipoor, Mark and Farahmandi, Farimah},
  year         = 2024,
  journal      = IEEE_J_CAD,
  pages        = {1--1},
  doi          = {10.1109/TCAD.2024.3387875},
}

@misc{accellera,
  title        = {accellera.org},
  note         = {[Accessed 02-04-2024]},
  howpublished = {\url{https://www.accellera.org/images/downloads/standards/Accellera_SA-EDI_Standard_v10.pdf}}
}

@inproceedings{farzana_saif_2021,
  title        = {{SAIF}: {Automated} {Asset} {Identification} for {Security} {Verification} at the {Register} {Transfer} {Level}},
  shorttitle   = {{SAIF}},
  author       = {Farzana, Nusrat and Ayalasomayajula, Avinash and Rahman, Fahim and Farahmandi, Farimah and Tehranipoor, Mark},
  year         = 2021,
  month        = apr,
  booktitle    = {2021 {IEEE} 39th {VLSI} {Test} {Symp.} ({VTS})},
  publisher    = {IEEE},
  address      = {San Diego, CA, USA},
  pages        = {1--7},
  doi          = {10.1109/VTS50974.2021.9441039},
  isbn         = {978-1-66541-949-9},
}

@article{holdings2009arm,
  title        = {ARM security technology: Building a secure system using trustzone technology},
  author       = {{Arm}},
  year         = 2009,
  journal      = {Retrieved on June},
  volume       = 10,
  pages        = 2021
}

@article{ieee_p3164_working_group_asset_2024,
  title        = {Asset {Identification} for {Electronic} {Design} {IP}},
  author       = {{IEEE P3164 Working Group}},
  year         = 2024,
  month        = apr,
  journal      = {Asset Identification for Electronic Design IP},
  pages        = {1--26},
  url          = {https://ieeexplore.ieee.org/document/10496567},
  urldate      = {2024-05-24},
}

@article{meza_security_2023,
  title        = {Security {Verification} of the {OpenTitan} {Hardware} {Root} of {Trust}},
  author       = {Meza, Andres and Restuccia, Francesco and Oberg, Jason and Rizzo, Dominic and Kastner, Ryan},
  year         = 2023,
  month        = may,
  journal      = IEEE_M_SAP,
  volume       = 21,
  number       = 3,
  pages        = {27--36},
  doi          = {10.1109/MSEC.2023.3251954},
  issn         = {1540-7993, 1558-4046},
}

@misc{mitreCommonWeakness,
  title        = {{C}{W}{E} - {C}ommon {W}eakness {E}numeration --- cwe.mitre.org},
  note         = {[Accessed 02-04-2024]},
  howpublished = {\url{https://cwe.mitre.org/index.html}}
}

@misc{noauthor_what_nodate,
	title = {What is the {CIA} {Triad} and {Why} is it important?},
	url = {https://www.fortinet.com/resources/cyberglossary/cia-triad},
	abstract = {Learn what the CIA triad is, why you should use it, and when. The CIA triad is used for finding vulnerabilities and methods for creating solutions.},
	language = {en},
	urldate = {2023-08-13},
	journal = {Fortinet},
	file = {Snapshot:C\:\\Users\\Subroto\\Zotero\\storage\\GVLSTIYC\\cia-triad.html:text/html},
}

@inproceedings{polian_introduction_2017,
  title        = {Introduction to hardware-oriented security for {MPSoCs}},
  author       = {Polian, I. and Regazzoni, F. and Sepulveda, J.},
  year         = 2017,
  month        = sep,
  booktitle    = {2017 30th {IEEE} {International} {System}-on-{Chip} {Conference} ({SOCC})},
  pages        = {102--107},
  doi          = {10.1109/SOCC.2017.8226017},
}

@article{ray_system--chip_2018,
	title = {System-on-{Chip} {Platform} {Security} {Assurance}: {Architecture} and {Validation}},
	volume = {106},
	copyright = {https://ieeexplore.ieee.org/Xplorehelp/downloads/license-information/IEEE.html},
	issn = {0018-9219, 1558-2256},
	shorttitle = {System-on-{Chip} {Platform} {Security} {Assurance}},
	url = {http://ieeexplore.ieee.org/document/7987680/},
	doi = {10.1109/JPROC.2017.2714641},
	number = {1},
	urldate = {2024-11-18},
	journal = {Proceedings of the IEEE},
	author = {Ray, Sandip and Peeters, Eric and Tehranipoor, Mark M. and Bhunia, Swarup},
	month = jan,
	year = {2018},
	pages = {21--37},
}

