@IEEEtranBSTCTL{IEEEexample:BSTcontrol,
CTLuse_forced_etal       = "no",
CTLmax_names_forced_etal = "3",
CTLnames_show_etal       = "1" ,
CTLuse_url = "yes",}

@INPROCEEDINGS{Khattri_HSDL_2012,
  author={Khattri, Hareesh and Mangipudi, Narasimha Kumar V and Mandujano, Salvador},
  booktitle={2012 IEEE International Symposium on Hardware-Oriented Security and Trust}, 
  title={HSDL: A Security Development Lifecycle for hardware technologies}, 
  year={2012},
  volume={},
  number={},
  pages={116-121},
  doi={10.1109/HST.2012.6224330}}


@misc{noauthor_what_nodate,
	title = {What is the {CIA} {Triad} and {Why} is it important?},
	url = {https://www.fortinet.com/resources/cyberglossary/cia-triad},
	abstract = {Learn what the CIA triad is, why you should use it, and when. The CIA triad is used for finding vulnerabilities and methods for creating solutions.},
	language = {en},
	urldate = {2023-08-13},
	journal = {Fortinet},
	file = {Snapshot:C\:\\Users\\Subroto\\Zotero\\storage\\GVLSTIYC\\cia-triad.html:text/html},
}

@article{ray_system--chip_2018,
	title = {System-on-{Chip} {Platform} {Security} {Assurance}: {Architecture} and {Validation}},
	volume = {106},
	copyright = {https://ieeexplore.ieee.org/Xplorehelp/downloads/license-information/IEEE.html},
	issn = {0018-9219, 1558-2256},
	shorttitle = {System-on-{Chip} {Platform} {Security} {Assurance}},
	url = {http://ieeexplore.ieee.org/document/7987680/},
	doi = {10.1109/JPROC.2017.2714641},
	number = {1},
	urldate = {2024-11-18},
	journal = {Proceedings of the IEEE},
	author = {Ray, Sandip and Peeters, Eric and Tehranipoor, Mark M. and Bhunia, Swarup},
	month = jan,
	year = {2018},
	pages = {21--37},
}

@book{mishra_hardware_2017,
	address = {Cham},
	title = {Hardware {IP} {Security} and {Trust}},
	copyright = {http://www.springer.com/tdm},
	isbn = {978-3-319-49024-3 978-3-319-49025-0},
	url = {http://link.springer.com/10.1007/978-3-319-49025-0},
	language = {en},
	urldate = {2024-11-18},
	publisher = {Springer International Publishing},
	editor = {Mishra, Prabhat and Bhunia, Swarup and Tehranipoor, Mark},
	year = {2017},
	doi = {10.1007/978-3-319-49025-0},
}


@misc{opentitan_opentitan_github_2024,
  title        = {opentitan\_github},
  author       = {OpenTitan},
  year         = 2024,
  month        = jun,
  url          = {https://github.com/lowRISC/opentitan},
  urldate      = {2024-06-02},
}
@article{ieee_p3164_working_group_asset_2024,
  title        = {Asset {Identification} for {Electronic} {Design} {IP}},
  author       = {{IEEE P3164 Working Group}},
  year         = 2024,
  month        = apr,
  journal      = {Asset Identification for Electronic Design IP},
  pages        = {1--26},
  url          = {https://ieeexplore.ieee.org/document/10496567},
  urldate      = {2024-05-24},
}
@article{Ayalasomayajula_Automatic_2024,
  title        = {{Automatic Asset Identification for Assertion-Based SoC Security Verification}},
  author       = {Ayalasomayajula, Avinash and Farzana, Nusrat and Tehranipoor, Mark and Farahmandi, Farimah},
  year         = 2024,
  journal      = IEEE_J_CAD,
  pages        = {1--1},
  doi          = {10.1109/TCAD.2024.3387875},
}



@misc{opentitan_open_nodate,
	title = {Open source silicon root of trust ({RoT}) {\textbar} {OpenTitan}},
	url = {https://opentitan.org/},
	abstract = {The first open source project building a transparent, high-quality reference design and integration guidelines for silicon root of trust (RoT) chips},
	language = {en},
	urldate = {2024-06-03},
	author = {OpenTitan},
	file = {Snapshot:C\:\\Users\\Subroto\\Zotero\\storage\\WUZZE7X9\\opentitan.org.html:text/html},
}

@article{peccerillo_survey_2022,
  title        = {A survey on hardware accelerators: {Taxonomy}, trends, challenges, and perspectives},
  shorttitle   = {A survey on hardware accelerators},
  author       = {Peccerillo, Biagio and Mannino, Mirco and Mondelli, Andrea and Bartolini, Sandro},
  year         = 2022,
  month        = aug,
  journal      = {Journal of Systems Architecture},
  volume       = 129,
  pages        = 102561,
  doi          = {10.1016/j.sysarc.2022.102561},
  issn         = {1383-7621},
  url          = {https://www.sciencedirect.com/science/article/pii/S1383762122001138},
  urldate      = {2024-01-10},
}
@article{jiang_review_2017,
  title        = {A {Review}, {Classification}, and {Comparative} {Evaluation} of {Approximate} {Arithmetic} {Circuits}},
  author       = {Jiang, Honglan and Liu, Cong and Liu, Leibo and Lombardi, Fabrizio and Han, Jie},
  year         = 2017,
  month        = aug,
  journal      = {ACM Journal on Emerging Technologies in Computing Systems},
  volume       = 13,
  number       = 4,
  pages        = {60:1--60:34},
  doi          = {10.1145/3094124},
  issn         = {1550-4832},
  url          = {https://dl.acm.org/doi/10.1145/3094124},
  urldate      = {2024-01-10},
}
@article{saleh_system--chip_2006,
  title        = {System-on-{Chip}: {Reuse} and {Integration}},
  shorttitle   = {System-on-{Chip}},
  author       = {Saleh, R. and Wilton, S. and Mirabbasi, S. and Hu, A. and Greenstreet, M. and Lemieux, G. and Pande, P.P. and Grecu, C. and Ivanov, A.},
  year         = 2006,
  month        = jun,
  journal      = IEEE_J_PROC,
  volume       = 94,
  number       = 6,
  pages        = {1050--1069},
  doi          = {10.1109/JPROC.2006.873611},
  issn         = {1558-2256},
  url          = {https://ieeexplore.ieee.org/abstract/document/1652898},
  urldate      = {2024-01-10},
}
@article{rostami_primer_2014,
  title        = {A {Primer} on {Hardware} {Security}: {Models}, {Methods}, and {Metrics}},
  shorttitle   = {A {Primer} on {Hardware} {Security}},
  author       = {Rostami, Masoud and Koushanfar, Farinaz and Karri, Ramesh},
  year         = 2014,
  month        = aug,
  journal      = IEEE_J_PROC,
  volume       = 102,
  number       = 8,
  pages        = {1283--1295},
  doi          = {10.1109/JPROC.2014.2335155},
  issn         = {1558-2256},
}
@inproceedings{dessouky_hardfails_2019,
  title        = {Hardfails: insights into software-exploitable hardware bugs},
  shorttitle   = {Hardfails},
  author       = {Dessouky, Ghada and Gens, David and Haney, Patrick and Persyn, Garrett and Kanuparthi, Arun and Khattri, Hareesh and Fung, Jason M. and Sadeghi, Ahmad-Reza and Rajendran, Jeyavijayan},
  year         = 2019,
  month        = aug,
  booktitle    = {Proceedings of the 28th {USENIX} {Conference} on {Security} {Symposium}},
  publisher    = {USENIX Association},
  address      = {USA},
  series       = {{SEC}'19},
  pages        = {213--230},
  isbn         = {978-1-939133-06-9},
  urldate      = {2024-01-10},
}
@article{witharana_survey_2022,
  title        = {A {Survey} on {Assertion}-based {Hardware} {Verification}},
  author       = {Witharana, Hasini and Lyu, Yangdi and Charles, Subodha and Mishra, Prabhat},
  year         = 2022,
  month        = jan,
  journal      = {ACM Computing Surveys},
  pages        = 3510578,
  doi          = {10.1145/3510578},
  issn         = {0360-0300, 1557-7341},
  url          = {https://dl.acm.org/doi/10.1145/3510578},
  urldate      = {2022-08-19},
  language     = {en}
}
@article{trimberger_three_2015,
  title        = {Three {Ages} of {FPGAs}: {A} {Retrospective} on the {First} {Thirty} {Years} of {FPGA} {Technology}},
  shorttitle   = {Three {Ages} of {FPGAs}},
  author       = {Trimberger, Stephen M.},
  year         = 2015,
  month        = mar,
  journal      = IEEE_J_PROC,
  volume       = 103,
  number       = 3,
  pages        = {318--331},
  doi          = {10.1109/JPROC.2015.2392104},
  issn         = {1558-2256},
  url          = {https://ieeexplore.ieee.org/abstract/document/7086413},
  urldate      = {2024-01-10},
}
@inproceedings{nath_artifact:_2018,
  title        = {{ArtiFact}: {Architecture} and {CAD} {Flow} for {Efficient} {Formal} {Verification} of {SoC} {Security} {Policies}},
  shorttitle   = {{ArtiFact}},
  author       = {Nath, A. P. Deb and Bhunia, S. and Ray, S.},
  year         = 2018,
  month        = jul,
  booktitle    = {{IEEE} {Computer} {Society} {Annu.} {Symp.} {VLSI} ({ISVLSI})},
  pages        = {411--416},
  doi          = {10.1109/ISVLSI.2018.00081}
}
@inproceedings{krstic_security_2014,
  title        = {Security of {SoC} firmware load protocols},
  author       = {KrstiÄ‡, S. and Yang, J. and Palmer, D. W. and Osborne, R. B. and Talmor, E.},
  year         = 2014,
  month        = may,
  booktitle    = {{IEEE} {Int.} {Symp.} {Hardware}-{Oriented} {Security} and {Trust} ({HOST})},
  pages        = {70--75},
  doi          = {10.1109/HST.2014.6855571}
}
@inproceedings{dessouky_hardfails:_2019,
  title        = {{HardFails}: {Insights} into {Software}-{Exploitable} {Hardware} {Bugs}},
  author       = {Dessouky, Ghada and Gens, David and Haney, Patrick and Persyn, Garrett and Kanuparthi, Arun and Khattri, Hareesh and Fung, Jason M. and Sadeghi, Ahmad-Reza and Rajendran, Jeyavijayan},
  year         = 2019,
  booktitle    = {Usenix {Security} {Symp.}},
  pages        = {213--230},
  isbn         = {978-1-939133-06-9},
  url          = {https://www.usenix.org/conference/usenixsecurity19/presentation/dessouky},
  urldate      = {2019-10-22},
  language     = {en}
}
@patent{hars_secure_2006,
  title        = {Secure firmware update procedure for programmable security devices},
  author       = {Hars, Laszlo},
  year         = 2006,
  month        = jan,
  number       = {US20060005046A1},
  url          = {https://patents.google.com/patent/US20060005046A1/en},
  urldate      = {2019-06-29},
  nationality  = {US},
  assignee     = {Seagate Technology LLC},
}
@inproceedings{sadasivam_efficient_2018,
  title        = {Efficient {Reinforcement} {Learning} for {Automating} {Human} {Decision}-making in {SoC} {Design}},
  author       = {Sadasivam, Shankar and Chen, Zhuo and Lee, Jinwon and Jain, Rajeev},
  year         = 2018,
  booktitle    = {Proc. 55th {Annu.} {Design} {Automation} {Conf.} {(DAC)}},
  address      = {New York, NY, USA},
  pages        = {37:1--37:6},
  doi          = {10.1145/3195970.3199855},
  isbn         = {978-1-4503-5700-5},
  url          = {http://doi.acm.org/10.1145/3195970.3199855},
  urldate      = {2019-06-29}
}
@techreport{regenscheid_platform_2018,
  title        = {Platform firmware resiliency guidelines},
  author       = {Regenscheid, Andrew},
  year         = 2018,
  month        = may,
  address      = {Gaithersburg, MD},
  number       = {NIST SP 800-193},
  pages        = {NIST SP 800--193},
  doi          = {10.6028/NIST.SP.800-193},
  url          = {http://nvlpubs.nist.gov/nistpubs/SpecialPublications/NIST.SP.800-193.pdf},
  urldate      = {2019-06-29},
  language     = {en},
  institution  = {National Institute of Standards and Technology}
}
@misc{noauthor_hacking_nodate,
  title        = {Hacking {Hardware} {Security} {Modules} - {Schneier} on {Security}},
  url          = {https://www.schneier.com/blog/archives/2019/06/hacking_hardwar.html},
  urldate      = {2019-06-29}
}
@inproceedings{han_hardware_2019,
  title        = {Hardware {Trojans} {Detection} at {Register} {Transfer} {Level} {Based} on {Machine} {Learning}},
  author       = {Han, T. and Wang, Y. and Liu, P.},
  year         = 2019,
  month        = may,
  booktitle    = {2019 {IEEE} {Int.} {Symp.} {Circuits} and {Systems} ({ISCAS})},
  pages        = {1--5},
  doi          = {10.1109/ISCAS.2019.8702479},
}
@inproceedings{torres_detecting_2019,
  title        = {Detecting {Non}-{Control}-{Flow} {Hijacking} {Attacks} {Using} {Contextual} {Execution} {Information}},
  author       = {Torres, Gildo and Yang, Zhiliu and Blasingame, Zander and Bruska, James and Liu, Chen},
  year         = 2019,
  booktitle    = {Proc. of the 8th {Int.} {Workshop} {Hardware} and {Architectural} {Support} for {Security} and {Privacy}},
  publisher    = {ACM},
  address      = {New York, NY, USA},
  series       = {{HASP} '19},
  pages        = {1:1--1:8},
  doi          = {10.1145/3337167.3337168},
  isbn         = {978-1-4503-7226-8},
  url          = {http://doi.acm.org/10.1145/3337167.3337168},
  urldate      = {2019-06-29},
}
@inproceedings{cui_when_2013,
  title        = {When {Firmware} {Modifications} {Attack}: {A} {Case} {Study} of {Embedded} {Exploitation}},
  author       = {Cui, Ang and Costello, Michael and Stolfo, Salvatore J},
  year         = 2013,
  address      = {San Diego, CA},
  pages        = 13
}
@inproceedings{liu_automated_2018,
  title        = {Automated {Vulnerability} {Detection} in {Embedded} {Devices}},
  author       = {Liu, Danjun and Tang, Yong and Wang, Baosheng and Xie, Wei and Yu, Bo},
  year         = 2018,
  booktitle    = {Advances in {Digital} {Forensics} {XIV}},
  publisher    = {Springer Int. Publishing},
  series       = {{IFIP} {Advances} in {Information} and {Communication} {Technology}},
  pages        = {313--329},
  isbn         = {978-3-319-99277-8},
  language     = {en},
  editor       = {Peterson, Gilbert and Shenoi, Sujeet},
}
@inproceedings{yang_detecting_2018,
  title        = {Detecting {Payload} {Attacks} {Programmable} {Logic} {Controllers} ({PLCs})},
  author       = {Yang, H. and Cheng, L. and Chuah, M. C.},
  year         = 2018,
  month        = may,
  booktitle    = {2018 {IEEE} {Conf.} {Communications} and {Network} {Security} ({CNS})},
  pages        = {1--9},
  doi          = {10.1109/CNS.2018.8433146}
}
@article{wang_malicious_2016,
  title        = {Malicious {Firmware} {Detection} with {Hardware} {Performance} {Counters}},
  author       = {Wang, X. and Konstantinou, C. and Maniatakos, M. and Karri, R. and Lee, S. and Robison, P. and Stergiou, P. and Kim, S.},
  year         = 2016,
  month        = jul,
  journal      = {IEEE Transactions on Multi-Scale Computing Systems},
  volume       = 2,
  number       = 3,
  pages        = {160--173},
  doi          = {10.1109/TMSCS.2016.2569467},
  issn         = {2332-7766}
}
@misc{muduli_verification_2019,
  title        = {Verification of {Authenticated} {Firmware} {Load}},
  author       = {Muduli, Sujit Kumar and Subramanyan, Pramod and Ray, Sayak},
  year         = 2019,
  number       = 564,
  urldate      = {2019-07-06},
  howpublished = {Cryptology ePrint Archive, Report 2019/564}
}
@inproceedings{ray_formal_2019,
  title        = {Formal {Verification} of {Security} {Critical} {Hardware}-{Firmware} {Interactions} in {Commercial} {SoCs}},
  author       = {Ray, Sayak and Ghosh, Nishant and Masti, Ramya Jayaram and Kanuparthi, Arun and Fung, Jason M.},
  year         = 2019,
  booktitle    = {Proc. 56th {Annu.} {Design} {Automation} {Conf.} {(DAC)}},
  publisher    = {ACM Press},
  address      = {Las Vegas, NV, USA},
  pages        = {1--4},
  doi          = {10.1145/3316781.3323478},
  isbn         = {978-1-4503-6725-7},
  url          = {http://dl.acm.org/citation.cfm?doid=3316781.3323478},
  urldate      = {2019-07-08},
  language     = {en}
}
@inproceedings{huang_formal_nodate,
  title        = {{Formal Security Verification of Concurrent Firmware in SoCs Using Instruction-level Abstraction for Hardware}},
  author       = {Huang, Bo-Yuan and Ray, Sayak and Gupta, Aarti and Fung, Jason M. and Malik, Sharad},
  year         = 2018,
  booktitle    = {Proceedings of the 55th Annual Design Automation Conference},
  location     = {San Francisco, California},
  publisher    = {ACM},
  address      = {New York, NY, USA},
  pages        = {91:1--91:6},
  doi          = {10.1145/3195970.3196055},
  isbn         = {978-1-4503-5700-5},
  url          = {http://doi.acm.org/10.1145/3195970.3196055},
  articleno    = 91,
  numpages     = 6,
  acmid        = 3196055
}
@article{chen_framework_2016,
  title        = {A {Framework} for {Practical} {Dynamic} {Software} {Updating}},
  author       = {Chen, G. and Jin, H. and Zou, D. and Liang, Z. and Zhou, B. B. and Wang, H.},
  year         = 2016,
  month        = apr,
  journal      = IEEE_J_PDS,
  volume       = 27,
  number       = 4,
  pages        = {941--950},
  doi          = {10.1109/TPDS.2015.2430854},
  issn         = {1045-9219}
}
@article{hu_automatically_2019,
  title        = {Automatically {Patching} {Vulnerabilities} of {Binary} {Programs} via {Code} {Transfer} {From} {Correct} {Versions}},
  author       = {Hu, Y. and Zhang, Y. and Gu, D.},
  year         = 2019,
  journal      = {IEEE Access},
  volume       = 7,
  pages        = {28170--28184},
  doi          = {10.1109/ACCESS.2019.2901951},
  issn         = {2169-3536}
}
@inproceedings{keromytis_characterizing_2007,
  title        = {Characterizing {Software} {Self}-healing {Systems}},
  author       = {Keromytis, Angelos D.},
  year         = 2007,
  booktitle    = {Computer {Network} {Security}},
  publisher    = {Springer Berlin Heidelberg},
  series       = {Communications in {Computer} and {Information} {Science}},
  pages        = {22--33},
  isbn         = {978-3-540-73986-9},
  language     = {en},
  editor       = {Gorodetsky, Vladimir and Kotenko, Igor and Skormin, Victor A.}
}
@article{chen_safestack:_2013,
  title        = {{SafeStack}: {Automatically} {Patching} {Stack}-{Based} {Buffer} {Overflow} {Vulnerabilities}},
  shorttitle   = {{SafeStack}},
  author       = {Chen, G. and Jin, H. and Zou, D. and Zhou, B. B. and Liang, Z. and Zheng, W. and Shi, X.},
  year         = 2013,
  month        = nov,
  journal      = IEEE_J_DSC,
  volume       = 10,
  number       = 6,
  pages        = {368--379},
  doi          = {10.1109/TDSC.2013.25},
  issn         = {1545-5971}
}
@techreport{jacob_how_2017,
  title        = {How to {Break} {Secure} {Boot} on {FPGA} {SoCs} through {Malicious} {Hardware}},
  author       = {Jacob, Nisha and Heyszl, Johann and Zankl, Andreas and Rolfes, Carsten and Sigl, Georg},
  year         = 2017,
  number       = 625,
  url          = {http://eprint.iacr.org/2017/625},
  urldate      = {2019-07-25},
}
@inproceedings{tian_defending_2015,
  title        = {Defending {Against} {Malicious} {USB} {Firmware} with {GoodUSB}},
  author       = {Tian, Dave Jing and Bates, Adam and Butler, Kevin},
  year         = 2015,
  booktitle    = {Proc. of the 31st {Annu.} {Computer} {Security} {Applications} {Conf.}},
  publisher    = {ACM},
  address      = {New York, NY, USA},
  series       = {{ACSAC} 2015},
  pages        = {261--270},
  doi          = {10.1145/2818000.2818040},
  isbn         = {978-1-4503-3682-6},
  url          = {http://doi.acm.org/10.1145/2818000.2818040},
  urldate      = {2019-07-25},
}
@inproceedings{nath_system--chip_2018,
  title        = {System-on-chip security architecture and {CAD} framework for hardware patch},
  author       = {Nath, A. P. Deb and Ray, S. and Basak, A. and Bhunia, S.},
  year         = 2018,
  month        = jan,
  booktitle    = {23rd {Asia} and {South} {Pacific} {Design} {Automation} {Conf.} ({ASP}-{DAC})},
  pages        = {733--738},
  doi          = {10.1109/ASPDAC.2018.8297409}
}
@inproceedings{ray_system--chip_2017,
  title        = {System-on-chip security assurance for {IoT} devices: {Cooperations} and conflicts},
  shorttitle   = {System-on-chip security assurance for {IoT} devices},
  author       = {Ray, S.},
  year         = 2017,
  month        = apr,
  booktitle    = {2017 {IEEE} {Custom} {Integrated} {Circuits} {Conf.} ({CICC})},
  pages        = {1--4},
  doi          = {10.1109/CICC.2017.7993611}
}
@inproceedings{hategekimana_secure_2018,
  title        = {Secure {Hardware} {Kernels} {Execution} in {CPU}+{FPGA} {Heterogeneous} {Cloud}},
  author       = {Hategekimana, F. and Mbongue, J. Mandebi and Pantho, M. J. H. and Bobda, C.},
  year         = 2018,
  month        = dec,
  booktitle    = {2018 {Int.} {Conf.} {Field}-{Programmable} {Technology} ({FPT})},
  pages        = {182--189},
  doi          = {10.1109/FPT.2018.00035}
}
@article{basak_security_2017,
  title        = {Security {Assurance} for {System}-on-{Chip} {Designs} {With} {Untrusted} {IPs}},
  author       = {Basak, A. and Bhunia, S. and Tkacik, T. and Ray, S.},
  year         = 2017,
  month        = jul,
  journal      = IEEE_J_IFS,
  volume       = 12,
  number       = 7,
  pages        = {1515--1528},
  doi          = {10.1109/TIFS.2017.2658544},
  issn         = {1556-6013}
}
@inproceedings{basak_exploiting_2016,
  title        = {Exploiting design-for-debug for flexible {SoC} security architecture},
  author       = {Basak, A. and Bhunia, S. and Ray, S.},
  year         = 2016,
  month        = jun,
  booktitle    = {Proc. 53rd {Annu.} {Design} {Automation} {Conf.} ({DAC})},
  pages        = {1--6},
  doi          = {10.1145/2897937.2898020}
}
@inproceedings{ray_security_2015,
  title        = {Security policy enforcement in modern {SoC} designs},
  author       = {Ray, S. and Jin, Y.},
  year         = 2015,
  month        = nov,
  pages        = {345--350},
  doi          = {10.1109/ICCAD.2015.7372590}
}
@book{ray_security_2019,
  title        = {Security {Policy} in {System}-on-{Chip} {Designs}: {Specification}, {Implementation} and {Verification}},
  author       = {Ray, Sandip and Basak, Abhishek and Bhunia, Swarup},
  year         = 2019,
  publisher    = {Springer Int. Publishing},
  address      = {Cham},
  doi          = {10.1007/978-3-319-93464-8},
  isbn         = {978-3-319-93463-1 978-3-319-93464-8},
  url          = {http://link.springer.com/10.1007/978-3-319-93464-8},
  urldate      = {2019-08-02},
  language     = {en}
}
@inproceedings{feller_tinytpm:_2011,
  title        = {{TinyTPM}: {A} lightweight module aimed to {IP} protection and trusted embedded platforms},
  shorttitle   = {{TinyTPM}},
  author       = {Feller, T. and Malipatlolla, S. and Meister, D. and Huss, S. A.},
  year         = 2011,
  month        = jun,
  booktitle    = {2011 {IEEE} {Int.} {Symp.} {Hardware}-{Oriented} {Security} and {Trust}},
  pages        = {6--11},
  doi          = {10.1109/HST.2011.5954987}
}
@inproceedings{constantinides_online_2008,
  title        = {Online {Design} {Bug} {Detection}: {RTL} {Analysis}, {Flexible} {Mechanisms}, and {Evaluation}},
  shorttitle   = {Online {Design} {Bug} {Detection}},
  author       = {Constantinides, Kypros and Mutlu, Onur and Austin, Todd},
  year         = 2008,
  booktitle    = {Proc. 41st {Annu.} {IEEE}/{ACM} {Int.} {Symp.} {Microarchitecture} {(MICRO)}},
  publisher    = {IEEE Computer Society},
  address      = {Washington, DC, USA},
  pages        = {282--293},
  doi          = {10.1109/MICRO.2008.4771798},
  isbn         = {978-1-4244-2836-6},
  urldate      = {2019-10-23}
}
@inproceedings{paulitsch_mixed-criticality_2015,
  title        = {Mixed-{Criticality} {Embedded} {Systems} â€“ {A} {Balance} {Ensuring} {Partitioning} and {Performance}},
  author       = {Paulitsch, M. and Duarte, O. M. and Karray, H. and Mueller, K. and Muench, D. and Nowotsch, J.},
  year         = 2015,
  booktitle    = {Digital {System} {Design} ({DSD}), 2015 {Euromicro} {Conference} on},
  pages        = {453--461},
  doi          = {10.1109/DSD.2015.100}
}
@article{kushner_real_2013,
  title        = {The real story of stuxnet},
  author       = {Kushner, D.},
  year         = 2013,
  journal      = {IEEE Spectrum},
  volume       = 50,
  number       = 3,
  pages        = {48--53},
  doi          = {10.1109/MSPEC.2013.6471059}
}
@book{noauthor_dot_nodate,
  title        = {The {DOT} {Language}},
  volume       = 2017,
  number       = {8 Nov,},
  url          = {https://graphviz.gitlab.io/_pages/doc/info/lang.html}
}
@inproceedings{keliris_icsref:_2019,
  title        = {{ICSREF}: {A} {Framework} for {Automated} {Reverse} {Engineering} of {Industrial} {Control} {Systems} {Binaries}},
  shorttitle   = {{ICSREF}},
  author       = {Keliris, Anastasis and Maniatakos, Michail},
  year         = 2019,
  booktitle    = {Proceedings 2019 {Network} and {Distributed} {System} {Security} {Symposium}},
  publisher    = {Internet Society},
  address      = {San Diego, CA},
  doi          = {10.14722/ndss.2019.23271},
  isbn         = {978-1-891562-55-6}
}
@inproceedings{waidner_security_2016,
  title        = {Security in industrie 4.0 - challenges and solutions for the fourth industrial revolution},
  author       = {Waidner, Michael and Kasper, Michael},
  year         = 2016,
  month        = mar,
  booktitle    = {2016 {Design}, {Automation} {Test} in {Europe} {Conference} {Exhibition} ({DATE})},
  pages        = {1303--1308}
}
@misc{i-scoop_industry_nodate,
  title        = {Industry 4.0: the fourth industrial revolution - guide to {Industrie} 4.0},
  shorttitle   = {Industry 4.0},
  author       = {i-SCOOP},
  journal      = {i-SCOOP},
  url          = {https://www.i-scoop.eu/industry-4-0/},
  urldate      = {2019-06-24},
  language     = {en-US},
}
@techreport{noauthor_arm_2009,
  title        = {{ARM} {Security} {Technology}: {Building} a {Secure} {System} using {TrustZone} {Technology}},
  author       = {{Arm Limited}},
  year         = 2009,
  url          = {http://infocenter.arm.com/help/topic/com.arm.doc.prd29-genc-009492c/PRD29-GENC-009492C_trustzone_security_whitepaper.pdf},
  institution  = {ARM}
}
@inproceedings{brasser_tytan:_2015,
  title        = {{TyTAN}: {Tiny} {Trust} {Anchor} for {Tiny} {Devices}},
  author       = {Brasser, Ferdinand and Mahjoub, Brahim El and Sadeghi, Ahmad-Reza and Wachsmann, Christian and Koeberl, Patrick},
  year         = 2015,
  booktitle    = {Proceedings of the 52nd {Design} {Automation} {Conference}},
  publisher    = {ACM},
  address      = {San Francisco, California},
  series       = {{DAC} '15},
  pages        = {34:6},
  doi          = {10.1145/2744769.2744922},
  isbn         = {978-1-4503-3520-1}
}
@article{linden_operating_1976,
  title        = {Operating System Structures to Support Security and Reliable Software},
  author       = {T. A. Linden},
  year         = 1976,
  month        = {dec},
  journal      = {ACM Comput.Surv.},
  volume       = 8,
  number       = 4,
  pages        = {409--445},
  doi          = {10.1145/356678.356682},
  isbn         = {0360-0300}
}
@article{tan_automated_2017,
  title        = {An Automated Security-Aware Approach for Design of Embedded Systems on MPSoC},
  author       = {B. Tan and M. Biglari-Abhari and Z. Salcic},
  year         = 2017,
  month        = {sep},
  journal      = {ACM Trans.Embed.Comput.Syst.},
  volume       = 16,
  number       = {5s},
  pages        = {143:20},
  doi          = {10.1145/3126553},
  isbn         = {1539-9087}
}
@inproceedings{patel_shield:_2008,
  title        = {{SHIELD}: {A} software hardware design methodology for security and reliability of {MPSoCs}},
  author       = {Patel, K. and Parameswaran, S.},
  year         = 2008,
  month        = jun,
  booktitle    = {Design {Automation} {Conference}, 2008. {DAC} 2008. 45th {ACM}/{IEEE}},
  pages        = {858--861},
  isbn         = {0738-100X}
}
@inproceedings{porquet_noc-mpu:_2011,
  title        = {{NoC}-{MPU}: {A} secure architecture for flexible co-hosting on shared memory {MPSoCs}},
  author       = {Porquet, J. and Greiner, A. and Schwarz, C.},
  year         = 2011,
  booktitle    = {Design, {Automation} \& {Test} in {Europe} {Conference} \& {Exhibition} ({DATE}), 2011},
  pages        = {1--4},
  doi          = {10.1109/DATE.2011.5763291},
  isbn         = {1530-1591}
}
@inproceedings{ladakis_you_2013,
  title        = {You {Can} {Type}, but {You} {Can}â€™t {Hide}: {A} {Stealthy} {GPU}-based {Keylogger}},
  author       = {Ladakis, Evangelos and Koromilas, Lazaros and Vasiliadis, Giorgos and Polychronakis, Michalis and Ioannidis, Sotiris},
  year         = 2013,
  month        = apr,
  booktitle    = {{EuroSec}â€™13},
  address      = {Prague, Czech Republic}
}
@techreport{altera_corporation_-540:_nodate,
  title        = {{AN}-540: {Nios} {II} {MPU} {Usage}},
  author       = {{IntelFPGA},},
  url          = {https://www.altera.com/en_US/pdfs/literature/an/an540.pdf},
  urldate      = {2018-03-29}
}
@article{fiorin_secure_2008,
  title        = {Secure {Memory} {Accesses} on {Networks}-on-{Chip}},
  author       = {Fiorin, L. and Palermo, G. and Lukovic, S. and Catalano, V. and Silvano, C.},
  year         = 2008,
  journal      = {IEEE Trans. Comput},
  volume       = 57,
  number       = 9,
  pages        = {1216--1229},
  doi          = {10.1109/TC.2008.69}
}
@article{grammatikakis_security_2015,
  title        = {Security in {MPSoCs}: {A} {NoC} {Firewall} and an {Evaluation} {Framework}},
  author       = {Grammatikakis, M. D. and Papadimitriou, K. and Petrakis, P. and Papagrigoriou, A. and Kornaros, G. and Christoforakis, I. and Tomoutzoglou, O. and Tsamis, G. and Coppola, M.},
  year         = 2015,
  journal      = {IEEE Trans. Comput.-Aided Design Integr. Circuits Syst.},
  volume       = 34,
  number       = 8,
  pages        = {1344--1357},
  doi          = {10.1109/TCAD.2015.2448684}
}
@inproceedings{sepulveda_security-aware_2017,
  title        = {A security-aware routing implementation for dynamic data protection in zone-based {MPSoC}},
  author       = {Sepulveda, J. and Fernandes, R. and Marcon, C. and Florez, D. and Sigl, G.},
  year         = 2017,
  month        = aug,
  booktitle    = {2017 30th {Symposium} on {Integrated} {Circuits} and {Systems} {Design} ({SBCCI})},
  pages        = {59--64}
}
@inproceedings{hu_automatic_2015,
  title        = {Automatic {ILP}-based {Firewall} {Insertion} for {Secure} {Application}-{Specific} {Networks}-on-{Chip}},
  author       = {Hu, Y. and Mï¿½ller-Gritschneder, D. and Sepulveda, M. J. and Gogniat, G. and Schlichtmann, U.},
  year         = 2015,
  month        = jan,
  booktitle    = {2015 {Ninth} {International} {Workshop} on {Interconnection} {Network} {Architectures}: {On}-{Chip}, {Multi}-{Chip}},
  pages        = {9--12},
  doi          = {10.1109/INA-OCMC.2015.9}
}
@article{wang_service-oriented_2017,
  title        = {Service-{Oriented} {Architecture} on {FPGA}-{Based} {MPSoC}},
  author       = {Wang, C. and Li, X. and Chen, Y. and Zhang, Y. and Diessel, O. and Zhou, X.},
  year         = 2017,
  month        = oct,
  journal      = {IEEE Trans. Parallel Distrib. Syst.},
  volume       = 28,
  number       = 10,
  pages        = {2993--3006},
  doi          = {10.1109/TPDS.2017.2701828}
}
@article{tan_towards_2017,
  title        = {Towards decentralized system-level security for {MPSoC}-based embedded applications},
  author       = {Tan, Benjamin and Biglari-Abhari, Morteza and Salcic, Zoran},
  year         = 2017,
  month        = oct,
  journal      = {Journal of Systems Architecture},
  volume       = 80,
  pages        = {41--55},
  doi          = {10.1016/j.sysarc.2017.09.001},
  issn         = {1383-7621},
  copyright    = {All rights reserved},
}
@article{olson_security_2016,
  title        = {Security {Implications} of {Third}-{Party} {Accelerators}},
  author       = {Olson, L. E. and Sethumadhavan, S. and Hill, M. D.},
  year         = 2016,
  month        = jan,
  journal      = {IEEE Comput. Archit. Lett.},
  volume       = 15,
  number       = 1,
  pages        = {50--53},
  doi          = {10.1109/LCA.2015.2445337},
  issn         = {1556-6056},
}
@misc{noauthor_broadpwn:_nodate,
  title        = {Broadpwn: {Remotely} {Compromising} {Android} and {iOS} via a {Bug} in {Broadcom}â€™s {Wi}-{Fi} {Chipsets}},
  author       = {, Exodus Intelligence},
  url          = {https://blog.exodusintel.com/2017/07/26/broadpwn/},
  urldate      = {2018-08-27}
}
@article{li_using_2017,
  title        = {Using design space exploration for finding schedules with guaranteed reaction times of synchronous programs on multi-core architecture},
  author       = {Li, Zhenmin and Park, Heejong and Malik, Avinash and Wang, Kevin I-Kai and Salcic, Zoran and Kuzmin, Boris and GlaÃŸ, Michael and Teich, JÃ¼rgen},
  year         = 2017,
  month        = mar,
  journal      = {Journal of Systems Architecture},
  volume       = 74,
  pages        = {30--45},
  doi          = {10.1016/j.sysarc.2016.12.003},
  issn         = 13837621,
  urldate      = {2018-08-27},
  language     = {en}
}
@article{salcic_noc-hmp:_2017,
  title        = {Noc-{HMP}: {A} {Heterogeneous} {Multicore} {Processor} for {Embedded} {Systems} {Designed} in {SystemJ}},
  shorttitle   = {Noc-{HMP}},
  author       = {Salcic, Zoran and Park, Heejong and Teich, JÃ¼rgen and Malik, Avinash and Nadeem, Muhammad},
  year         = 2017,
  month        = jun,
  journal      = {ACM Trans. Des. Autom. Electron. Syst.},
  volume       = 22,
  number       = 4,
  pages        = {73:1--73:25},
  doi          = {10.1145/3073416},
  issn         = {1084-4309},
  urldate      = {2018-09-02},
}
@incollection{lemay_network--chip_2015,
  title        = {Network-on-{Chip} {Firewall}: {Countering} {Defective} and {Malicious} {System}-on-{Chip} {Hardware}},
  shorttitle   = {Network-on-{Chip} {Firewall}},
  author       = {LeMay, Michael and Gunter, Carl A.},
  year         = 2015,
  booktitle    = {Logic, {Rewriting}, and {Concurrency}: {Essays} {Dedicated} to {JosÃ©} {Meseguer} on the {Occasion} of {His} 65th {Birthday}},
  publisher    = {Springer International Publishing},
  address      = {Cham},
  series       = {Lecture {Notes} in {Computer} {Science}},
  pages        = {404--426},
  doi          = {10.1007/978-3-319-23165-5_19},
  isbn         = {978-3-319-23165-5},
  urldate      = {2018-09-06},
  language     = {en},
  editor       = {MartÃ­-Oliet, Narciso and Ã–lveczky, Peter Csaba and Talcott, Carolyn},
}
@article{rajendran_building_2016,
  title        = {Building {Trustworthy} {Systems} {Using} {Untrusted} {Components}: {A} {High}-{Level} {Synthesis} {Approach}},
  shorttitle   = {Building {Trustworthy} {Systems} {Using} {Untrusted} {Components}},
  author       = {Rajendran, J. J. and Sinanoglu, O. and Karri, R.},
  year         = 2016,
  month        = sep,
  journal      = {IEEE Trans. Very Large Scale Integr. (VLSI) Syst},
  volume       = 24,
  number       = 9,
  pages        = {2946--2959},
  doi          = {10.1109/TVLSI.2016.2530092},
  issn         = {1063-8210},
}
@inproceedings{kocher_security_2004,
  title        = {Security {As} a {New} {Dimension} in {Embedded} {System} {Design}},
  author       = {Kocher, Paul and Lee, Ruby and McGraw, Gary and Raghunathan, Anand},
  year         = 2004,
  booktitle    = {Proceedings of the 41st {Annual} {Design} {Automation} {Conference}},
  publisher    = {ACM},
  address      = {New York, NY, USA},
  series       = {{DAC} '04},
  pages        = {753--760},
  doi          = {10.1145/996566.996771},
  isbn         = {978-1-58113-828-3},
  urldate      = {2018-08-09}
}
@inproceedings{sepulveda_reconfigurable_2015,
  title        = {Reconfigurable security architecture for disrupted protection zones in {NoC}-based {MPSoCs}},
  author       = {SepÃºlveda, J. and FlÃ³rez, D. and Gogniat, G.},
  year         = 2015,
  month        = jun,
  booktitle    = {2015 10th {International} {Symposium} on {Reconfigurable} {Communication}-centric {Systems}-on-{Chip} ({ReCoSoC})},
  pages        = {1--8},
  doi          = {10.1109/ReCoSoC.2015.7238098},
}
@inproceedings{sepulveda_towards_2016,
  title        = {Towards risk aware {NoCs} for data protection in {MPSoCs}},
  author       = {Sepulveda, J. and Flï¿½rez, D. and Fernandes, R. and Marcon, C. and Gogniat, G. and Sigl, G.},
  year         = 2016,
  month        = jun,
  booktitle    = {2016 11th {International} {Symposium} on {Reconfigurable} {Communication}-centric {Systems}-on-{Chip} ({ReCoSoC})},
  pages        = {1--8},
  doi          = {10.1109/ReCoSoC.2016.7533898},
}

@article{dridi_design_2019,
  title        = {Design and {Multi}-{Abstraction}-{Level} {Evaluation} of a {NoC} {Router} for {Mixed}-{Criticality} {Real}-{Time} {Systems}},
  author       = {Dridi, Mourad and Rubini, StÃ©phane and Lallali, Mounir and FlÃ³rez, Martha Johanna SepÃºlveda and Singhoff, Frank and Diguet, Jean-Philippe},
  year         = 2019,
  month        = feb,
  journal      = {ACM Journal on Emerging Technologies in Computing Systems},
  volume       = 15,
  number       = 1,
  pages        = {1--37},
  doi          = {10.1145/3264818},
  issn         = 15504832,
  urldate      = {2019-06-21},
  language     = {en},
}
@inproceedings{azad_dynamic_2019,
  title        = {Dynamic and {Distributed} {Security} {Management} for {NoC} {Based} {MPSoCs}},
  author       = {Azad, Siavoosh Payandeh and Jervan, Gert and Sepulveda, Johanna},
  year         = 2019,
  booktitle    = {Computational {Science} â€“ {ICCS} 2019},
  publisher    = {Springer International Publishing},
  series       = {Lecture {Notes} in {Computer} {Science}},
  pages        = {649--662},
  isbn         = {978-3-030-22741-8},
  language     = {en},
  editor       = {Rodrigues, JoÃ£o M. F. and Cardoso, Pedro J. S. and Monteiro, JÃ¢nio and Lam, Roberto and Krzhizhanovskaya, Valeria V. and Lees, Michael H. and Dongarra, Jack J. and Sloot, Peter M.A.},
}
@inproceedings{polian_introduction_2017,
  title        = {Introduction to hardware-oriented security for {MPSoCs}},
  author       = {Polian, I. and Regazzoni, F. and Sepulveda, J.},
  year         = 2017,
  month        = sep,
  booktitle    = {2017 30th {IEEE} {International} {System}-on-{Chip} {Conference} ({SOCC})},
  pages        = {102--107},
  doi          = {10.1109/SOCC.2017.8226017},
}
@article{sepulveda_efficient_2017,
  title        = {Efficient security zones implementation through hierarchical group key management at {NoC}-based {MPSoCs}},
  author       = {Sepulveda, Johanna and FlÃ³rez, Daniel and Immler, Vincent and Gogniat, Guy and Sigl, Georg},
  year         = 2017,
  month        = may,
  journal      = {Microprocessors and Microsystems},
  volume       = 50,
  pages        = {164--174},
  doi          = {10.1016/j.micpro.2017.03.002},
  issn         = {0141-9331},
  urldate      = {2019-06-21},
}
@inproceedings{siddiqui_pro-active_2018,
  title        = {Pro-{Active} {Policing} and {Policy} {Enforcement} {Architecture} for {Securing} {MPSoCs}},
  author       = {Siddiqui, F. and Hagan, M. and Sezer, S.},
  year         = 2018,
  month        = sep,
  booktitle    = {2018 31st {IEEE} {International} {System}-on-{Chip} {Conference} ({SOCC})},
  pages        = {140--145},
  doi          = {10.1109/SOCC.2018.8618531}
}
@inproceedings{hagan_enforcing_2018,
  title        = {Enforcing {Policy}-{Based} {Security} {Models} for {Embedded} {SoCs} within the {Internet} of {Things}},
  author       = {Hagan, M. and Siddiqui, F. and Sezer, S. and Kang, B. and McLaughlin, K.},
  year         = 2018,
  month        = dec,
  booktitle    = {2018 {IEEE} {Conference} on {Dependable} and {Secure} {Computing} ({DSC})},
  pages        = {1--8},
  doi          = {10.1109/DESEC.2018.8625140}
}
@inproceedings{hagan_policy-based_2018,
  title        = {Policy-{Based} {Security} {Modelling} and {Enforcement} {Approach} for {Emerging} {Embedded} {Architectures}},
  author       = {Hagan, M. and Siddiqui, F. and Sezer, S.},
  year         = 2018,
  month        = sep,
  booktitle    = {2018 31st {IEEE} {International} {System}-on-{Chip} {Conference} ({SOCC})},
  pages        = {84--89},
  doi          = {10.1109/SOCC.2018.8618544}
}
@misc{festo_mps_nodate,
  title        = {{System description} - {MPS}{\textregistered} {The Modular Production System} - {Learning Systems} - {Festo Didactic}},
  author       = {{Festo}},
  url          = {https://www.festo-didactic.com/int-en/learning-systems/mps-the-modular-production-system/system-description/},
  urldate      = {2019-06-27},
  accessed     = {2019-06-27}
}
@article{malik_systemj:_2010,
  title        = {{SystemJ}: {A} {GALS} language for system level design},
  shorttitle   = {{SystemJ}},
  author       = {Malik, Avinash and Salcic, Zoran and Roop, Partha S. and Girault, Alain},
  year         = 2010,
  month        = dec,
  journal      = {Computer Languages, Systems \& Structures},
  volume       = 36,
  number       = 4,
  pages        = {317--344},
  doi          = {10.1016/j.cl.2010.01.001},
  issn         = {1477-8424},
  urldate      = {2019-06-27},
}
@inproceedings{koeberl_trustlite:_2014,
  title        = {{TrustLite}: {A} {Security} {Architecture} for {Tiny} {Embedded} {Devices}},
  author       = {Koeberl, Patrick and Schulz, Steffen and Sadeghi, Ahmad-Reza and Varadharajan, Vijay},
  year         = 2014,
  booktitle    = {Proceedings of the {Ninth} {European} {Conference} on {Computer} {Systems}},
  publisher    = {ACM},
  address      = {Amsterdam, The Netherlands},
  series       = {{EuroSys} '14},
  pages        = {10:14},
  doi          = {10.1145/2592798.2592824},
  isbn         = {978-1-4503-2704-6}
}
@article{li_asset-based_2018,
  title        = {Asset-{Based} {Dynamic} {Impact} {Assessment} of {Cyberattacks} for {Risk} {Analysis} in {Industrial} {Control} {Systems}},
  author       = {Li, X. and Zhou, C. and Tian, Y. and Xiong, N. and Qin, Y.},
  year         = 2018,
  month        = feb,
  journal      = {IEEE Trans. Ind. Informat},
  volume       = 14,
  number       = 2,
  pages        = {608--618},
  doi          = {10.1109/TII.2017.2740571},
  issn         = {1551-3203}
}
@article{liu_taxonomy_2018,
  title        = {A {Taxonomy} for the {Security} {Assessment} of {IP}-{Based} {Building} {Automation} {Systems}: {The} {Case} of {Thread}},
  shorttitle   = {A {Taxonomy} for the {Security} {Assessment} of {IP}-{Based} {Building} {Automation} {Systems}},
  author       = {Liu, Y. and Pang, Z. and DÃ¡n, G. and Lan, D. and Gong, S.},
  year         = 2018,
  month        = sep,
  journal      = {IEEE Trans. Ind. Informat},
  volume       = 14,
  number       = 9,
  pages        = {4113--4123},
  doi          = {10.1109/TII.2018.2844955},
  issn         = {1551-3203}
}
@misc{costan_intel_2016,
  title        = {{Intel SGX Explained}},
  author       = {Victor Costan and Srinivas Devadas},
  year         = 2016,
  note         = {\url{https://eprint.iacr.org/2016/086}},
  howpublished = {Cryptology ePrint Archive, Report 2016/086}
}
@article{cheminod_performance_2018,
  title        = {Performance {Evaluation} and {Modeling} of an {Industrial} {Application}-{Layer} {Firewall}},
  author       = {Cheminod, M. and Durante, L. and Seno, L. and Valenzano, A.},
  year         = 2018,
  month        = may,
  journal      = {IEEE Trans. Ind. Informat},
  volume       = 14,
  number       = 5,
  pages        = {2159--2170},
  doi          = {10.1109/TII.2018.2802903},
  issn         = {1551-3203}
}
@article{mouratidis_security_2018,
  title        = {A {Security} {Analysis} {Method} for {Industrial} {Internet} of {Things}},
  author       = {Mouratidis, H. and Diamantopoulou, V.},
  year         = 2018,
  month        = sep,
  journal      = {IEEE Trans. Ind. Informat},
  volume       = 14,
  number       = 9,
  pages        = {4093--4100},
  doi          = {10.1109/TII.2018.2832853},
  issn         = {1551-3203}
}
@incollection{spathoulas_towards_2019,
  title        = {Towards a {Secure} {Industrial} {Internet} of {Things}},
  author       = {Spathoulas, Georgios and Katsikas, Sokratis},
  year         = 2019,
  booktitle    = {Security and {Privacy} {Trends} in the {Industrial} {Internet} of {Things}},
  publisher    = {Springer International Publishing},
  address      = {Cham},
  series       = {Advanced {Sciences} and {Technologies} for {Security} {Applications}},
  pages        = {29--45},
  doi          = {10.1007/978-3-030-12330-7_2},
  isbn         = {978-3-030-12330-7},
  urldate      = {2019-06-29},
  language     = {en},
  editor       = {Alcaraz, Cristina},
}
@article{hardy_confused_1988,
  title        = {The {Confused} {Deputy}: (or {Why} {Capabilities} {Might} {Have} {Been} {Invented})},
  shorttitle   = {The {Confused} {Deputy}},
  author       = {Hardy, Norm},
  year         = 1988,
  month        = oct,
  journal      = {SIGOPS Oper. Syst. Rev.},
  volume       = 22,
  number       = 4,
  pages        = {36--38},
  issn         = {0163-5980},
  urldate      = {2018-03-25}
}
@article{tsoutsos_anatomy_2018,
  title        = {Anatomy of {Memory} {Corruption} {Attacks} and {Mitigations} in {Embedded} {Systems}},
  author       = {Tsoutsos, N. G. and Maniatakos, M.},
  year         = 2018,
  month        = sep,
  journal      = {IEEE Embedded Syst. Lett.},
  volume       = 10,
  number       = 3,
  pages        = {95--98},
  doi          = {10.1109/LES.2018.2829777},
  issn         = {1943-0663}
}
@article{vincent_wang_interoperable_2013,
  title        = {An interoperable solution for {Cloud} manufacturing},
  author       = {Vincent Wang, Xi and Xu, Xun W.},
  year         = 2013,
  month        = aug,
  journal      = {Robotics and Computer-Integrated Manufacturing},
  volume       = 29,
  number       = 4,
  pages        = {232--247},
  doi          = {10.1016/j.rcim.2013.01.005},
  issn         = {0736-5845},
  urldate      = {2019-06-27},
}
@inproceedings{siddiqui_embedded_2018,
  title        = {Embedded policing and policy enforcement approach for future secure {IoT} technologies},
  author       = {Siddiqui, F. and Hagan, M. and Sezer, S.},
  year         = 2018,
  month        = mar,
  booktitle    = {Living in the {Internet} of {Things}: {Cybersecurity} of the {IoT} - 2018},
  pages        = {1--10},
  doi          = {10.1049/cp.2018.0010}
}
@article{cotret_protection_2016,
  title        = {Protection of heterogeneous architectures on {FPGAs}: {An} approach based on hardware firewalls},
  shorttitle   = {Protection of heterogeneous architectures on {FPGAs}},
  author       = {Cotret, Pascal and Gogniat, Guy and SepÃºlveda FlÃ³rez, Martha Johanna},
  year         = 2016,
  month        = may,
  journal      = {Microprocessors and Microsystems},
  volume       = 42,
  pages        = {127--141},
  doi          = {10.1016/j.micpro.2016.01.013},
  issn         = {0141-9331},
  urldate      = {2019-06-27}
}
@inproceedings{payandeh_azad_caesar-mpsoc:_2019,
  title        = {{CAESAR}-{MPSoC}: {Dynamic} and {Efficient} {MPSoC} {Security} {Zones}},
  shorttitle   = {{CAESAR}-{MPSoC}},
  author       = {Payandeh Azad, Siavoosh and Tempelmeier, Michael and Jervan, Gert and SepÃºlveda, Johanna},
  year         = 2019,
  month        = jul,
  booktitle    = {2019 {IEEE} {Computer} {Society} {Annual} {Symposium} on {VLSI} ({ISVLSI})},
  pages        = {477--482},
  doi          = {10.1109/ISVLSI.2019.00092},
}
@article{lu_data-driven_2019,
  title        = {Data-driven {Anomaly} {Detection} with {Timing} {Features} for {Embedded} {Systems}},
  author       = {Lu, Sixing and Lysecky, Roman},
  year         = 2019,
  month        = apr,
  journal      = {ACM Transactions on Design Automation of Electronic Systems},
  volume       = 24,
  number       = 3,
  pages        = {1--27},
  doi          = {10.1145/3279949},
  issn         = 10844309,
  url          = {http://dl.acm.org/citation.cfm?doid=3319359.3279949},
  urldate      = {2019-12-12},
  language     = {en}
}
@article{sensaoui_-depth_2019,
  title        = {An {In}-depth {Study} of {MPU}-{Based} {Isolation} {Techniques}},
  author       = {Sensaoui, Abderrahmane and Aktouf, Oum-El-Kheir and Hely, David and Di Vito, Stephane},
  year         = 2019,
  month        = dec,
  journal      = {Journal of Hardware and Systems Security},
  volume       = 3,
  number       = 4,
  pages        = {365--381},
  doi          = {10.1007/s41635-019-00078-6},
  issn         = {2509-3436},
  url          = {https://doi.org/10.1007/s41635-019-00078-6},
  urldate      = {2019-12-12},
  language     = {en}
}
@inproceedings{farzana_saif_2021,
  title        = {{SAIF}: {Automated} {Asset} {Identification} for {Security} {Verification} at the {Register} {Transfer} {Level}},
  shorttitle   = {{SAIF}},
  author       = {Farzana, Nusrat and Ayalasomayajula, Avinash and Rahman, Fahim and Farahmandi, Farimah and Tehranipoor, Mark},
  year         = 2021,
  month        = apr,
  booktitle    = {2021 {IEEE} 39th {VLSI} {Test} {Symp.} ({VTS})},
  publisher    = {IEEE},
  address      = {San Diego, CA, USA},
  pages        = {1--7},
  doi          = {10.1109/VTS50974.2021.9441039},
  isbn         = {978-1-66541-949-9},
}
@article{meza_security_2023,
  title        = {Security {Verification} of the {OpenTitan} {Hardware} {Root} of {Trust}},
  author       = {Meza, Andres and Restuccia, Francesco and Oberg, Jason and Rizzo, Dominic and Kastner, Ryan},
  year         = 2023,
  month        = may,
  journal      = IEEE_M_SAP,
  volume       = 21,
  number       = 3,
  pages        = {27--36},
  doi          = {10.1109/MSEC.2023.3251954},
  issn         = {1540-7993, 1558-4046},
}
@inproceedings{li_sapper:_2014,
  title        = {{Sapper: a language for hardware-level security policy enforcement}},
  author       = {Li, Xun and Kashyap, Vineeth and Oberg, Jason K. and Tiwari, Mohit and Rajarathinam, Vasanth Ram and Kastner, Ryan and Sherwood, Timothy and Hardekopf, Ben and Chong, Frederic T.},
  year         = 2014,
  booktitle    = {Proc. {Int.} {Conf.} {Architectural} {Support} {Programming} {Languages} and {Operating} {Systems} - {ASPLOS} '14},
  address      = {Salt Lake City, Utah, USA},
  pages        = {97--112},
  doi          = {10.1145/2541940.2541947},
  isbn         = {978-1-4503-2305-5},
  url          = {http://dl.acm.org/citation.cfm?doid=2541940.2541947},
  urldate      = {2019-12-20},
  language     = {en}
}
@misc{mitreCommonWeakness,
  title        = {{C}{W}{E} - {C}ommon {W}eakness {E}numeration --- cwe.mitre.org},
  note         = {[Accessed 02-04-2024]},
  howpublished = {\url{https://cwe.mitre.org/index.html}}
}
@misc{accellera,
  title        = {accellera.org},
  note         = {[Accessed 02-04-2024]},
  howpublished = {\url{https://www.accellera.org/images/downloads/standards/Accellera_SA-EDI_Standard_v10.pdf}}
}
@inproceedings{10140100,
  title        = {{Special Session: CAD for Hardware Security - Promising Directions for Automation of Security Assurance}},
  author       = {Aftabjahani, Sohrab and Tehranipoor, Mark and Farahmandi, Farimah and Ahmed, Bulbul and Kastner, Ryan and Restuccia, Francesco and Meza, Andres and Ryan, Kaki and Fern, Nicole and van Woudenberg, Jasper and Velegalati, Rajesh and Breunesse, Cees-Bart and Sturton, Cynthia and Deutschbein, Calvin},
  year         = 2023,
  booktitle    = {2023 IEEE 41st VLSI Test Symp. (VTS)},
  pages        = {1--10},
  doi          = {10.1109/VTS56346.2023.10140100},
}
@article{holdings2009arm,
  title        = {ARM security technology: Building a secure system using trustzone technology},
  author       = {{Arm}},
  year         = 2009,
  journal      = {Retrieved on June},
  volume       = 10,
  pages        = 2021
}
@inbook{Farahmandi2020,
  title        = {SoC Security Verification Using Property Checking},
  author       = {Farahmandi, Farimah and Huang, Yuanwen and Mishra, Prabhat},
  year         = 2020,
  booktitle    = {System-on-Chip Security: Validation and Verification},
  publisher    = {Springer International Publishing},
  address      = {Cham},
  pages        = {137--152},
  doi          = {10.1007/978-3-030-30596-3_7},
  isbn         = {978-3-030-30596-3},
  url          = {https://doi.org/10.1007/978-3-030-30596-3_7},
}
@inproceedings{Ahmad_2022,
  title        = {{Don't CWEAT It: Toward CWE Analysis Techniques in Early Stages of Hardware Design}},
  author       = {Ahmad, Baleegh and Liu, Wei-Kai and Collini, Luca and Pearce, Hammond and Fung, Jason M. and Valamehr, Jonathan and Bidmeshki, Mohammad and Sapiecha, Piotr and Brown, Steve and Chakrabarty, Krishnendu and Karri, Ramesh and Tan, Benjamin},
  year         = 2022,
  month        = oct,
  booktitle    = {Proc. 41st IEEE/ACM Int. Conf. Computer-Aided Design},
  publisher    = {ACM},
  doi          = {10.1145/3508352.3549369},
}
@inproceedings{basak_flexible_2015,
  title        = {{A flexible architecture for systematic implementation of {SoC} security policies}},
  author       = {Basak, Abhishek and Bhunia, Swarup and Ray, Sandip},
  year         = 2015,
  month        = nov,
  booktitle    = {2015 {IEEE}/{ACM} {International} {Conference} on {Computer}-{Aided} {Design} ({ICCAD})},
  pages        = {536--543},
  doi          = {10.1109/ICCAD.2015.7372616}
}
@article{dessouky_when_2018,
  title        = {When a {Patch} is {Not} {Enough} - {HardFails}: {Software}-{Exploitable} {Hardware} {Bugs}},
  shorttitle   = {When a {Patch} is {Not} {Enough} - {HardFails}},
  author       = {Dessouky, Ghada and Gens, David and Haney, Patrick and Persyn, Garrett and Kanuparthi, Arun and Khattri, Hareesh and Fung, Jason M. and Sadeghi, Ahmad-Reza and Rajendran, Jeyavijayan},
  year         = 2018,
  month        = dec,
  journal      = {arXiv:1812.00197 [cs]},
  url          = {http://arxiv.org/abs/1812.00197},
  urldate      = {2019-06-29},
  note         = {arXiv: 1812.00197},
}
@patent{hars_secure_2006,
  title        = {Secure firmware update procedure for programmable security devices},
  author       = {Hars, Laszlo},
  year         = 2006,
  month        = jan,
  number       = {US20060005046A1},
  url          = {https://patents.google.com/patent/US20060005046A1/en},
  urldate      = {2019-06-29},
  nationality  = {US},
  assignee     = {Seagate Technology LLC},
}
@inproceedings{sadasivam_efficient_2018,
  title        = {Efficient {Reinforcement} {Learning} for {Automating} {Human} {Decision}-making in {SoC} {Design}},
  author       = {Sadasivam, Shankar and Chen, Zhuo and Lee, Jinwon and Jain, Rajeev},
  year         = 2018,
  booktitle    = {Proceedings of the 55th {Annual} {Design} {Automation} {Conference}},
  publisher    = {ACM},
  address      = {New York, NY, USA},
  series       = {{DAC} '18},
  pages        = {37:1--37:6},
  doi          = {10.1145/3195970.3199855},
  isbn         = {978-1-4503-5700-5},
  url          = {http://doi.acm.org/10.1145/3195970.3199855},
  urldate      = {2019-06-29},
}
@techreport{regenscheid_platform_2018,
  title        = {Platform firmware resiliency guidelines},
  author       = {Regenscheid, Andrew},
  year         = 2018,
  month        = may,
  address      = {Gaithersburg, MD},
  number       = {NIST SP 800-193},
  pages        = {NIST SP 800--193},
  doi          = {10.6028/NIST.SP.800-193},
  url          = {http://nvlpubs.nist.gov/nistpubs/SpecialPublications/NIST.SP.800-193.pdf},
  urldate      = {2019-06-29},
  language     = {en},
  institution  = {National Institute of Standards and Technology}
}
@misc{noauthor_hacking_nodate,
  title        = {Hacking {Hardware} {Security} {Modules} - {Schneier} on {Security}},
  url          = {https://www.schneier.com/blog/archives/2019/06/hacking_hardwar.html},
  urldate      = {2019-06-29}
}
@inproceedings{han_hardware_2019,
  title        = {Hardware {Trojans} {Detection} at {Register} {Transfer} {Level} {Based} on {Machine} {Learning}},
  author       = {Han, T. and Wang, Y. and Liu, P.},
  year         = 2019,
  month        = may,
  booktitle    = {2019 {IEEE} {International} {Symposium} on {Circuits} and {Systems} ({ISCAS})},
  pages        = {1--5},
  doi          = {10.1109/ISCAS.2019.8702479},
}
@inproceedings{torres_detecting_2019,
  title        = {Detecting {Non}-{Control}-{Flow} {Hijacking} {Attacks} {Using} {Contextual} {Execution} {Information}},
  author       = {Torres, Gildo and Yang, Zhiliu and Blasingame, Zander and Bruska, James and Liu, Chen},
  year         = 2019,
  booktitle    = {Proceedings of the 8th {International} {Workshop} on {Hardware} and {Architectural} {Support} for {Security} and {Privacy}},
  publisher    = {ACM},
  address      = {New York, NY, USA},
  series       = {{HASP} '19},
  pages        = {1:1--1:8},
  doi          = {10.1145/3337167.3337168},
  isbn         = {978-1-4503-7226-8},
  url          = {http://doi.acm.org/10.1145/3337167.3337168},
  urldate      = {2019-06-29},
}
@inproceedings{cui_when_2013,
  title        = {When {Firmware} {Modifications} {Attack}: {A} {Case} {Study} of {Embedded} {Exploitation}},
  author       = {Cui, Ang and Costello, Michael and Stolfo, Salvatore J},
  year         = 2013,
  address      = {San Diego, CA},
  pages        = 13,
  language     = {en}
}
@inproceedings{liu_automated_2018,
  title        = {Automated {Vulnerability} {Detection} in {Embedded} {Devices}},
  author       = {Liu, Danjun and Tang, Yong and Wang, Baosheng and Xie, Wei and Yu, Bo},
  year         = 2018,
  booktitle    = {Advances in {Digital} {Forensics} {XIV}},
  publisher    = {Springer International Publishing},
  series       = {{IFIP} {Advances} in {Information} and {Communication} {Technology}},
  pages        = {313--329},
  isbn         = {978-3-319-99277-8},
  language     = {en},
  editor       = {Peterson, Gilbert and Shenoi, Sujeet},
}
@inproceedings{yang_detecting_2018,
  title        = {Detecting {Payload} {Attacks} on {Programmable} {Logic} {Controllers} ({PLCs})},
  author       = {Yang, H. and Cheng, L. and Chuah, M. C.},
  year         = 2018,
  month        = may,
  booktitle    = {2018 {IEEE} {Conference} on {Communications} and {Network} {Security} ({CNS})},
  pages        = {1--9},
  doi          = {10.1109/CNS.2018.8433146}
}
@article{wang_malicious_2016,
  title        = {Malicious {Firmware} {Detection} with {Hardware} {Performance} {Counters}},
  author       = {Wang, X. and Konstantinou, C. and Maniatakos, M. and Karri, R. and Lee, S. and Robison, P. and Stergiou, P. and Kim, S.},
  year         = 2016,
  month        = jul,
  journal      = {IEEE Transactions on Multi-Scale Computing Systems},
  volume       = 2,
  number       = 3,
  pages        = {160--173},
  doi          = {10.1109/TMSCS.2016.2569467},
  issn         = {2332-7766}
}
@article{chen_framework_2016,
  title        = {A {Framework} for {Practical} {Dynamic} {Software} {Updating}},
  author       = {Chen, G. and Jin, H. and Zou, D. and Liang, Z. and Zhou, B. B. and Wang, H.},
  year         = 2016,
  month        = apr,
  journal      = {IEEE Transactions on Parallel and Distributed Systems},
  volume       = 27,
  number       = 4,
  pages        = {941--950},
  doi          = {10.1109/TPDS.2015.2430854},
  issn         = {1045-9219}
}
@article{hu_automatically_2019,
  title        = {Automatically {Patching} {Vulnerabilities} of {Binary} {Programs} via {Code} {Transfer} {From} {Correct} {Versions}},
  author       = {Hu, Y. and Zhang, Y. and Gu, D.},
  year         = 2019,
  journal      = {IEEE Access},
  volume       = 7,
  pages        = {28170--28184},
  doi          = {10.1109/ACCESS.2019.2901951},
  issn         = {2169-3536}
}
@inproceedings{keromytis_characterizing_2007,
  title        = {Characterizing {Software} {Self}-healing {Systems}},
  author       = {Keromytis, Angelos D.},
  year         = 2007,
  booktitle    = {Computer {Network} {Security}},
  publisher    = {Springer Berlin Heidelberg},
  series       = {Communications in {Computer} and {Information} {Science}},
  pages        = {22--33},
  isbn         = {978-3-540-73986-9},
  language     = {en},
  editor       = {Gorodetsky, Vladimir and Kotenko, Igor and Skormin, Victor A.}
}
@article{chen_safestack:_2013,
  title        = {{SafeStack}: {Automatically} {Patching} {Stack}-{Based} {Buffer} {Overflow} {Vulnerabilities}},
  shorttitle   = {{SafeStack}},
  author       = {Chen, G. and Jin, H. and Zou, D. and Zhou, B. B. and Liang, Z. and Zheng, W. and Shi, X.},
  year         = 2013,
  month        = nov,
  journal      = {IEEE Transactions on Dependable and Secure Computing},
  volume       = 10,
  number       = 6,
  pages        = {368--379},
  doi          = {10.1109/TDSC.2013.25},
  issn         = {1545-5971}
}
@techreport{jacob_how_2017,
  title        = {How to {Break} {Secure} {Boot} on {FPGA} {SoCs} through {Malicious} {Hardware}},
  author       = {Jacob, Nisha and Heyszl, Johann and Zankl, Andreas and Rolfes, Carsten and Sigl, Georg},
  year         = 2017,
  number       = 625,
  url          = {http://eprint.iacr.org/2017/625},
  urldate      = {2019-07-25}
}
@inproceedings{tian_defending_2015,
  title        = {Defending {Against} {Malicious} {USB} {Firmware} with {GoodUSB}},
  author       = {Tian, Dave Jing and Bates, Adam and Butler, Kevin},
  year         = 2015,
  booktitle    = {Proceedings of the 31st {Annual} {Computer} {Security} {Applications} {Conference}},
  publisher    = {ACM},
  address      = {New York, NY, USA},
  series       = {{ACSAC} 2015},
  pages        = {261--270},
  doi          = {10.1145/2818000.2818040},
  isbn         = {978-1-4503-3682-6},
  url          = {http://doi.acm.org/10.1145/2818000.2818040},
  urldate      = {2019-07-25},
}
@inproceedings{hategekimana_secure_2018,
  title        = {Secure {Hardware} {Kernels} {Execution} in {CPU}+{FPGA} {Heterogeneous} {Cloud}},
  author       = {Hategekimana, F. and Mbongue, J. Mandebi and Pantho, M. J. H. and Bobda, C.},
  year         = 2018,
  month        = dec,
  booktitle    = {2018 {International} {Conference} on {Field}-{Programmable} {Technology} ({FPT})},
  pages        = {182--189},
  doi          = {10.1109/FPT.2018.00035}
}
@inproceedings{feller_tinytpm:_2011,
  title        = {{TinyTPM}: {A} lightweight module aimed to {IP} protection and trusted embedded platforms},
  shorttitle   = {{TinyTPM}},
  author       = {Feller, T. and Malipatlolla, S. and Meister, D. and Huss, S. A.},
  year         = 2011,
  month        = jun,
  booktitle    = {2011 {IEEE} {International} {Symposium} on {Hardware}-{Oriented} {Security} and {Trust}},
  pages        = {6--11},
  doi          = {10.1109/HST.2011.5954987}
}
@inproceedings{narayanasamy_patching_2006,
  title        = {Patching {Processor} {Design} {Errors}},
  author       = {Narayanasamy, Satish and Carneal, Bruce and Calder, Brad},
  year         = 2006,
  month        = oct,
  booktitle    = {2006 {International} {Conference} on {Computer} {Design}},
  pages        = {491--498},
  doi          = {10.1109/ICCD.2006.4380861},
}
@inproceedings{sarangi_phoenix:_2006,
  title        = {Phoenix: {Detecting} and {Recovering} from {Permanent} {Processor} {Design} {Bugs} with {Programmable} {Hardware}},
  shorttitle   = {Phoenix},
  author       = {Sarangi, Smruti R. and Tiwari, Abhishek and Torrellas, Josep},
  year         = 2006,
  month        = dec,
  booktitle    = {2006 39th {Annual} {IEEE}/{ACM} {International} {Symposium} on {Microarchitecture} ({MICRO}'06)},
  pages        = {26--37},
  doi          = {10.1109/MICRO.2006.41},
}
@inproceedings{lee_low-overhead_2018,
  title        = {Low-{Overhead} {Microarchitectural} {Patching} for {Multicore} {Memory} {Subsystems}},
  author       = {Lee, Doowon and Matthews, Opeoluwa and Bertacco, Valeria},
  year         = 2018,
  booktitle    = {2018 {IEEE} 36th {International} {Conference} on {Computer} {Design} ({ICCD})},
  pages        = {17--25},
  doi          = {10.1109/ICCD.2018.00014}
}
@article{sturton_finalfilter:_2019,
  title        = {{FinalFilter}: {Asserting} {Security} {Properties} of a {Processor} at {Runtime}},
  shorttitle   = {{FinalFilter}},
  author       = {Sturton, Cynthia and Hicks, Matthew and King, Samuel T. and Smith, Jonathan M.},
  year         = 2019,
  month        = jul,
  journal      = {IEEE Micro},
  volume       = 39,
  number       = 4,
  pages        = {35--42},
  doi          = {10.1109/MM.2019.2921509},
  issn         = {1937-4143}
}
@inproceedings{zhang_identifying_2017,
  title        = {Identifying {Security} {Critical} {Properties} for the {Dynamic} {Verification} of a {Processor}},
  author       = {Zhang, Rui and Stanley, Natalie and Griggs, Christopher and Chi, Andrew and Sturton, Cynthia},
  year         = 2017,
  booktitle    = {Proceedings of the {Twenty}-{Second} {International} {Conference} on {Architectural} {Support} for {Programming} {Languages} and {Operating} {Systems} - {ASPLOS} '17},
  publisher    = {ACM Press},
  address      = {Xi'an, China},
  pages        = {541--554},
  doi          = {10.1145/3037697.3037734},
  isbn         = {978-1-4503-4465-4},
  url          = {http://dl.acm.org/citation.cfm?doid=3037697.3037734},
  urldate      = {2019-12-23},
  language     = {en}
}
@inproceedings{schmitz_towards_2018,
  title        = {Towards {Dynamic} {Execution} {Environment} for {System} {Security} {Protection} {Against} {Hardware} {Flaws}},
  author       = {Schmitz, Kenneth and Keszocze, Oliver and Schmidt, Jurij and GroBe, Daniel and Drechsler, Rolf},
  year         = 2018,
  month        = jul,
  booktitle    = {2018 {IEEE} {Computer} {Society} {Annual} {Symposium} on {VLSI} ({ISVLSI})},
  pages        = {557--562},
  doi          = {10.1109/ISVLSI.2018.00107},
}
@inproceedings{bilzor_security_2011,
  title        = {Security {Checkers}: {Detecting} processor malicious inclusions at runtime},
  shorttitle   = {Security {Checkers}},
  author       = {Bilzor, Michael and Huffmire, Ted and Irvine, Cynthia and Levin, Tim},
  year         = 2011,
  month        = jun,
  booktitle    = {2011 {IEEE} {International} {Symposium} on {Hardware}-{Oriented} {Security} and {Trust}},
  pages        = {34--39},
  doi          = {10.1109/HST.2011.5954992},
}
@misc{pulp-platform,
  title        = {{pulp-platform GitHub repositories}},
  note         = {{Available: \url{https://github.com/pulp-platform/}}}
}
@techreport{iso_tpm,
  title        = {{Information technology â€” Trusted platform module library â€” Part 1: Architecture}},
  author       = {{ISO/IEC JTC 1}},
  year         = 2015,
  month        = aug,
  type         = {Standard ISO/IEC 11889-1:2015(E)},
  key          = {ISO/IEC 11889-1:2015},
  institution  = {ISO}
}
@article{xiao_hardware_2016,
  title        = {Hardware Trojans: Lessons Learned after One Decade of Research},
  author       = {Xiao, K. and Forte, D. and Jin, Y. and Karri, R. and Bhunia, S. and Tehranipoor, M.},
  year         = 2016,
  month        = may,
  journal      = {ACM Trans. Des. Autom. Electron. Syst.},
  publisher    = {Association for Computing Machinery},
  address      = {New York, NY, USA},
  volume       = 22,
  number       = 1,
  doi          = {10.1145/2906147},
  issn         = {1084-4309},
  url          = {https://doi.org/10.1145/2906147},
  issue_date   = {December 2016},
  articleno    = {Article 6},
  numpages     = 23
}
@inproceedings{hicks_specs_2015,
  title        = {{SPECS}: {A} {Lightweight} {Runtime} {Mechanism} for {Protecting} {Software} from {Security}-{Critical} {Processor} {Bugs}},
  shorttitle   = {{SPECS}},
  author       = {Hicks, Matthew and Sturton, Cynthia and King, Samuel T. and Smith, Jonathan M.},
  year         = 2015,
  booktitle    = {Proceedings of the {Twentieth} {International} {Conference} on {Architectural} {Support} for {Programming} {Languages} and {Operating} {Systems} - {ASPLOS} '15},
  publisher    = {ACM Press},
  address      = {Istanbul, Turkey},
  pages        = {517--529},
  doi          = {10.1145/2694344.2694366},
  isbn         = {978-1-4503-2835-7},
  url          = {http://dl.acm.org/citation.cfm?doid=2694344.2694366},
  urldate      = {2020-01-17},
  language     = {en}
}
@inproceedings{yang_secure_2005,
  title        = {Secure scan: a design-for-test architecture for crypto chips},
  shorttitle   = {Secure scan},
  author       = {Yang, Bo and Wu, Kaijie and Karri, Ramesh},
  year         = 2005,
  booktitle    = {Proceedings of the 42nd annual conference on {Design} automation  - {DAC} '05},
  publisher    = {ACM Press},
  address      = {San Diego, California, USA},
  pages        = 135,
  doi          = {10.1145/1065579.1065617},
  isbn         = {978-1-59593-058-3},
  url          = {http://portal.acm.org/citation.cfm?doid=1065579.1065617},
  urldate      = {2020-01-18},
  language     = {en}
}
@inproceedings{portillo_using_2018,
  title        = {Using {Static} {Hardware} {Wrappers} to {Thwart} {Hardware} {Trojans} and {Code} {Bugs} at {Runtime}},
  author       = {Portillo, Juan and John, Eugene},
  year         = 2018,
  month        = aug,
  booktitle    = {2018 {IEEE} 61st {International} {Midwest} {Symposium} on {Circuits} and {Systems} ({MWSCAS})},
  pages        = {1034--1037},
  doi          = {10.1109/MWSCAS.2018.8624091},
}
@inproceedings{koppe2017reverse,
  title        = {Reverse engineering x86 processor microcode},
  author       = {Koppe, Philipp and Kollenda, Benjamin and Fyrbiak, Marc and Kison, Christian and Gawlik, Robert and Paar, Christof and Holz, Thorsten},
  year         = 2017,
  booktitle    = {26th {USENIX} Security Symposium ({USENIX} Security '17)},
  pages        = {1163--1180}
}
@inproceedings{austin1999diva,
  title        = {DIVA: A reliable substrate for deep submicron microarchitecture design},
  author       = {Austin, Todd M},
  year         = 1999,
  booktitle    = {MICRO-32. Proceedings of the 32nd Annual ACM/IEEE International Symposium on Microarchitecture},
  pages        = {196--207},
  organization = {IEEE}
}
@inproceedings{constantinides2008online,
  title        = {Online design bug detection: RTL analysis, flexible mechanisms, and evaluation},
  author       = {Constantinides, Kypros and Mutlu, Onur and Austin, Todd},
  year         = 2008,
  booktitle    = {2008 41st IEEE/ACM International Symposium on Microarchitecture},
  pages        = {282--293},
  organization = {IEEE}
}
@article{leucker_brief_2009,
  title        = {A brief account of runtime verification},
  author       = {Leucker, Martin and Schallhart, Christian},
  year         = 2009,
  month        = may,
  journal      = {The Journal of Logic and Algebraic Programming},
  series       = {The 1st {Workshop} on {Formal} {Languages} and {Analysis} of {Contract}-{Oriented} {Software} ({FLACOS}â€™07)},
  volume       = 78,
  number       = 5,
  pages        = {293--303},
  doi          = {10.1016/j.jlap.2008.08.004},
  issn         = {1567-8326},
  url          = {http://www.sciencedirect.com/science/article/pii/S1567832608000775},
  urldate      = {2020-01-30},
  language     = {en},
}
@inproceedings{basak2016exploiting,
  title        = {Exploiting design-for-debug for flexible SoC security architecture},
  author       = {Basak, Abhishek and Bhunia, Swarup and Ray, Sandip},
  year         = 2016,
  booktitle    = {2016 53nd ACM/EDAC/IEEE Design Automation Conference (DAC)},
  pages        = {1--6},
  organization = {IEEE}
}
