@inproceedings{sim2022data,
  title={Data Valuation in Machine Learning: ``Ingredients'', Strategies, and Open Challenges},
  author={Sim, Rachael Hwee Ling and Xu, Xinyi and Low, Bryan Kian Hsiang},
  booktitle={Proceedings of the 31st International Joint Conference on Artificial Intelligence (IJCAI)},
  publisher = {International Joint Conferences on Artificial Intelligence Organization},
  pages={5607--5614},
  year={2022},
  address={Vienna, Austria}
}

%Data Shapley
@Inproceedings{ghorbani2019data,
   title={Data {Shapley}: Equitable Valuation of Data for Machine Learning},
   author={Ghorbani, Amirata and Zou, James},
   booktitle={Proceedings of the 36th International Conference on Machine Learning (ICML)},
   pages={2242--2251},
   year={2019},
   publisher={PMLR},
   address={CA, USA }
}

% Approximate Shapley
@Inproceedings{jia2019towards,
   title={Towards efficient data valuation based on the Shapley value},
  author={Jia, Ruoxi and Dao, David and Wang, Boxin and Hubis, Frances Ann and Hynes, Nick and G{\"u}rel, Nezihe Merve and Li, Bo and Zhang, Ce and Song, Dawn and Spanos, Costas J},
  booktitle={Proceedings of the 22nd International Conference on Artificial Intelligence and Statistics (AISTATS)},
  pages={1167--1176},
  year={2019},
  publisher={PMLR},
  address={Okinawa, Japan}
}

@inproceedings{sim2020cml,
  title={Collaborative machine learning with incentive-aware model rewards},
  author={Sim, Rachael Hwee Ling and Zhang, Yehong and Chan, Mun Choon and Low, Bryan Kian Hsiang},
  booktitle={Proceedings of the 37th International Conference on Machine Learning (ICML)},
  pages={8927--8936},
  year={2020},
  publisher={PMLR},
  address={Vienna, Austria}
}

@inproceedings{Kwon2021betashapley,
  title={Beta Shapley: a Unified and Noise-reduced Data Valuation Framework for Machine Learning},
  author={Kwon, Yongchan and Zou, James},
  booktitle={Proceedings of the 25th International Conference on Artificial Intelligence and Statistics (AISTATS)},
  pages={8780--8802},
  year={2022},
  publisher={PMLR},
  address={Valencia, Spain}
}

@inproceedings{yan2021core,
  title={If you like Shapley then you’ll love the core},
  author={Yan, Tom and Procaccia, Ariel D},
  booktitle={Proceedings of the AAAI Conference on Artificial Intelligence},
  volumne={35},
  number={6},
  pages={5751--5759},
  year={2021},
  publisher={AAAI Press},
  address={Palo Alto, California, USA}
}

@inproceedings{wang2023data,
  title={Data Banzhaf: A robust data valuation framework for machine learning},
  author={Wang, Jiachen T and Jia, Ruoxi},
  booktitle={Proceedings of the 26th International Conference on Artificial Intelligence and Statistics (AISTATS)},
  pages={6388--6421},
  year={2023},
  publisher={PMLR},
  address={Valencia, Spain}
}

@inproceedings{kolpaczki2024without,
  title={Approximating the Shapley value without marginal contributions},
  author={Kolpaczki, Patrick and Bengs, Viktor and Muschalik, Maximilian and H{\"u}llermeier, Eyke},
  booktitle={Proceedings of the AAAI Conference on Artificial Intelligence},
  number={12},
  pages={13246--13255},
  year={2024},
  publisher={AAAI Press},
  address={Vancouver}
}

@article{jia2019efficient,
  title={Efficient Task-Specific Data Valuation for Nearest Neighbor Algorithms},
  author={Jia, Ruoxi and Dao, David and Wang, Boxin and Hubis, Frances Ann and Gurel, Nezihe Merve and Zhang, Bo Li4 Ce and Song, Costas Spanos1 Dawn},
  journal={Proceedings of the VLDB Endowment},
  volume={12},
  number={11}
}

@inproceedings{wang2021predict,
    title={Improving Cooperative Game Theory-based Data Valuation via Data Utility Learning},
    author={Wang, Tianhao and Yang, Yu  and Jia, Ruoxi},
    booktitle={ICLR 2022 Workshop on Socially Responsible Machine Learning},   
    year={2022},
    address={Virtual}, 
    publisher={International Conference on Learning Representations},
    pages={}
}

@inproceedings{meunier2022slicedw,
  title={Distribution regression with sliced Wasserstein kernels},
  author={Meunier, Dimitri and Pontil, Massimiliano and Ciliberto, Carlo},
  booktitle={Proceedings of the 39th International Conference on Machine Learning (ICML)},
  pages={15501--15523},
  year={2022},
  publisher={PMLR},
  address={Maryland, USA}
}

@inproceedings{dvurechensky2018compot,
  title={Computational optimal transport: Complexity by accelerated gradient descent is better than by {Sinkhorn’s} algorithm},
  author={Dvurechensky, Pavel and Gasnikov, Alexander and Kroshnin, Alexey},
  booktitle={Proceedings of the 35th International Conference on Machine Learning (ICML)},
  pages={1367--1376},
  year={2018},
  publisher={PMLR},
  address={Stockholm, Sweden}
}

@article{bachoc2017gaussian,
  title={A Gaussian process regression model for distribution inputs},
  author={Bachoc, Fran{\c{c}}ois and Gamboa, Fabrice and Loubes, Jean-Michel and Venet, Nil},
  journal={IEEE Transactions on Information Theory},
  volume={64},
  number={10},
  pages={6620--6637},
  year={2017},
  publisher={IEEE}
}

@article{Ginsbourger2018GaussianPW,
  title={Gaussian processes with multidimensional distribution inputs via optimal transport and Hilbertian embedding},
  author={Bachoc, Fran{\c{c}}ois and Suvorikova, Alexandra and Ginsbourger, David and Loubes, Jean-Michel and Spokoiny, Vladimir},
  journal={Electronic journal of statistics},
  volume={14},
  number={2},
  pages={2742--2772},
  year={2020},
  publisher={Institute of Mathematical Statistics}
}

@article{bonneel2015sliced,
  title={Sliced and radon Wasserstein barycenters of measures},
  author={Bonneel, Nicolas and Rabin, Julien and Peyr{\'e}, Gabriel and Pfister, Hanspeter},
  journal={Journal of Mathematical Imaging and Vision},
  volume={51},
  pages={22--45},
  year={2015},
  publisher={Springer}
}

@inproceedings{alvarez2020otdd,
  title={Geometric dataset distances via optimal transport},
  author={Alvarez-Melis, David and Fusi, Nicolo},
  booktitle={Advances in Neural Information Processing Systems},
  pages={21428--21439},
  publisher={Curran Associates, Inc.},
  volume={33},
  year={2020},
  address={Virtual}
}

@incollection{Shapley1953,
  title={A value for n-person games},
  author={Shapley, Lloyd S},
  journal={Contribution to the Theory of Games},
  volume={2},
  year={1953}
}
@inproceedings{Jayasumana2013KernelMO,
  title={Kernel methods on the Riemannian manifold of symmetric positive definite matrices},
  author={Jayasumana, Sadeep and Hartley, Richard and Salzmann, Mathieu and Li, Hongdong and Harandi, Mehrtash},
  booktitle={Proceedings of the 2013 IEEE Conference on Computer Vision and Pattern Recognition (CVPR)},
  pages={73--80},
  year={2013},
  publisher={IEEE Computer Society},
  address={USA},
}

@article{deng2012mnist,
  title={The mnist database of handwritten digit images for machine learning research [best of the web]},
  author={Deng, Li},
  journal={IEEE signal processing magazine},
  volume={29},
  number={6},
  pages={141--142},
  year={2012},
  publisher={IEEE}
}


@inproceedings{Pangwei2017,
  title={Understanding black-box predictions via influence functions},
  author={Koh, Pang Wei and Liang, Percy},
  booktitle={International conference on machine learning},
  pages={1885--1894},
  year={2017},
  publisher={PMLR}
}

@InProceedings{pmlr-v119-yoon20a,
  title={Data Valuation using Reinforcement Learning},
  author={Yoon, Jinsung and Arik, Sercan and Pfister, Tomas},
  booktitle={Proceedings of the 37th International Conference on Machine Learning (ICML)},
  pages={10842--10851},
  year={2020},
  volume={119},
  publisher={PMLR},
}

@inproceedings{tay_incentivizing_2022,
  title={Incentivizing collaboration in machine learning via synthetic data rewards},
  author={Tay, Sebastian Shenghong and Xu, Xinyi and Foo, Chuan Sheng and Low, Bryan Kian Hsiang},
  booktitle={Proceedings of the AAAI Conference on Artificial Intelligence},
  volume={36},
  number={9},
  pages={9448--9456},
  year={2022},
  publisher={AAAI Press},
}

@inproceedings{NEURIPS2021_59a3adea,
  title={Validation free and replication robust volume-based data valuation},
  author={Xu, Xinyi and Wu, Zhaoxuan and Foo, Chuan Sheng and Low, Bryan Kian Hsiang},
  booktitle={Advances in Neural Information Processing Systems},
  volume={34},
  pages={10837--10848},
  year={2021},
  publisher={Curran Associates, Inc},
  address={Virtual}
}

@inproceedings{just2023lava,
  title={LAVA: Data Valuation without Pre-Specified Learning Algorithms},
  author={Just, Hoang Anh and Kang, Feiyang and Wang, Tianhao and Zeng, Yi and Ko, Myeongseob and Jin, Ming and Jia, Ruoxi},
  booktitle={Proceedings of the 11th International Conference on Learning Representations (ICLR)},
  publisher={OpenReview.net},
  year={2023},
  address={Kigali, Rwanda},
  pages={}
}


@inproceedings{LiYu24,  
  title={Faster Approximation of Probabilistic and Distributional Values via Least Squares},
  author={Li, Weida and Yu, Yaoliang},
  booktitle={Proceedings of the 20th International Conference on Learning Representations (ICLR)},
  year={2024},
  publisher={OpenReview.net},
  address={Vienna, Austria},
  pages={}
}

@article{scikit_learn,
  title={Scikit-learn: Machine learning in Python},
  author={Pedregosa, Fabian and Varoquaux, Ga{\"e}l and Gramfort, Alexandre and Michel, Vincent and Thirion, Bertrand and Grisel, Olivier and Blondel, Mathieu and Prettenhofer, Peter and Weiss, Ron and Dubourg, Vincent and others},
  journal={The Journal of Machine Learning research},
  volume={12},
  pages={2825--2830},
  year={2011},
  publisher={JMLR. org}
}

@misc{Sejdinovic2012EquivalenceOD,
  title={Equivalence of distance-based and RKHS-based statistics in hypothesis testing},
  author={Sejdinovic, Dino and Sriperumbudur, Bharath and Gretton, Arthur and Fukumizu, Kenji},
  journal={The annals of statistics},
  pages={2263--2291},
  year={2013},
  publisher={JSTOR}
}

@article{WU2023106305,
  title={Variance reduced Shapley value estimation for trustworthy data valuation},
  author={Wu, Mengmeng and Jia, Ruoxi and Lin, Changle and Huang, Wei and Chang, Xiangyu},
  journal={Computers \& Operations Research},
  volume={159},
  pages={106305},
  year={2023},
  publisher={Elsevier}
}

@inproceedings{pmlr-v97-dukler19a,
  title={Wasserstein of Wasserstein loss for learning generative models},
  author={Dukler, Yonatan and Li, Wuchen and Lin, Alex and Mont{\'u}far, Guido},
  booktitle={Proceedings of the 36th International Conference on Machine Learning (ICML)},
  pages={1716--1725},
  year={2019},
  publisher={PMLR},
}

@inproceedings{NIPS2006_b1b0432c,
  title={Analysis of representations for domain adaptation},
  author={Ben-David, Shai and Blitzer, John and Crammer, Koby and Pereira, Fernando},
  booktitle={Proceedings of the 19th International Conference on Neural Information Processing Systems},
  pages={137--144},
  year={2006},
  publisher={MIT Press},
}

@inproceedings{DAR_ICML_21,
  title={Representation Subspace Distance for Domain Adaptation Regression.},
  author={Chen, Xinyang and Wang, Sinan and Wang, Jianmin and Long, Mingsheng},
  booktitle={Proceedings of the 38th International Conference on Machine Learning (ICML)},
  pages={1749--1759},
  year={2021},
  publisher={PMLR},
}

@ARTICLE{4957639,
  title={Methods of information geometry (Amari, S. and Nagaoka, H.; 2000)[Book review]},
  author={Gianfelici, Francesco and Battistelli, Viviana},
  journal={IEEE Transactions on Information Theory},
  volume={55},
  number={6},
  pages={2905--2906},
  year={2009},
  publisher={IEEE}
}
@InProceedings{pmlr-v89-liang19a,
  title={Fisher-rao metric, geometry, and complexity of neural networks},
  author={Liang, Tengyuan and Poggio, Tomaso and Rakhlin, Alexander and Stokes, James},
  booktitle={Proceedings of the 22nd international conference on artificial intelligence and statistics},
  pages={888--896},
  year={2019},
  publisher={PMLR}
}

@INPROCEEDINGS{9008292,
  title={Task2vec: Task embedding for meta-learning},
  author={Achille, Alessandro and Lam, Michael and Tewari, Rahul and Ravichandran, Avinash and Maji, Subhransu and Fowlkes, Charless C and Soatto, Stefano and Perona, Pietro},
  booktitle={Proceedings of the IEEE/CVF international conference on computer vision},
  pages={6430--6439},
  year={2019},
  publisher={IEEE}
}

@article{memoli_gromovwasserstein_2011,
  title={Gromov--Wasserstein distances and the metric approach to object matching},
  author={M{\'e}moli, Facundo},
  journal={Foundations of computational mathematics},
  volume={11},
  pages={417--487},
  year={2011},
  publisher={Springer}
}

@inbook{10.5555/3454287.3454430,
  title={Hierarchical optimal transport for document representation},
  author={Yurochkin, Mikhail and Claici, Sebastian and Chien, Edward and Mirzazadeh, Farzaneh and Solomon, Justin M},
  journal={Advances in neural information processing systems},
  volume={32},
  year={2019},
  publisher={Curran Associates, Inc.}
}

@InProceedings{pmlr-v89-feydy19a,
  title={Interpolating between optimal transport and mmd using sinkhorn divergences},
  author={Feydy, Jean and S{\'e}journ{\'e}, Thibault and Vialard, Fran{\c{c}}ois-Xavier and Amari, Shun-ichi and Trouv{\'e}, Alain and Peyr{\'e}, Gabriel},
  booktitle={The 22nd International Conference on Artificial Intelligence and Statistics (AISTATS)},
  pages={2681--2690},
  year={2019},
  publisher={PMLR}
}

@article{castro2009polynomial,
  title={Polynomial calculation of the Shapley value based on sampling},
  author={Castro, Javier and G{\'o}mez, Daniel and Tejada, Juan},
  journal={Computers \& operations research},
  volume={36},
  number={5},
  pages={1726--1730},
  year={2009},
  publisher={Elsevier}
}

@article{Maleki.2013,
  title={Bounding the estimation error of sampling-based shapley value approximation with/without stratifying},
  author={Maleki, Sasan and Tran-Thanh, Long and Hines, Greg and Rahwan, Talal and Rogers, Alex},
  journal={CoRR, abs/1306.4265},
  volume={2},
  number={1},
  year={2013},
  pages={}
  
}

@article{vanCampen.2018,
  title={A new approximation method for the Shapley value applied to the WTC 9/11 terrorist attack},
  author={van Campen, Tjeerd and Hamers, Herbert and Husslage, Bart and Lindelauf, Roy},
  journal={Social Network Analysis and Mining},
  volume={8},
  pages={1--12},
  year={2018},
  publisher={Springer}
}

@phdthesis{genevay2019phd,
  title={Entropy-regularized optimal transport for machine learning},
  author={Genevay, Aude},
  year={2019},
  school={Universit{\'e} Paris sciences et lettres}
}

@inproceedings{bachoc23a,
  title={Gaussian processes on distributions based on regularized optimal transport},
  author={Bachoc, Fran{\c{c}}ois and B{\'e}thune, Louis and Gonzalez-Sanz, Alberto and Loubes, Jean-Michel},
  booktitle={International Conference on Artificial Intelligence and Statistics},
  pages={4986--5010},
  year={2023},
  publisher={PMLR}
}

@article{McCann1995,
  title={Existence and uniqueness of monotone measure-preserving maps},
  author={Robert J. McCann},
  journal={Duke Mathematical Journal},
  year={1995},
  volume={80},
  pages={309-323},
}

@inproceedings{chirstmann2010,
  title={Universal Kernels on Non-Standard Input Spaces},
  author={Christmann, Andreas and Steinwart, Ingo},
  booktitle={Advances in Neural Information Processing Systems},
  editor={J. Lafferty and C. Williams and J. Shawe-Taylor and R. Zemel and A. Culotta},
  pages={},
  volume={23},
  year={2010},
  publisher={Curran Associates, Inc.},
}

@InProceedings{bachoc2023gaussian,
  title={Gaussian Processes on Distributions based on Regularized Optimal Transport},
  author={Bachoc, Fran\c{c}ois and B\'ethune, Louis and Gonzalez-Sanz, Alberto and Loubes, Jean-Michel},
  booktitle={Proceedings of The 26th International Conference on Artificial Intelligence and Statistics (AISTATS)},
  pages={4986--5010},
  year={2023},
  volume={206},
  publisher={PMLR},
}

@article{SPL97_pace1997sparse,
  title={Sparse spatial autoregressions},
  author={Pace, Kelley and Barry, Ronald},
  journal={Statistics \& Probability Letters},
  volume={33},
  number={3},
  pages={291-297},
  year={1997},
}

@inproceedings{das2008algorithms,
  title={Algorithms for subset selection in linear regression},
  booktitle={Proceedings of the Fortieth Annual ACM Symposium on Theory of Computing},
  author={Das, Abhimanyu and Kempe, David},
  year={2008},
  pages={45–54},
  location={Victoria, British Columbia, Canada},
  publisher={Association for Computing Machinery},
  address={New York, NY, USA},
}

@book{bernstein2009matrix,
  title={Matrix Mathematics: Theory, Facts, and Formulas},
  author={Bernstein, Dennis S.},
  edition={Second},
  year={2009},
  publisher={Princeton University Press},
  address={Princeton, NJ},
}


@InProceedings{pmlr-v139-demaine21a,
  title={Multidimensional Scaling: Approximation and Complexity},
  author={Demaine, Erik and Hesterberg, Adam and Koehler, Frederic and Lynch, Jayson and Urschel, John},
  booktitle={Proceedings of the 38th International Conference on Machine Learning (ICML)},
  pages={2568--2578},
  year={2021},
  volume={139},
  series={Proceedings of Machine Learning Research},
  publisher={PMLR},
  address={Virtual}

}

@mastersthesis{Krizhevsky09,
  title={Learning multiple layers of features from tiny images},
  author={Krizhevsky, A. and Hinton, G.},
  school={Department of Computer Science, University of Toronto},
  year={2009},
}

@article{Mercer1909,
  title={Functions of Positive and Negative Type, and their Connection with the Theory of Integral Equations},
  author={Mercer, James},
  journal={Philosophical Transactions of the Royal Society of London. Series A, Containing Papers of a Mathematical or Physical Character},
  pages={415--446},
  volume={209},
  year={1909},
  publisher={Royal Society},
}

@misc{Kanagawa2018GaussianPA,
  title={Gaussian processes and kernel methods: A review on connections and equivalences},
  author={Kanagawa, Motonobu and Hennig, Philipp and Sejdinovic, Dino and Sriperumbudur, Bharath K},
  year={2018},
  eprint={1807.02582},
  archivePrefix={arXiv},
  primaryClass={stat.ML},
}

@InProceedings{Haasdonk,
  title={Learning with distance substitution kernels},
  author={Haasdonk, Bernard and Bahlmann, Claus},
  booktitle={Joint pattern recognition symposium},
  pages={220--227},
  year={2004},
  publisher={Springer},
  address={Berlin, Heidelberg},
}

@inproceedings{wang2024helpful,
  title = {Helpful or harmful data? fine-tuning-free shapley attribution for explaining language model predictions},
  author = {Wang, Jingtan and Lin, Xiaoqiang and Qiao, Rui and Foo, Chuan-Sheng and Low, Bryan Kian Hsiang},
  booktitle = {Proceedings of the 41st International Conference on Machine Learning (ICML)},
  year = {2024},
  publisher = {JMLR},
  address={Vienna, Austria}
}

@inproceedings{kessler2024sava,
  title={SAVA: Scalable Learning-Agnostic Data Valuation}, 
  author={Samuel Kessler and Tam Le and Vu Nguyen},
  booktitle={The 13th International Conference on Learning Representations (ICLR)},
  year={2025},
  publisher={OpenReview.net},
  address={Singapore},
  pages={}

}
@inproceedings{chau2023explaining,
  title={Explaining the Uncertain: Stochastic Shapley Values for Gaussian Process Models},
  author={Chau, Siu Lun and Muandet, Krikamol and Sejdinovic, Dino},
  booktitle={Advances in Neural Information Processing Systems},
  pages={50769--50795},
  volume={36},
  year={2023},
  publisher={Curran Associates, Inc.},
  address={New Orleans}  
}

@misc{TransferLab_team_pyDVL_2024,
  title={pyDVL: A Python Library for Data Valuation},
  author={Just, Hoang Anh and Kang, Feiyang and Wang, Tianhao and Zeng, Yi and Ko, Myeongseob and Jin, Ming and Jia, Ruoxi},
  howpublished = {\url{https://github.com/ruoxijiaGroup/pydvl}}, 
  year={2023},
  organization={TransferLab team}
}
@inproceedings{maas2011learning,
  title={Learning word vectors for sentiment analysis},
  author={Maas, Andrew L. and Daly, Raymond E. and Pham, Peter T. and Huang, Dan and Ng, Andrew Y. and Potts, Christopher},
  booktitle={Proceedings of the 49th Annual Meeting of the Association for Computational Linguistics: Human Language Technologies},
  pages={142--150},
  year={2011},
  publisher={Association for Computational Linguistics},
  address={Portland, Oregon, USA}
}
@inproceedings{opendataval2023,
  title={OpenDataVal: a Unified Benchmark for Data Valuation},
  author={Jiang, Kevin Fu and Liang, Weixin and Zou, James and Kwon, Yongchan},
  booktitle={Thirty-seventh Conference on Neural Information Processing Systems Datasets and Benchmarks Track},
  year={2023},
  pages={28624--28647},
  volume={36},
  publisher={Curran Associates Inc.},
  address={Red Hook, NY, USA},
}
@incollection{williams_gaussian_1996,
  title={Gaussian processes for regression},
  author={Williams, Christopher and Rasmussen, Carl},
  booktitle={Advances in neural information processing systems},
  volume={8},
  year={1995},
  publisher={MIT Press},
  address={CO, USA}
}

@inproceedings{socher-etal-2013-recursive,
  title={Recursive Deep Models for Semantic Compositionality Over a Sentiment Treebank},
  author={Socher, Richard and Perelygin, Alex and Wu, Jean and Chuang, Jason and Manning, Christopher D. and Ng, Andrew Y. and Potts, Christopher},
  booktitle={Proceedings of the 2013 Conference on Empirical Methods in Natural Language Processing},
  pages={1631--1642},
  year={2013},
  address={Seattle, Washington, USA},
  publisher={Association for Computational Linguistics},
}

@inproceedings{koh2019accuracy,
  title={On the Accuracy of Influence Functions for Measuring Group Effects},
  author={Koh, Pang Wei W and Ang, Kai-Siang and Teo, Hubert and Liang, Percy S},
  booktitle={Advances in Neural Information Processing Systems},
  pages={},
  volume={32},
  year={2019},
  publisher={Curran Associates, Inc.},
  address={Vancouver, BC, Canada}
}

@article{kendall1938new,
  title={A new measure of rank correlation},
  author={Kendall, Maurice G.},
  journal={Biometrika},
  volume={30},
  number={1-2},
  pages={81--93},
  year={1938},
  publisher={Oxford University Press}
}

@inbook{kirchPearson2008,
  editor    = {Kirch, Wilhelm},
  title     = {Pearson's Correlation Coefficient},
  booktitle = {Encyclopedia of Public Health},
  year      = {2008},
  publisher = {Springer Netherlands},
  address   = {Dordrecht},
  pages     = {1090--1091},
}

@misc{sanh2019distilbert,
  title={DistilBERT, a distilled version of BERT: smaller, faster, cheaper and lighter},
  author={Sanh, Victor and Debut, Lysandre and Chaumond, Julien and Wolf, Thomas},
  eprint={1910.01108},
  archivePrefix={arXiv},
  year={2019}
}