@article{alaei2022descending,
  title={Descending price auctions with bounded number of price levels and batched prophet inequality},
  author={Alaei, Saeed and Makhdoumi, Ali and Malekian, Azarakhsh and Niazadeh, Rad},
  journal={arXiv preprint arXiv:2203.01384},
  year={2022}
}

@article{aouad2020pandora,
  title={The Pandora's Box Problem with Sequential Inspections},
  author={Aouad, Ali and Ji, Jingwei and Shaposhnik, Yaron},
  journal={Available at SSRN 3726167},
  year={2020}
}

@article{asadpour2016maximizing,
  title={Maximizing stochastic monotone submodular functions},
  author={Asadpour, Arash and Nazerzadeh, Hamid},
  journal={Management Science},
  volume={62},
  number={8},
  pages={2374--2391},
  year={2016},
  publisher={INFORMS}
}

@inproceedings{beyhaghi2019pandora,
  title = {{P}andora's problem with nonobligatory inspection},
  author = {Beyhaghi, Hedyeh and Kleinberg, Robert},
  booktitle = {Proceedings of the 2019 ACM Conference on Economics and Computation},
  pages = {131--132},
  series = {EC 2019},
  year = {2019}
}

@inproceedings{beyhaghi2023pandora,
  title = {Pandora’s Problem with Nonobligatory Inspection: Optimal Structure and a PTAS},
  author = {Beyhaghi, Hedyeh and Cai, Linda},
  booktitle = {Proceedings of the 55th Annual {ACM} Symposium on Theory of Computing},
  publisher = {{ACM}},
  series = {STOC},
  year = {2023},
}

@article{beyhaghi2024recent,
  title={Recent developments in pandora's box problem: Variants and applications},
  author={Beyhaghi, Hedyeh and Cai, Linda},
  journal={ACM SIGecom Exchanges},
  volume={21},
  number={1},
  pages={20--34},
  year={2024},
  publisher={ACM New York, NY, USA}
}

@inproceedings{boodaghians2020pandora,
  title={Pandora's box problem with order constraints},
  author={Boodaghians, Shant and Fusco, Federico and Lazos, Philip and Leonardi, Stefano},
  booktitle={Proceedings of the 21st ACM Conference on Economics and Computation},
  pages={439--458},
  year={2020}
}

@InProceedings{bowers2023high,
    author={Bowers, Robin and Waggoner, Bo},
    editor={Garg, Jugal and Klimm, Max and Kong, Yuqing},
    title={High-Welfare Matching Markets via Descending Price},
    booktitle={Web and Internet Economics},
    year={2024},
    publisher={Springer Nature Switzerland},
    address={Cham},
    pages={59-76},
}

@inProceedings{bowers2024matching,
title={Matching with Nested and Bundled Pandora Boxes},
author={Bowers, Robin and Waggoner, Bo},
editor={Mavronicolas, Marios and Qi, Qi and Schoenebeck, Grant},
booktitle={Web and Internet Economics},
publisher={Springer Nature Switzerland},
year={2025}
}

@article{brown2013optimal,
  title = {Optimal Sequential Exploration: Bandits, Clairvoyants, and Wildcats},
  author = {Brown, David B. and Smith, James E.},
  journal = {Operations Research},
  volume = {61},
  issue = {3},
  pages = {644-665},
  year = {2013},
}

@inproceedings{chawla2010multi,
  title={Multi-parameter mechanism design and sequential posted pricing},
  author={Chawla, Shuchi and Hartline, Jason D and Malec, David L and Sivan, Balasubramanian},
  booktitle={Proceedings of the forty-second ACM symposium on Theory of computing},
  pages={311--320},
  year={2010}
}

@inproceedings{chawla2020pandoras,
  title        = {Pandora's Box with Correlations: Learning and Approximation},
  author       = {Chawla, Shuchi and Gergatsouli, Evangelia and Teng, Yifeng and Tzamos, Christos and Zhang, Ruimin},
  booktitle    = {61st {IEEE} Annual Symposium on Foundations of Computer Science},
  pages        = {1214--1225},
  publisher    = {{IEEE}},
  series       = {FOCS},
  doi          = {10.1109/FOCS46700.2020.00116},
  year         = {2020},
}

@inproceedings{chawla2024non,
  title={Non-adaptive matroid prophet inequalities},
  author={Chawla, Shuchi and Goldner, Kira and Karlin, Anna R and Miller, J Benjamin},
  booktitle={International Symposium on Algorithmic Game Theory},
  pages={389--404},
  year={2024},
  organization={Springer}
}

@article{doval2018whether,
  title = {Whether or not to open Pandora's box},
  author = {Laura Doval},
  journal = {Journal of Economic Theory},
  volume = {175},
  pages = {127-158},
  issn = {0022-0531},
  doi = {https://doi.org/10.1016/j.jet.2018.01.005},
  year = {2018},
}

@article{dumitriu2003playing,
  title = {On Playing Golf with Two Balls},
  author = {Dumitriu, Ioana and Tetali, Prasad and Winkler, Peter},
  publisher = {Society for Industrial and Applied Mathematics},
  address = {USA},
  volume = {16},
  number = {4},
  issn = {0895-4801},
  doi = {10.1137/S0895480102408341},
  journal = {SIAM Journal of Discrete Mathematics},
  pages = {604–615},
  year = {2003},
}

@article{dutting2020prophet,
  title={Prophet inequalities made easy: Stochastic optimization by pricing nonstochastic inputs},
  author={Dutting, Paul and Feldman, Michal and Kesselheim, Thomas and Lucier, Brendan},
  journal={SIAM Journal on Computing},
  volume={49},
  number={3},
  pages={540--582},
  year={2020},
  publisher={SIAM}
}

@inproceedings{ezra2023prophet,
  title={Prophet inequalities via the expected competitive ratio},
  author={Ezra, Tomer and Leonardi, Stefano and Reiffenh{\"a}user, Rebecca and Russo, Matteo and Tsigonias-Dimitriadis, Alexandros},
  booktitle={International Conference on Web and Internet Economics},
  pages={272--289},
  year={2023},
  organization={Springer}
}

@inproceedings{feldman2016online,
  title={Online contention resolution schemes},
  author={Feldman, Moran and Svensson, Ola and Zenklusen, Rico},
  booktitle={Proceedings of the twenty-seventh annual ACM-SIAM symposium on Discrete algorithms},
  pages={1014--1033},
  year={2016},
  organization={SIAM}
}

@inproceedings{fu2023pandora,
  title = {Pandora Box Problem with Nonobligatory Inspection: Hardness and Approximation Scheme},
  author = {Fu, Hu and Li, Jiawei and Liu, Daogao},
  booktitle = {Proceedings of the 55th Annual ACM Symposium on Theory of Computing},
  publisher = {ACM},
  series = {STOC},
  year = {2023},
}

@article{gittins1979bandit,
  title={Bandit processes and dynamic allocation indices},
  author={Gittins, John C},
  journal={Journal of the Royal Statistical Society Series B: Statistical Methodology},
  volume={41},
  number={2},
  pages={148--164},
  year={1979},
  publisher={Oxford University Press}
}

@article{glazebrook1976profitability,
  title = {A profitability index for alternative research projects},
  author = {Glazebrook, Kevin D.},
  journal = {Omega},
  volume = {4},
  number = {1},
  pages = {79-83},
  issn = {0305-0483},
  doi = {https://doi.org/10.1016/0305-0483(76)90041-4},
  year = {1976},
}

@article{glazebrook1982sufficient,
  title = {On a sufficient condition for superprocesses due to Whittle},
  author = {Glazebrook, Kevin D},
  journal = {Journal of Applied Probability},
  volume = {19},
  number = {1},
  pages = {99--110},
  publisher = {Cambridge University Press},
  year = {1982},
}

@article{glazebrook1993indices,
  title = {{Indices for Families of Competing Markov Decision Processes with Influence}},
  author = {K. D. Glazebrook},
  journal = {The Annals of Applied Probability},
  volume = {3},
  number = {4},
  publisher = {Institute of Mathematical Statistics},
  pages = {1013 -- 1032},
  doi = {10.1214/aoap/1177005270},
  year = {1993},
}

@article{granot1991optimal,
  title = {Optimal Sequencing and Resource Allocation in Research and Development Projects},
  author = {Granot, Daniel and Zuckerman, Dror},
  journal = {Management Science},
  volume = {37},
  issue = {2},
  pages = {140-156},
  year = {1991},
}

@article{guha2007information,
  title={Information Acquisition and Exploitation in Multichannel Wireless Networks},
  author={Guha, Sudipto and Munagala, Kamesh and Sarkar, Saswati},
  year={2007},
  publisher={Citeseer}
}

@inproceedings{gupta2019markovian,
  title={The markovian price of information},
  author={Gupta, Anupam and Jiang, Haotian and Scully, Ziv and Singla, Sahil},
  booktitle={Integer Programming and Combinatorial Optimization: 20th International Conference, IPCO 2019, Ann Arbor, MI, USA, May 22-24, 2019, Proceedings 20},
  pages={233--246},
  year={2019},
  organization={Springer}
}

@inproceedings{hadfield-menell2015multi,
  title = {Multitasking: efficient optimal planning for bandit superprocesses},
  author = {Hadfield-Menell, Dylan},
  isbn = {9780996643108},
  publisher = {AUAI Press},
  booktitle = {Proceedings of the Thirty-First Conference on Uncertainty in Artificial Intelligence},
  pages = {345–354},
  series = {UAI},
  year = {2015},
}

@article{immorlica2020information,
    title={Information acquisition in matching markets: The role of price discovery},
    author={Immorlica, Nicole and Leshno, Jacob and Lo, Irene and Lucier, Brendan},
    journal={Available at SSRN 3705049},
    year={2020}
}

@inproceedings{immorlica2020prophet,
  author = {Immorlica, Nicole and Singla, Sahil and Waggoner, Bo},
  title = {Prophet Inequalities with Linear Correlations and Augmentations},
  isbn = {9781450379755},
  publisher = {Association for Computing Machinery},
  address = {New York, NY, USA},
  doi = {10.1145/3391403.3399452},
  booktitle = {Proceedings of the 21st ACM Conference on Economics and Computation},
  pages = {159–185},
  series = {EC},
  year = {2020},
}

@article{ke2019optimal,
  title={Optimal learning before choice},
  author={Ke, T Tony and Villas-Boas, J Miguel},
  journal={Journal of Economic Theory},
  volume={180},
  pages={383--437},
  year={2019},
  publisher={Elsevier}
}

@article{keller2003branching,
  title = {Branching bandits: a sequential search process with correlated pay-offs},
  author = {Godfrey Keller and Alison Oldale},
  journal = {Journal of Economic Theory},
  volume = {113},
  number = {2},
  pages = {302-315},
  issn = {0022-0531},
  doi = {https://doi.org/10.1016/S0022-0531(03)00092-9},
  year = {2003},
}

@inproceedings{kleinberg2012matroid,
  title = {Matroid prophet inequalities},
  author = {Kleinberg, Robert and Weinberg, S. Matthew},
  booktitle = {Proceedings of the Forty-Fourth Annual ACM Symposium on Theory of Computing},
  pages = {123--136},
  series = {STOC},
  year = {2012}
}

@inproceedings{kleinberg2016descending,
  title = {Descending Price Optimally Coordinates Search},
  author = {Kleinberg, Robert and Waggoner, Bo and Weyl, E. Glen},
  booktitle = {Proceedings of the 2016 ACM Conference on Economics and Computation},
  pages = {23–24},
  publisher = {Association for Computing Machinery},
  series = {EC},
  doi = {10.1145/2940716.2940760},
  isbn = {9781450339360},
  year = {2016},
}

@article{krengel1978semiamarts,
  title={On semiamarts, amarts, and processes with finite value},
  author={Krengel, Ulrich and Sucheston, Louis},
  journal={Probability on Banach spaces},
  volume={4},
  number={197-266},
  pages={1--2},
  year={1978},
  publisher={Dekker New York}
}

@article{lee2018optimal,
  title={Optimal online contention resolution schemes via ex-ante prophet inequalities},
  author={Lee, Euiwoong and Singla, Sahil},
  journal={arXiv preprint arXiv:1806.09251},
  year={2018}
}

@article{lucier2017economic,
  author = {Lucier, Brendan},
  title = {An Economic View of Prophet Inequalities},
  publisher = {Association for Computing Machinery},
  volume = {16},
  number = {1},
  doi = {10.1145/3144722.3144725},
  journal = {SIGecom Exchanges},
  pages = {24–47},
  year = {2017},
}

@phdthesis{nash1973optimal,
  title = {Optimal allocation of Resources Between Research Projects},
  author = {Nash, Peter},
  year = {1973},
  school = {University of Cambridge}
}

@article{nash1980generalized,
  title = {A Generalized Bandit Problem},
  author = {Peter Nash},
  journal = {Journal of the Royal Statistical Society},
  volume = {42},
  pages = {165-169},
  year = {1980},
}

@inproceedings{rubinstein2017combinatorial,
  title={Combinatorial prophet inequalities},
  author={Rubinstein, Aviad and Singla, Sahil},
  booktitle={Proceedings of the Twenty-Eighth Annual ACM-SIAM Symposium on Discrete Algorithms},
  pages={1671--1687},
  year={2017},
  organization={SIAM}
}

@article{samuelcahn1984comparison,
  title = {Comparison of threshold stop rules and maximum for independent random variables},
  author = {Samuel-Cahn, Ester},
  journal = {Annals of Probability},
  volume = {12},
  number = {4},
  pages = {1212--1216},
  year = {1984},
}

@inproceedings{singla2018price,
  title = {The price of information in combinatorial optimization},
  author = {Singla, Sahil},
  booktitle = {Proceedings of the 29th Annual ACM-SIAM Symposium on Discrete Algorithms},
  pages = {2523--2532},
  series = {SODA},
  organization = {SIAM},
  year = {2018},
}

@article{weitzman1979optimal,
  title = {Optimal search for the best alternative},
  author = {Martin L. Weitzman},
  journal = {Econometrica},
  volume = {47},
  number = {3},
  pages = {641--654},
  publisher = {[Wiley, Econometric Society]},
  year = {1979},
}

@article{whittle1980multi,
  title = {Multi-armed bandits and the Gittins index},
  author = {Whittle, Peter},
  journal = {Journal of the Royal Statistical Society: Series B (Methodological)},
  volume = {42},
  number = {2},
  pages = {143--149},
  publisher = {Wiley Online Library},
  year = {1980},
}

@inproceedings{yan2011mechanism,
  title={Mechanism design via correlation gap},
  author={Yan, Qiqi},
  booktitle={Proceedings of the twenty-second annual ACM-SIAM symposium on Discrete Algorithms},
  pages={710--719},
  year={2011},
  organization={SIAM}
}

