@inproceedings{Sinatra2014,
  author    = {Sinatra, A. and Goldberg, B. S. and Sottilare, R.},
  title     = {The Generalized Intelligent Framework for Tutoring (GIFT) as a tool for human factors professionals},
  booktitle = {Proceedings of the Human Factors and Ergonomics Society Annual Meeting},
  year      = {2014},
  volume    = {58},
  number    = {1},
  pages     = {705--709},
  doi       = {10.1177/1541931214581147}
}

@article{alharbi2018readiness,
  title={Readiness for self-directed learning: How bridging and traditional nursing students differ?},
  author={Alharbi, Haifa A.},
  journal={Nurse Education Today},
  volume={61},
  pages={231--234},
  year={2018},
  publisher={Elsevier}
}

@book{brookfield2013powerful,
  title={Powerful Techniques for Teaching Adults},
  author={Brookfield, Stephen D.},
  year={2013},
  publisher={Jossey-Bass},
  address={San Francisco, CA}
}

@article{cercone2008characteristics,
  title={Characteristics of adult learners with implications for online learning design},
  author={Cercone, Kathleen},
  journal={AACE Journal},
  volume={16},
  number={2},
  pages={137--159},
  year={2008},
  publisher={Association for the Advancement of Computing in Education (AACE)}
}

@article{davis1989perceived,
  title={Perceived usefulness, perceived ease of use, and user acceptance of information technology},
  author={Davis, Fred D.},
  journal={MIS Quarterly},
  volume={13},
  number={3},
  pages={319--340},
  year={1989},
  publisher={Management Information Systems Research Center, University of Minnesota}
}

@article{garrison1997self,
  title={Self-directed learning: Toward a comprehensive model},
  author={Garrison, D. Randy},
  journal={Adult Education Quarterly},
  volume={48},
  number={1},
  pages={18--33},
  year={1997},
  publisher={SAGE Publications}
}

@inproceedings{hiemstra2012reframing,
  title={Reframing the meaning of self-directed learning: An updated model},
  author={Hiemstra, Roger and Brockett, Ralph G.},
  booktitle={Proceedings of the Adult Education Research Conference},
  year={2012}
}

@article{kizilcec2015motivation,
  title={Motivation as a lens to understand online learners: Toward data-driven design with the OLEI scale},
  author={Kizilcec, Ren{\'e} F. and Schneider, Emily},
  journal={ACM Transactions on Computer-Human Interaction},
  volume={22},
  number={2},
  pages={6:1--6:24},
  year={2015},
  publisher={ACM}
}

@book{knowles1984adult,
  title={The Adult Learner: A Neglected Species},
  author={Knowles, Malcolm S.},
  edition={3rd},
  year={1984},
  publisher={Gulf Publishing Company},
  address={Houston, TX}
}

@book{knowles2015adult,
  title={The Adult Learner: The Definitive Classic in Adult Education and Human Resource Development},
  author={Knowles, Malcolm S. and Holton III, Elwood F. and Swanson, Richard A.},
  edition={8th},
  year={2015},
  publisher={Routledge},
  address={New York, NY}
}

@article{koedinger1997intelligent,
  title={Intelligent Tutoring Goes To School in the Big City},
  author={Koedinger, Kenneth R. and Anderson, John R. and Hadley, William H. and Mark, Mary A.},
  journal={International Journal of Artificial Intelligence in Education},
  volume={8},
  pages={30--43},
  year={1997},
  publisher={HAL},
  note={ffhal-00197383}
}

@article{lee2019exploration,
  title={An exploration of adult learners' perspectives on self-directed learning: The case of a public health certificate program},
  author={Lee, Chia-Yi and Tsai, Shwu-Ming and Chait, Carl and Kohtz, Cindy},
  journal={International Journal of Self-Directed Learning},
  volume={16},
  number={1},
  pages={45--58},
  year={2019}
}

@article{lippert2020multiple,
  title={Multiple agent designs in conversational intelligent tutoring systems},
  author={Lippert, Anne and Shubeck, Keith and Morgan, Brent and Hampton, Andrew and Graesser, Arthur},
  journal={Technology, Knowledge and Learning},
  volume={25},
  number={3},
  pages={443--463},
  year={2020},
  publisher={Springer}
}

@article{ma2014intelligent,
  title={Intelligent tutoring systems and learning outcomes: A meta-analysis},
  author={Ma, Wen and Adesope, Olusola O. and Nesbit, John C. and Liu, Qing},
  journal={Journal of Educational Psychology},
  volume={106},
  number={4},
  pages={901--918},
  year={2014},
  publisher={American Psychological Association}
}

@article{merriam2001andragogy,
  title={Andragogy and self-directed learning: Pillars of adult learning theory},
  author={Merriam, Sharan B.},
  journal={New Directions for Adult and Continuing Education},
  volume={2001},
  number={89},
  pages={3--14},
  year={2001},
  publisher={Wiley Periodicals, Inc.}
}

@book{merriam2014adult,
  title={Adult Learning: Linking Theory and Practice},
  author={Merriam, Sharan B. and Bierema, Laura L.},
  year={2014},
  publisher={Jossey-Bass},
  address={San Francisco, CA}
}

@article{ong2006gender,
  title={Gender differences in perceptions and relationships among dominants of e-learning acceptance},
  author={Ong, Choon-Sing and Lai, Jing-Ye},
  journal={Computers in Human Behavior},
  volume={22},
  number={5},
  pages={816--829},
  year={2006},
  publisher={Elsevier}
}

@article{sun2006role,
  title={The role of moderating factors in user technology acceptance},
  author={Sun, Haiyan and Zhang, Ping},
  journal={International Journal of Human-Computer Studies},
  volume={64},
  number={2},
  pages={53--78},
  year={2006},
  publisher={Elsevier}
}

@article{vanlehn2011relative,
  title={The relative effectiveness of human tutoring, intelligent tutoring systems, and other tutoring systems},
  author={VanLehn, Kurt},
  journal={Educational Psychologist},
  volume={46},
  number={4},
  pages={197--221},
  year={2011},
  publisher={Taylor \& Francis}
}

@article{walkington2013using,
  title={Using adaptive learning technologies to personalize instruction to student interests: The impact of relevant contexts on performance and learning outcomes},
  author={Walkington, Candace},
  journal={Journal of Educational Psychology},
  volume={105},
  number={4},
  pages={932--945},
  year={2013},
  publisher={American Psychological Association}
}

@book{zawacki2014educational,
  title={Educational Media in Distance Education: Theory and Practice},
  editor={Zawacki-Richter, Olaf and Latchem, Colin},
  year={2014},
  publisher={De Gruyter Open}
}

