@article{ji2023symbolicsurvey,
  title={A survey on deep learning for symbolic music generation: Representations, algorithms, evaluations, and challenges},
  author={Ji, Shulei and Yang, Xinyu and Luo, Jing},
  journal={ACM Computing Surveys},
  volume={56},
  number={1},
  pages={1--39},
  year={2023},
  publisher={ACM New York, NY}
}

@article{ji2020comprehensive,
  title={A comprehensive survey on deep music generation: Multi-level representations, algorithms, evaluations, and future directions},
  author={Ji, Shulei and Luo, Jing and Yang, Xinyu},
  journal={arXiv preprint arXiv:2011.06801},
  year={2020}
}


@article{achiam2023gpt,
  title={Gpt-4 technical report},
  author={Achiam, Josh and Adler, Steven and Agarwal, Sandhini and Ahmad, Lama and Akkaya, Ilge and Aleman, Florencia Leoni and Almeida, Diogo and Altenschmidt, Janko and Altman, Sam and Anadkat, Shyamal and others},
  journal={arXiv preprint arXiv:2303.08774},
  year={2023}
}


@inproceedings{huang2018music,
title={Music Transformer: Generating Music with Long-Term Structure},
author={Cheng-Zhi Anna Huang and Ashish Vaswani and Jakob Uszkoreit and Ian Simon and Curtis Hawthorne and Noam Shazeer and Andrew M. Dai and Matthew D. Hoffman and Monica Dinculescu and Douglas Eck},
booktitle={International Conference on Learning Representations},
year={2019},
url={https://openreview.net/forum?id=rJe4ShAcF7},
}

@inproceedings{zhang2023adding,
  title={Adding conditional control to text-to-image diffusion models},
  author={Zhang, Lvmin and Rao, Anyi and Agrawala, Maneesh},
  booktitle={Proceedings of the IEEE/CVF International Conference on Computer Vision},
  pages={3836--3847},
  year={2023}
}

@inproceedings{rombach2022high,
  title={High-resolution image synthesis with latent diffusion models},
  author={Rombach, Robin and Blattmann, Andreas and Lorenz, Dominik and Esser, Patrick and Ommer, Bj{\"o}rn},
  booktitle={Proceedings of the IEEE/CVF conference on computer vision and pattern recognition},
  pages={10684--10695},
  year={2022}
}

@article{ding2024songcomposer,
  title={Songcomposer: A large language model for lyric and melody composition in song generation},
  author={Ding, Shuangrui and Liu, Zihan and Dong, Xiaoyi and Zhang, Pan and Qian, Rui and He, Conghui and Lin, Dahua and Wang, Jiaqi},
  journal={arXiv preprint arXiv:2402.17645},
  year={2024}
}

@article{yuan2024chatmusician,
  title={Chatmusician: Understanding and generating music intrinsically with llm},
  author={Yuan, Ruibin and Lin, Hanfeng and Wang, Yi and Tian, Zeyue and Wu, Shangda and Shen, Tianhao and Zhang, Ge and Wu, Yuhang and Liu, Cong and Zhou, Ziya and others},
  journal={arXiv preprint arXiv:2402.16153},
  year={2024}
}

@article{lu2023musecoco,
  title={Musecoco: Generating symbolic music from text},
  author={Lu, Peiling and Xu, Xin and Kang, Chenfei and Yu, Botao and Xing, Chengyi and Tan, Xu and Bian, Jiang},
  journal={arXiv preprint arXiv:2306.00110},
  year={2023}
}

@article{ens2020mmm,
  title={Mmm: Exploring conditional multi-track music generation with the transformer},
  author={Ens, Jeff and Pasquier, Philippe},
  journal={arXiv preprint arXiv:2008.06048},
  year={2020}
}

@inproceedings{hsiao2021compound,
  title={Compound word transformer: Learning to compose full-song music over dynamic directed hypergraphs},
  author={Hsiao, Wen-Yi and Liu, Jen-Yu and Yeh, Yin-Cheng and Yang, Yi-Hsuan},
  booktitle={Proceedings of the AAAI Conference on Artificial Intelligence},
  volume={35},
  number={1},
  pages={178--186},
  year={2021}
}

@inproceedings{ren2020popmag,
  title={Popmag: Pop music accompaniment generation},
  author={Ren, Yi and He, Jinzheng and Tan, Xu and Qin, Tao and Zhao, Zhou and Liu, Tie-Yan},
  booktitle={Proceedings of the 28th ACM international conference on multimedia},
  pages={1198--1206},
  year={2020}
}

@article{deng2024composerx,
  title={ComposerX: Multi-Agent Symbolic Music Composition with LLMs},
  author={Deng, Qixin and Yang, Qikai and Yuan, Ruibin and Huang, Yipeng and Wang, Yi and Liu, Xubo and Tian, Zeyue and Pan, Jiahao and Zhang, Ge and Lin, Hanfeng and others},
  journal={arXiv preprint arXiv:2404.18081},
  year={2024}
}

@inproceedings{huang2020pop,
  title={Pop music transformer: Beat-based modeling and generation of expressive pop piano compositions},
  author={Huang, Yu-Siang and Yang, Yi-Hsuan},
  booktitle={Proceedings of the 28th ACM international conference on multimedia},
  pages={1180--1188},
  year={2020}
}

@article{yu2022museformer,
  title={Museformer: Transformer with fine-and coarse-grained attention for music generation},
  author={Yu, Botao and Lu, Peiling and Wang, Rui and Hu, Wei and Tan, Xu and Ye, Wei and Zhang, Shikun and Qin, Tao and Liu, Tie-Yan},
  journal={Advances in Neural Information Processing Systems},
  volume={35},
  pages={1376--1388},
  year={2022}
}

@article{vaswani2017attention,
  title={Attention is all you need},
  author={Vaswani, Ashish and Shazeer, Noam and Parmar, Niki and Uszkoreit, Jakob and Jones, Llion and Gomez, Aidan N and Kaiser, {\L}ukasz and Polosukhin, Illia},
  journal={Advances in neural information processing systems},
  volume={30},
  year={2017}
}

@article{defossez2022encodec,
  title={High fidelity neural audio compression},
  author={D{\'e}fossez, Alexandre and Copet, Jade and Synnaeve, Gabriel and Adi, Yossi},
  journal={arXiv preprint arXiv:2210.13438},
  year={2022}
}

@article{zeghidour2021soundstream,
  title={Soundstream: An end-to-end neural audio codec},
  author={Zeghidour, Neil and Luebs, Alejandro and Omran, Ahmed and Skoglund, Jan and Tagliasacchi, Marco},
  journal={IEEE/ACM Transactions on Audio, Speech, and Language Processing},
  volume={30},
  pages={495--507},
  year={2021},
  publisher={IEEE}
}

@article{kumar2024DAC,
  title={High-fidelity audio compression with improved rvqgan},
  author={Kumar, Rithesh and Seetharaman, Prem and Luebs, Alejandro and Kumar, Ishaan and Kumar, Kundan},
  journal={Advances in Neural Information Processing Systems},
  volume={36},
  year={2024}
}

@article{yang2023hifi,
  title={Hifi-codec: Group-residual vector quantization for high fidelity audio codec},
  author={Yang, Dongchao and Liu, Songxiang and Huang, Rongjie and Tian, Jinchuan and Weng, Chao and Zou, Yuexian},
  journal={arXiv preprint arXiv:2305.02765},
  year={2023}
}

@article{ye2024xcodec,
      title={Codec Does Matter: Exploring the Semantic Shortcoming of Codec for Audio Language Model}, 
      author={Zhen Ye and Peiwen Sun and Jiahe Lei and Hongzhan Lin and Xu Tan and Zheqi Dai and Qiuqiang Kong and Jianyi Chen and Jiahao Pan and Qifeng Liu and Yike Guo and Wei Xue},
      journal={arXiv preprint arXiv:2408.17175},
      year={2024},
}

@article{agostinelli2023musiclm,
  title={Musiclm: Generating music from text},
  author={Agostinelli, Andrea and Denk, Timo I and Borsos, Zal{\'a}n and Engel, Jesse and Verzetti, Mauro and Caillon, Antoine and Huang, Qingqing and Jansen, Aren and Roberts, Adam and Tagliasacchi, Marco and others},
  journal={arXiv preprint arXiv:2301.11325},
  year={2023}
}

@article{copet2024musicgen,
  title={Simple and controllable music generation},
  author={Copet, Jade and Kreuk, Felix and Gat, Itai and Remez, Tal and Kant, David and Synnaeve, Gabriel and Adi, Yossi and D{\'e}fossez, Alexandre},
  journal={Advances in Neural Information Processing Systems},
  volume={36},
  year={2024}
}

@inproceedings{sohl2015deep,
  title={Deep unsupervised learning using nonequilibrium thermodynamics},
  author={Sohl-Dickstein, Jascha and Weiss, Eric and Maheswaranathan, Niru and Ganguli, Surya},
  booktitle={International conference on machine learning},
  pages={2256--2265},
  year={2015},
  organization={PMLR}
}

@article{ho2020denoising,
  title={Denoising diffusion probabilistic models},
  author={Ho, Jonathan and Jain, Ajay and Abbeel, Pieter},
  journal={Advances in neural information processing systems},
  volume={33},
  pages={6840--6851},
  year={2020}
}

@article{kingma2021variational,
  title={Variational diffusion models},
  author={Kingma, Diederik and Salimans, Tim and Poole, Ben and Ho, Jonathan},
  journal={Advances in neural information processing systems},
  volume={34},
  pages={21696--21707},
  year={2021}
}

@article{schneider2023mo,
  title={Mo$\backslash$\^{} usai: Text-to-music generation with long-context latent diffusion},
  author={Schneider, Flavio and Kamal, Ojasv and Jin, Zhijing and Sch{\"o}lkopf, Bernhard},
  journal={arXiv preprint arXiv:2301.11757},
  year={2023}
}

@inproceedings{chen2024musicldm,
  title={Musicldm: Enhancing novelty in text-to-music generation using beat-synchronous mixup strategies},
  author={Chen, Ke and Wu, Yusong and Liu, Haohe and Nezhurina, Marianna and Berg-Kirkpatrick, Taylor and Dubnov, Shlomo},
  booktitle={ICASSP 2024-2024 IEEE International Conference on Acoustics, Speech and Signal Processing (ICASSP)},
  pages={1206--1210},
  year={2024},
  organization={IEEE}
}
@article{evans2024stable,
  title={Stable Audio Open},
  author={Evans, Zach and Parker, Julian D and Carr, CJ and Zukowski, Zack and Taylor, Josiah and Pons, Jordi},
  journal={arXiv preprint arXiv:2407.14358},
  year={2024}
}

@article{forsgren2022riffusion,
  title={Riffusion-Stable diffusion for real-time music generation},
  author={Forsgren, Seth and Martiros, Hayk},
  journal={URL https://riffusion. com},
  year={2022}
}

@article{huang2023noise2music,
  title={Noise2music: Text-conditioned music generation with diffusion models},
  author={Huang, Qingqing and Park, Daniel S and Wang, Tao and Denk, Timo I and Ly, Andy and Chen, Nanxin and Zhang, Zhengdong and Zhang, Zhishuai and Yu, Jiahui and Frank, Christian and others},
  journal={arXiv preprint arXiv:2302.03917},
  year={2023}
}

@article{lam2024efficient,
  title={Efficient neural music generation},
  author={Lam, Max WY and Tian, Qiao and Li, Tang and Yin, Zongyu and Feng, Siyuan and Tu, Ming and Ji, Yuliang and Xia, Rui and Ma, Mingbo and Song, Xuchen and others},
  journal={Advances in Neural Information Processing Systems},
  volume={36},
  year={2024}
}

@article{liu2024audioldm,
  title={Audioldm 2: Learning holistic audio generation with self-supervised pretraining},
  author={Liu, Haohe and Yuan, Yi and Liu, Xubo and Mei, Xinhao and Kong, Qiuqiang and Tian, Qiao and Wang, Yuping and Wang, Wenwu and Wang, Yuxuan and Plumbley, Mark D},
  journal={IEEE/ACM Transactions on Audio, Speech, and Language Processing},
  year={2024},
  publisher={IEEE}
}

@article{donahue2023singsong,
  title={Singsong: Generating musical accompaniments from singing},
  author={Donahue, Chris and Caillon, Antoine and Roberts, Adam and Manilow, Ethan and Esling, Philippe and Agostinelli, Andrea and Verzetti, Mauro and Simon, Ian and Pietquin, Olivier and Zeghidour, Neil and others},
  journal={arXiv preprint arXiv:2301.12662},
  year={2023}
}

@article{zhiqing2024texttosong,
  title={Text-to-Song: Towards Controllable Music Generation Incorporating Vocals and Accompaniment},
  author={Zhiqing, Hong and Rongjie, Huang and Xize, Cheng and Yongqi, Wang and Ruiqi, Li and Fuming, You and Zhou, Zhao and Zhimeng, Zhang},
  journal={arXiv preprint arXiv:2404.09313},
  year={2024}
}

@article{han2023instructme,
  title={Instructme: An instruction guided music edit and remix framework with latent diffusion models},
  author={Han, Bing and Dai, Junyu and Hao, Weituo and He, Xinyan and Guo, Dong and Chen, Jitong and Wang, Yuxuan and Qian, Yanmin and Song, Xuchen},
  journal={arXiv preprint arXiv:2308.14360},
  year={2023}
}

@article{zhang2024musicmagus,
  title={Musicmagus: Zero-shot text-to-music editing via diffusion models},
  author={Zhang, Yixiao and Ikemiya, Yukara and Xia, Gus and Murata, Naoki and Mart{\'\i}nez, Marco and Liao, Wei-Hsiang and Mitsufuji, Yuki and Dixon, Simon},
  journal={arXiv preprint arXiv:2402.06178},
  year={2024}
}

@article{lin2023cocomulla,
  title={Content-based controls for music large language modeling},
  author={Lin, Liwei and Xia, Gus and Jiang, Junyan and Zhang, Yixiao},
  journal={arXiv preprint arXiv:2310.17162},
  year={2023}
}

@article{lin2024air,
  title={Arrange, inpaint, and refine: Steerable long-term music audio generation and editing via content-based controls},
  author={Lin, Liwei and Xia, Gus and Zhang, Yixiao and Jiang, Junyan},
  journal={arXiv preprint arXiv:2402.09508},
  year={2024}
}

@article{wu2024covnet,
  title={Music controlnet: Multiple time-varying controls for music generation},
  author={Wu, Shih-Lun and Donahue, Chris and Watanabe, Shinji and Bryan, Nicholas J},
  journal={IEEE/ACM Transactions on Audio, Speech, and Language Processing},
  volume={32},
  pages={2692--2703},
  year={2024},
  publisher={IEEE}
}

@article{raffel2020T5,
  title={Exploring the limits of transfer learning with a unified text-to-text transformer},
  author={Raffel, Colin and Shazeer, Noam and Roberts, Adam and Lee, Katherine and Narang, Sharan and Matena, Michael and Zhou, Yanqi and Li, Wei and Liu, Peter J},
  journal={Journal of machine learning research},
  volume={21},
  number={140},
  pages={1--67},
  year={2020}
}

@article{huang2022mulan,
  title={Mulan: A joint embedding of music audio and natural language},
  author={Huang, Qingqing and Jansen, Aren and Lee, Joonseok and Ganti, Ravi and Li, Judith Yue and Ellis, Daniel PW},
  journal={arXiv preprint arXiv:2208.12415},
  year={2022}
}

@article{lyth2024parler,
  title={Natural language guidance of high-fidelity text-to-speech with synthetic annotations},
  author={Lyth, Dan and King, Simon},
  journal={arXiv preprint arXiv:2402.01912},
  year={2024}
}

@inproceedings{rouard2022demucs,
  title={Hybrid Transformers for Music Source Separation},
  author={Rouard, Simon and Massa, Francisco and D{\'e}fossez, Alexandre},
  booktitle={ICASSP 23},
  year={2023}
}

@misc{gandhi2023distilwhisper,
      title={Distil-Whisper: Robust Knowledge Distillation via Large-Scale Pseudo Labelling}, 
      author={Sanchit Gandhi and Patrick von Platen and Alexander M. Rush},
      year={2023},
      eprint={2311.00430},
      archivePrefix={arXiv},
      primaryClass={cs.CL}
}

@misc{radford2022whisper,
      title={Robust Speech Recognition via Large-Scale Weak Supervision}, 
      author={Alec Radford and Jong Wook Kim and Tao Xu and Greg Brockman and Christine McLeavey and Ilya Sutskever},
      year={2022},
      eprint={2212.04356},
      archivePrefix={arXiv},
      primaryClass={eess.AS}
}

@misc{li2024rosvot,
      title={Robust Singing Voice Transcription Serves Synthesis}, 
      author={Ruiqi Li and Yu Zhang and Yongqi Wang and Zhiqing Hong and Rongjie Huang and Zhou Zhao},
      year={2024},
      eprint={2405.09940},
      archivePrefix={arXiv},
      primaryClass={eess.AS}
}

@inproceedings{doh2023lp,
  title={LP-MusicCaps: LLM-Based Pseudo Music Captioning},
  author={Doh, Seungheon and Choi, Keunwoo and Lee, Jongpil and Nam, Juhan},
  booktitle={Ismir 2023 Hybrid Conference},
  year={2023}
}

@inproceedings{raffel2014intuitive,
  title={Intuitive analysis, creation and manipulation of MIDI data with pretty\_midi},
  author={Raffel, Colin and Ellis, Daniel PW},
  booktitle={15th international society for music information retrieval conference late breaking and demo papers},
  pages={84--93},
  year={2014}
}
@INPROCEEDINGS{Bertin2011msd,
  author = {Thierry Bertin-Mahieux and Daniel P.W. Ellis and Brian Whitman and Paul Lamere},
  title = {The Million Song Dataset},
  booktitle = {{Proceedings of the 12th International Conference on Music Information
	Retrieval ({ISMIR} 2011)}},
  year = {2011},
  owner = {thierry},
  timestamp = {2010.03.07}
}

@conference {bogdanov2019mtg,
    author = "Bogdanov, Dmitry and Won, Minz and Tovstogan, Philip and Porter, Alastair and Serra, Xavier",
    title = "The MTG-Jamendo Dataset for Automatic Music Tagging",
    booktitle = "Machine Learning for Music Discovery Workshop, International Conference on Machine Learning (ICML 2019)",
    year = "2019",
    address = "Long Beach, CA, United States",
    url = "http://hdl.handle.net/10230/42015"
}

@inproceedings{fma_challenge,
  title = {Learning to Recognize Musical Genre from Audio},
  subtitle = {Challenge Overview},
  author = {Defferrard, Micha\"el and Mohanty, Sharada P. and Carroll, Sean F. and Salath\'e, Marcel},
  booktitle = {The 2018 Web Conference Companion},
  year = {2018},
  publisher = {ACM Press},
  isbn = {9781450356404},
  doi = {10.1145/3184558.3192310},
  archiveprefix = {arXiv},
  eprint = {1803.05337},
  url = {https://arxiv.org/abs/1803.05337},
}

@misc{hong2024Melodist,
      title={Text-to-Song: Towards Controllable Music Generation Incorporating Vocals and Accompaniment}, 
      author={Zhiqing Hong and Rongjie Huang and Xize Cheng and Yongqi Wang and Ruiqi Li and Fuming You and Zhou Zhao and Zhimeng Zhang},
      year={2024},
      eprint={2404.09313},
      archivePrefix={arXiv},
      primaryClass={eess.AS},
      url={https://arxiv.org/abs/2404.09313}, 
}

@misc{li2024melodyLM,
      title={Accompanied Singing Voice Synthesis with Fully Text-controlled Melody}, 
      author={Ruiqi Li and Zhiqing Hong and Yongqi Wang and Lichao Zhang and Rongjie Huang and Siqi Zheng and Zhou Zhao},
      year={2024},
      eprint={2407.02049},
      archivePrefix={arXiv},
      primaryClass={eess.AS},
      url={https://arxiv.org/abs/2407.02049}, 
}

@article{dhariwal2020jukebox,
  title={Jukebox: A Generative Model for Music},
  author={Dhariwal, Prafulla and Jun, Heewoo and Payne, Christine and Kim, Jong Wook and Radford, Alec and Sutskever, Ilya},
  journal={arXiv preprint arXiv:2005.00341},
  year={2020}
}

@misc{ning2024freestyler,
      title={Drop the beat! Freestyler for Accompaniment Conditioned Rapping Voice Generation}, 
      author={Ziqian Ning and Shuai Wang and Yuepeng Jiang and Jixun Yao and Lei He and Shifeng Pan and Jie Ding and Lei Xie},
      year={2024},
      eprint={2408.15474},
      archivePrefix={arXiv},
      primaryClass={eess.AS},
      url={https://arxiv.org/abs/2408.15474}, 
}

@misc{bai2024seedmusic,
      title={Seed-Music: A Unified Framework for High Quality and Controlled Music Generation}, 
      author={Ye Bai and Haonan Chen and Jitong Chen and Zhuo Chen and Yi Deng and Xiaohong Dong and Lamtharn Hantrakul and Weituo Hao and Qingqing Huang and Zhongyi Huang and Dongya Jia and Feihu La and Duc Le and Bochen Li and Chumin Li and Hui Li and Xingxing Li and Shouda Liu and Wei-Tsung Lu and Yiqing Lu and Andrew Shaw and Janne Spijkervet and Yakun Sun and Bo Wang and Ju-Chiang Wang and Yuping Wang and Yuxuan Wang and Ling Xu and Yifeng Yang and Chao Yao and Shuo Zhang and Yang Zhang and Yilin Zhang and Hang Zhao and Ziyi Zhao and Dejian Zhong and Shicen Zhou and Pei Zou},
      year={2024},
      eprint={2409.09214},
      archivePrefix={arXiv},
      primaryClass={cs.SD},
      url={https://arxiv.org/abs/2409.09214}, 
}

@misc{lei2024songcreator,
      title={SongCreator: Lyrics-based Universal Song Generation}, 
      author={Shun Lei and Yixuan Zhou and Boshi Tang and Max W. Y. Lam and Feng Liu and Hangyu Liu and Jingcheng Wu and Shiyin Kang and Zhiyong Wu and Helen Meng},
      year={2024},
      eprint={2409.06029},
      archivePrefix={arXiv},
      primaryClass={cs.SD},
      url={https://arxiv.org/abs/2409.06029}, 
}

@misc{casanova2024xtts,
      title={XTTS: a Massively Multilingual Zero-Shot Text-to-Speech Model}, 
      author={Edresson Casanova and Kelly Davis and Eren Gölge and Görkem Göknar and Iulian Gulea and Logan Hart and Aya Aljafari and Joshua Meyer and Reuben Morais and Samuel Olayemi and Julian Weber},
      year={2024},
      eprint={2406.04904},
      archivePrefix={arXiv},
      primaryClass={eess.AS},
      url={https://arxiv.org/abs/2406.04904}, 
}

@misc{yuan2023marble,
      title={MARBLE: Music Audio Representation Benchmark for Universal Evaluation}, 
      author={Ruibin Yuan and Yinghao Ma and Yizhi Li and Ge Zhang and Xingran Chen and Hanzhi Yin and Le Zhuo and Yiqi Liu and Jiawen Huang and Zeyue Tian and Binyue Deng and Ningzhi Wang and Chenghua Lin and Emmanouil Benetos and Anton Ragni and Norbert Gyenge and Roger Dannenberg and Wenhu Chen and Gus Xia and Wei Xue and Si Liu and Shi Wang and Ruibo Liu and Yike Guo and Jie Fu},
      year={2023},
      eprint={2306.10548},
      archivePrefix={arXiv},
      primaryClass={cs.SD},
      url={https://arxiv.org/abs/2306.10548}, 
}

@misc{li2024mert,
      title={MERT: Acoustic Music Understanding Model with Large-Scale Self-supervised Training}, 
      author={Yizhi Li and Ruibin Yuan and Ge Zhang and Yinghao Ma and Xingran Chen and Hanzhi Yin and Chenghao Xiao and Chenghua Lin and Anton Ragni and Emmanouil Benetos and Norbert Gyenge and Roger Dannenberg and Ruibo Liu and Wenhu Chen and Gus Xia and Yemin Shi and Wenhao Huang and Zili Wang and Yike Guo and Jie Fu},
      year={2024},
      eprint={2306.00107},
      archivePrefix={arXiv},
      primaryClass={cs.SD},
      url={https://arxiv.org/abs/2306.00107}, 
}

@misc{chung2022flanT5,
      title={Scaling Instruction-Finetuned Language Models}, 
      author={Hyung Won Chung and Le Hou and Shayne Longpre and Barret Zoph and Yi Tay and William Fedus and Yunxuan Li and Xuezhi Wang and Mostafa Dehghani and Siddhartha Brahma and Albert Webson and Shixiang Shane Gu and Zhuyun Dai and Mirac Suzgun and Xinyun Chen and Aakanksha Chowdhery and Alex Castro-Ros and Marie Pellat and Kevin Robinson and Dasha Valter and Sharan Narang and Gaurav Mishra and Adams Yu and Vincent Zhao and Yanping Huang and Andrew Dai and Hongkun Yu and Slav Petrov and Ed H. Chi and Jeff Dean and Jacob Devlin and Adam Roberts and Denny Zhou and Quoc V. Le and Jason Wei},
      year={2022},
      eprint={2210.11416},
      archivePrefix={arXiv},
      primaryClass={cs.LG},
      url={https://arxiv.org/abs/2210.11416}, 
}

@inproceedings{laionclap2023,
  title = {Large-scale Contrastive Language-Audio Pretraining with Feature Fusion and Keyword-to-Caption Augmentation},
  author = {Wu*, Yusong and Chen*, Ke and Zhang*, Tianyu and Hui*, Yuchen and Berg-Kirkpatrick, Taylor and Dubnov, Shlomo},
  booktitle={IEEE International Conference on Acoustics, Speech and Signal Processing, ICASSP},
  year = {2023}
}

@inproceedings{
loshchilov2018decoupled,
title={Decoupled Weight Decay Regularization},
author={Ilya Loshchilov and Frank Hutter},
booktitle={International Conference on Learning Representations},
year={2019},
url={https://openreview.net/forum?id=Bkg6RiCqY7},
}

@misc{kilgour2019fad,
      title={Fr\'echet Audio Distance: A Metric for Evaluating Music Enhancement Algorithms}, 
      author={Kevin Kilgour and Mauricio Zuluaga and Dominik Roblek and Matthew Sharifi},
      year={2019},
      eprint={1812.08466},
      archivePrefix={arXiv},
      primaryClass={eess.AS},
      url={https://arxiv.org/abs/1812.08466}, 
}


@misc{hershey2017vggish,
      title={CNN Architectures for Large-Scale Audio Classification}, 
      author={Shawn Hershey and Sourish Chaudhuri and Daniel P. W. Ellis and Jort F. Gemmeke and Aren Jansen and R. Channing Moore and Manoj Plakal and Devin Platt and Rif A. Saurous and Bryan Seybold and Malcolm Slaney and Ron J. Weiss and Kevin Wilson},
      year={2017},
      eprint={1609.09430},
      archivePrefix={arXiv},
      primaryClass={cs.SD},
      url={https://arxiv.org/abs/1609.09430}, 
}

@misc{chen2024valle2valle2,
      title={VALL-E 2: Neural Codec Language Models are Human Parity Zero-Shot Text to Speech Synthesizers}, 
      author={Sanyuan Chen and Shujie Liu and Long Zhou and Yanqing Liu and Xu Tan and Jinyu Li and Sheng Zhao and Yao Qian and Furu Wei},
      year={2024},
      eprint={2406.05370},
      archivePrefix={arXiv},
      primaryClass={cs.CL},
      url={https://arxiv.org/abs/2406.05370}, 
}

@inproceedings{gao2023funasr,
  author={Zhifu Gao and Zerui Li and Jiaming Wang and Haoneng Luo and Xian Shi and Mengzhe Chen and Yabin Li and Lingyun Zuo and Zhihao Du and Zhangyu Xiao and Shiliang Zhang},
  title={FunASR: A Fundamental End-to-End Speech Recognition Toolkit},
  year={2023},
  booktitle={INTERSPEECH},
}