@article{circuit_learn_1,
  title={Oscillator array models for associative memory and pattern recognition},
  author={Maffezzoni, Paolo and Bahr, Bichoy and Zhang, Zheng and Daniel, Luca},
  journal={IEEE Transactions on Circuits and Systems I: Regular Papers},
  volume={62},
  number={6},
  pages={1591--1598},
  year={2015},
  publisher={IEEE}
}

@article{circuit_learn_2,
  title={Pattern recognition via synchronization in phase-locked loop neural networks},
  author={Hoppensteadt, Frank C and Izhikevich, Eugene M},
  journal={IEEE Transactions on Neural Networks},
  volume={11},
  number={3},
  pages={734--738},
  year={2000},
  publisher={IEEE}
}

@article{circuit_learn_3,
  title={Self-learning machines based on hamiltonian echo backpropagation},
  author={Lopez-Pastor, Victor and Marquardt, Florian},
  journal={Physical Review X},
  volume={13},
  number={3},
  pages={031020},
  year={2023},
  publisher={APS}
}

@article{hebbian_bio_1,
  title={Adaptive pattern classification and universal recoding: I. Parallel development and coding of neural feature detectors},
  author={Grossberg, Stephen},
  journal={Biological cybernetics},
  volume={23},
  number={3},
  pages={121--134},
  year={1976},
  publisher={Springer}
}

@article{hebbian_bio_2,
  title={Hebb and darwin},
  author={Adams, Paul},
  journal={Journal of theoretical Biology},
  volume={195},
  number={4},
  pages={419--438},
  year={1998},
  publisher={Elsevier}
}

@inproceedings{hebbian_control_1,
  title={Fully autonomous real-time autoencoder-augmented Hebbian learning through the collection of novel experiences},
  author={Stanley, Kenneth and Pugh, Justin and Bowren, Joshua},
  booktitle={ALIFE 2016, the Fifteenth International Conference on the Synthesis and Simulation of Living Systems},
  pages={382--389},
  year={2016},
  organization={MIT Press}
}

@inproceedings{hebbian_control_2,
  title={Real-time hebbian learning from autoencoder features for control tasks},
  author={Pugh, Justin and Soltoggio, Andrea and Stanley, Kenneth},
  booktitle={Artificial Life Conference Proceedings},
  pages={202--209},
  year={2014},
  organization={MIT Press One Rogers Street, Cambridge, MA 02142-1209, USA journals-info~…}
}

@article{hebbian_math_1,
  title={Mathematical formulations of Hebbian learning},
  author={Gerstner, Wulfram and Kistler, Werner M},
  journal={Biological cybernetics},
  volume={87},
  number={5},
  pages={404--415},
  year={2002},
  publisher={Springer}
}

@article{hebbian_pca,
  title={Training convolutional neural networks with Hebbian principal component analysis},
  author={Lagani, Gabriele and Amato, Giuseppe and Falchi, Fabrizio and Gennaro, Claudio},
  journal={arXiv preprint arXiv:2012.12229},
  year={2020}
}

@article{hebbian_sparse_coding,
  title={Effect of top-down connections in Hierarchical Sparse Coding},
  author={Boutin, Victor and Franciosini, Angelo and Ruffier, Franck and Perrinet, Laurent},
  journal={Neural Computation},
  volume={32},
  number={11},
  pages={2279--2309},
  year={2020},
  publisher={MIT Press One Rogers Street, Cambridge, MA 02142-1209, USA journals-info~…}
}

@article{hebbian_synaptic_1,
  title={Hebbian synapses: biophysical mechanisms and algorithms},
  author={Brown, Thomas H and Kairiss, Edward W and Keenan, Claude L},
  journal={Annual review of neuroscience},
  volume={13},
  number={1},
  pages={475--511},
  year={1990},
  publisher={Annual Reviews 4139 El Camino Way, PO Box 10139, Palo Alto, CA 94303-0139, USA}
}

@article{hebbian_synaptic_2,
  title={Hebbian learning and development},
  author={Munakata, Yuko and Pfaffly, Jason},
  journal={Developmental science},
  volume={7},
  number={2},
  pages={141--148},
  year={2004},
  publisher={Wiley Online Library}
}

@article{hebbian_unsupervised_1,
  title={Unsupervised learning by competing hidden units},
  author={Krotov, Dmitry and Hopfield, John J},
  journal={Proceedings of the National Academy of Sciences},
  volume={116},
  number={16},
  pages={7723--7731},
  year={2019},
  publisher={National Acad Sciences}
}

@article{hebbian_unsupervised_2,
  title={Hebbian deep learning without feedback},
  author={Journ{\'e}, Adrien and Rodriguez, Hector Garcia and Guo, Qinghai and Moraitis, Timoleon},
  journal={arXiv preprint arXiv:2209.11883},
  year={2022}
}

@article{hebbian_unsupervised_3,
  title={Softhebb: Bayesian inference in unsupervised hebbian soft winner-take-all networks},
  author={Moraitis, Timoleon and Toichkin, Dmitry and Journ{\'e}, Adrien and Chua, Yansong and Guo, Qinghai},
  journal={Neuromorphic Computing and Engineering},
  volume={2},
  number={4},
  pages={044017},
  year={2022},
  publisher={IOP Publishing}
}

@article{hebbian_unsupervised_4,
  title={Hebbian learning with gradients: Hebbian convolutional neural networks with modern deep learning frameworks},
  author={Miconi, Thomas},
  journal={arXiv preprint arXiv:2107.01729},
  year={2021}
}

@inproceedings{hebbian_unsupervised_5,
  title={Hebbnet: A simplified hebbian learning framework to do biologically plausible learning},
  author={Gupta, Manas and Ambikapathi, ArulMurugan and Ramasamy, Savitha},
  booktitle={ICASSP 2021-2021 IEEE International Conference on Acoustics, Speech and Signal Processing (ICASSP)},
  pages={3115--3119},
  year={2021},
  organization={IEEE}
}

@article{hebbian_unsupervised_6,
  title={Optimal Unsupervised Learning in a Single-Layer Linear},
  author={Network, Feedforward Neural},
  journal={Neural Networks},
  volume={2},
  pages={459--473},
  year={1989}
}

@inproceedings{ising_1,
  title={OIM: Oscillator-based Ising machines for solving combinatorial optimisation problems},
  author={Wang, Tianshi and Roychowdhury, Jaijeet},
  booktitle={Unconventional Computation and Natural Computation: 18th International Conference, UCNC 2019, Tokyo, Japan, June 3--7, 2019, Proceedings 18},
  pages={232--256},
  year={2019},
  organization={Springer}
}

@article{ising_2,
  title={Oscillator-based Ising machine},
  author={Wang, Tianshi and Roychowdhury, Jaijeet},
  journal={arXiv preprint arXiv:1709.08102},
  year={2017}
}

@article{ising_3,
  title={A coherent Ising machine for 2000-node optimization problems},
  author={Inagaki, Takahiro and Haribara, Yoshitaka and Igarashi, Koji and Sonobe, Tomohiro and Tamate, Shuhei and Honjo, Toshimori and Marandi, Alireza and McMahon, Peter L and Umeki, Takeshi and Enbutsu, Koji and others},
  journal={Science},
  volume={354},
  number={6312},
  pages={603--606},
  year={2016},
  publisher={American Association for the Advancement of Science}
}

@article{ising_4,
  title={An introduction to the Ising model},
  author={Cipra, Barry A},
  journal={The American Mathematical Monthly},
  volume={94},
  number={10},
  pages={937--959},
  year={1987},
  publisher={Taylor \& Francis}
}

@article{ising_solve_1,
  title={Ising machines as hardware solvers of combinatorial optimization problems},
  author={Mohseni, Naeimeh and McMahon, Peter L and Byrnes, Tim},
  journal={Nature Reviews Physics},
  volume={4},
  number={6},
  pages={363--379},
  year={2022},
  publisher={Nature Publishing Group UK London}
}

@article{ising_solve_2,
  title={Ising formulations of many NP problems},
  author={Lucas, Andrew},
  journal={Frontiers in physics},
  volume={2},
  pages={5},
  year={2014},
  publisher={Frontiers Media SA}
}

@article{ising_solve_3,
  title={The Ising model is NP-complete},
  author={Cipra, Barry A},
  journal={SIAM News},
  volume={33},
  number={6},
  pages={1--3},
  year={2000}
}

@article{ising_solve_4,
  title={Ising model on a dynamical planar random lattice: exact solution},
  author={Kazakov, Vladimir A},
  journal={Physics Letters A},
  volume={119},
  number={3},
  pages={140--144},
  year={1986},
  publisher={Elsevier}
}

@article{neural_comp_1,
  title={A survey of neuromorphic computing and neural networks in hardware},
  author={Schuman, Catherine D and Potok, Thomas E and Patton, Robert M and Birdwell, J Douglas and Dean, Mark E and Rose, Garrett S and Plank, James S},
  journal={arXiv preprint arXiv:1705.06963},
  year={2017}
}

@article{neural_comp_2,
  title={Deep physical neural networks trained with backpropagation},
  author={Wright, Logan G and Onodera, Tatsuhiro and Stein, Martin M and Wang, Tianyu and Schachter, Darren T and Hu, Zoey and McMahon, Peter L},
  journal={Nature},
  volume={601},
  number={7894},
  pages={549--555},
  year={2022},
  publisher={Nature Publishing Group UK London}
}

@inproceedings{neural_comp_3,
  title={SPINDLE: SPINtronic deep learning engine for large-scale neuromorphic computing},
  author={Ramasubramanian, Shankar Ganesh and Venkatesan, Rangharajan and Sharad, Mrigank and Roy, Kaushik and Raghunathan, Anand},
  booktitle={Proceedings of the 2014 international symposium on Low power electronics and design},
  pages={15--20},
  year={2014}
}

@article{neural_comp_4,
  title={Fully nonlinear neuromorphic computing with linear wave scattering},
  author={Wanjura, Clara C and Marquardt, Florian},
  journal={Nature Physics},
  volume={20},
  number={9},
  pages={1434--1440},
  year={2024},
  publisher={Nature Publishing Group UK London}
}

@inproceedings{retina_grow_nips,
  title={Neural networks grown and self-organized by noise},
  author={Guruprasad Raghavan and Matt Thomson},
  booktitle={Neural Information Processing Systems},
  year={2019},
  url={https://api.semanticscholar.org/CorpusID:174798065}
}

@article{retinal_wave_1,
  title={Innate Visual Learning through Spontaneous Activity Patterns},
  author={Mark V. Albert and Adam Schnabel and David J. Field},
  journal={PLoS Computational Biology},
  year={2008},
  volume={4},
  url={https://api.semanticscholar.org/CorpusID:1493332}
}

@article{retinal_wave_2,
  title={Retinal waves: mechanisms and function in visual system development},
  author={Firth, Sally I and Wang, Chih-Tien and Feller, Marla B},
  journal={Cell calcium},
  volume={37},
  number={5},
  pages={425--432},
  year={2005},
  publisher={Elsevier}
}

@article{retinal_wave_3,
  title={Retinal waves prime visual motion detection by simulating future optic flow},
  author={Ge, Xinxin and Zhang, Kathy and Gribizis, Alexandra and Hamodi, Ali S and Sabino, Aude Martinez and Crair, Michael C},
  journal={Science},
  volume={373},
  number={6553},
  pages={eabd0830},
  year={2021},
  publisher={American Association for the Advancement of Science}
}

@article{retinal_wave_4,
  title={Slow feature analysis on retinal waves leads to V1 complex cells},
  author={D{\"a}hne, Sven and Wilbert, Niko and Wiskott, Laurenz},
  journal={PLoS computational biology},
  volume={10},
  number={5},
  pages={e1003564},
  year={2014},
  publisher={Public Library of Science San Francisco, USA}
}

@article{retinal_wave_5,
  title={Spontaneous retinal waves can generate long-range horizontal connectivity in visual cortex},
  author={Kim, Jinwoo and Song, Min and Jang, Jaeson and Paik, Se-Bum},
  journal={Journal of Neuroscience},
  volume={40},
  number={34},
  pages={6584--6599},
  year={2020},
  publisher={Soc Neuroscience}
}

@incollection{retinal_wave_6,
  title={Retinal waves and their role in visual system development},
  author={Feller, MB and Kerschensteiner, D},
  booktitle={Synapse development and maturation},
  pages={367--382},
  year={2020},
  publisher={Elsevier}
}

@article{retinal_wave_7,
  title={Sparse coding on the spot: Spontaneous retinal waves suffice for orientation selectivity},
  author={Hunt, Jonathan J and Ibbotson, Michael and Goodhill, Geoffrey J},
  journal={Neural computation},
  volume={24},
  number={9},
  pages={2422--2433},
  year={2012},
  publisher={MIT Press One Rogers Street, Cambridge, MA 02142-1209, USA journals-info~…}
}

