@String(PAMI = {IEEE Trans. Pattern Anal. Mach. Intell.})
@String(IJCV = {Int. J. Comput. Vis.})
@String(CVPR= {IEEE Conf. Comput. Vis. Pattern Recog.})
@String(ICCV= {Int. Conf. Comput. Vis.})
@String(ECCV= {Eur. Conf. Comput. Vis.})
@String(NIPS= {Adv. Neural Inform. Process. Syst.})
@String(ICPR = {Int. Conf. Pattern Recog.})
@String(BMVC= {Brit. Mach. Vis. Conf.})
@String(TOG= {ACM Trans. Graph.})
@String(TIP  = {IEEE Trans. Image Process.})
@String(TVCG  = {IEEE Trans. Vis. Comput. Graph.})
@String(TMM  = {IEEE Trans. Multimedia})
@String(ACMMM= {ACM Int. Conf. Multimedia})
@String(ICME = {Int. Conf. Multimedia and Expo})
@String(ICASSP=	{ICASSP})
@String(ICIP = {IEEE Int. Conf. Image Process.})
@String(ACCV  = {ACCV})
@String(ICLR = {Int. Conf. Learn. Represent.})
@String(IJCAI = {IJCAI})
@String(PR   = {Pattern Recognition})
@String(AAAI = {AAAI})
@String(CVPRW= {IEEE Conf. Comput. Vis. Pattern Recog. Worksh.})
@String(CSVT = {IEEE Trans. Circuit Syst. Video Technol.})

@String(SPL	= {IEEE Sign. Process. Letters})
@String(VR   = {Vis. Res.})
@String(JOV	 = {J. Vis.})
@String(TVC  = {The Vis. Comput.})
@String(JCST  = {J. Comput. Sci. Tech.})
@String(CGF  = {Comput. Graph. Forum})
@String(CVM = {Computational Visual Media})


@String(PAMI  = {IEEE TPAMI})
@String(IJCV  = {IJCV})
@String(CVPR  = {CVPR})
@String(ICCV  = {ICCV})
@String(ECCV  = {ECCV})
@String(NIPS  = {NeurIPS})
@String(ICPR  = {ICPR})
@String(BMVC  =	{BMVC})
@String(TOG   = {ACM TOG})
@String(TIP   = {IEEE TIP})
@String(TVCG  = {IEEE TVCG})
@String(TCSVT = {IEEE TCSVT})
@String(TMM   =	{IEEE TMM})
@String(ACMMM = {ACM MM})
@String(ICME  =	{ICME})
@String(ICASSP=	{ICASSP})
@String(ICIP  = {ICIP})
@String(ACCV  = {ACCV})
@String(ICLR  = {ICLR})
@String(IJCAI = {IJCAI})
@String(PR = {PR})
@String(AAAI = {AAAI})
@String(CVPRW= {CVPRW})
@String(CSVT = {IEEE TCSVT})
@article{oscillator_spiking1,
  title={Polychronous Wavefront Computations},
  author={Eugene M. Izhikevich and Frank C. Hoppensteadt},
  journal={Int. J. Bifurc. Chaos},
  year={2009},
  volume={19},
  pages={1733-1739},
  url={https://api.semanticscholar.org/CorpusID:18305391}
}

@article{oscillator_spiking2,
  title={Neuronal Oscillations in Cortical Networks},
  author={Gy{\"o}rgy Buzs{\'a}ki and Andreas Draguhn},
  journal={Science},
  year={2004},
  volume={304},
  pages={1926 - 1929},
  url={https://api.semanticscholar.org/CorpusID:8002293}
}

@article{graph_coloring,
  title={Polychronous Oscillatory Cellular Neural Networks for Solving Graph Coloring Problems},
  author={Richelle L. Smith and Thomas H. Lee},
  journal={IEEE Open Journal of Circuits and Systems},
  year={2023},
  volume={4},
  pages={156-164},
  url={https://api.semanticscholar.org/CorpusID:257796022}
}

@article{quantum_computing,
  title={Quantum Computing Gate Emulation Using CMOS Oscillatory Cellular Neural Networks},
  author={Richelle L. Smith and Thomas H. Lee},
  journal={IEEE Transactions on Circuits and Systems II: Express Briefs},
  year={2024},
  volume={71},
  pages={4541-4545},
  url={https://api.semanticscholar.org/CorpusID:269642781}
}

@article{inject_lock_neuron,
  title={Modeling of Injection Locking in Neurons for Neuromorphic and Biomedical Systems},
  author={Richelle L. Smith and T.-H. Lee},
  journal={2021 IEEE International Symposium on Circuits and Systems (ISCAS)},
  year={2021},
  pages={1-5},
  url={https://api.semanticscholar.org/CorpusID:235566110}
}

@article{kuramoto_eq,
  title={Local and Grobal Self-Entrainments in Oscillator Lattices},
  author={Hidetsugu Sakaguchi and Shigeru Shinomoto and Yoshiki Kuramoto},
  journal={Progress of Theoretical Physics},
  year={1987},
  volume={77},
  pages={1005-1010},
  url={https://api.semanticscholar.org/CorpusID:122040965}
}

@article{lyapunov_1,
  title={Lyapunov function for the Kuramoto model of nonlinearly coupled oscillators},
  author={Jan Leonard van Hemmen and Walter F. Wreszinski},
  journal={Journal of Statistical Physics},
  year={1993},
  volume={72},
  pages={145-166},
  url={https://api.semanticscholar.org/CorpusID:122867392}
}

@inproceedings{lyapunov_2,
  title={OIM: Oscillator-based Ising Machines for Solving Combinatorial Optimisation Problems},
  author={Tianshi Wang and Jaijeet S. Roychowdhury},
  booktitle={International Conference on Unconventional Computation and Natural Computation},
  year={2019},
  url={https://api.semanticscholar.org/CorpusID:81979522}
}

@article{isf_1,
  title={A General Theory of Injection Locking and Pulling in Electrical Oscillatorsâ€”Part I: Time-Synchronous Modeling and Injection Waveform Design},
  author={Brian Hong and Ali Hajimiri},
  journal={IEEE Journal of Solid-State Circuits},
  year={2019},
  volume={54},
  pages={2109-2121},
  url={https://api.semanticscholar.org/CorpusID:198356617}
}

@article{isf_2,
  title={Hybrid Frequency Domain Simulation Method to Speed-up Analysis of Injection Locked Oscillators},
  author={Richelle L. Smith and T.-H. Lee},
  journal={2021 IEEE International Midwest Symposium on Circuits and Systems (MWSCAS)},
  year={2021},
  pages={722-726},
  url={https://api.semanticscholar.org/CorpusID:237520896}
}

@article{potts_1,
  title={The Potts model},
  author={F. Y. Wu},
  journal={Reviews of Modern Physics},
  year={1982},
  volume={54},
  pages={235-268},
  url={https://api.semanticscholar.org/CorpusID:120281979}
}

@inproceedings{retina_grow_nips,
  title={Neural networks grown and self-organized by noise},
  author={Guruprasad Raghavan and Matt Thomson},
  booktitle={Neural Information Processing Systems},
  year={2019},
  url={https://api.semanticscholar.org/CorpusID:174798065}
}

@article{visual_develop_3,
  title={Another look at Cellular Neural Networks},
  author={Gabriele Manganaro},
  journal={2021 17th International Workshop on Cellular Nanoscale Networks and their Applications (CNNA)},
  year={2021},
  pages={1-4},
  url={https://api.semanticscholar.org/CorpusID:244663050}
}

@inproceedings{visual_develop_1,
  title={Development of orientation selectivity in ferret visual cortex and effects of deprivation},
  author={Barbara Chapman and Michael P. Stryker},
  booktitle={Journal of Neuroscience},
  year={1993},
  url={https://api.semanticscholar.org/CorpusID:1562405}
}

@article{visual_develop_2,
  title={Ordered arrangement of orientation columns in monkeys lacking visual experience},
  author={Torsten N. Wiesel and David H. Hubel},
  journal={Journal of Comparative Neurology},
  year={1974},
  volume={158},
  url={https://api.semanticscholar.org/CorpusID:42437417}
}

@article{visual_develop_4,
  title={The role of early neural activity in the maturation of turtle retinal function},
  author={Sernagor, Evelyne and Mehta, Vandana},
  journal={The Journal of Anatomy},
  volume={199},
  number={4},
  pages={375--383},
  year={2001},
  publisher={Cambridge University Press}
}

@article{retinal_wave_1,
  title={Innate Visual Learning through Spontaneous Activity Patterns},
  author={Mark V. Albert and Adam Schnabel and David J. Field},
  journal={PLoS Computational Biology},
  year={2008},
  volume={4},
  url={https://api.semanticscholar.org/CorpusID:1493332}
}

@article{retinal_wave_2,
  title={Retinal waves: mechanisms and function in visual system development},
  author={Firth, Sally I and Wang, Chih-Tien and Feller, Marla B},
  journal={Cell calcium},
  volume={37},
  number={5},
  pages={425--432},
  year={2005},
  publisher={Elsevier}
}

@article{retinal_wave_3,
  title={Retinal waves prime visual motion detection by simulating future optic flow},
  author={Ge, Xinxin and Zhang, Kathy and Gribizis, Alexandra and Hamodi, Ali S and Sabino, Aude Martinez and Crair, Michael C},
  journal={Science},
  volume={373},
  number={6553},
  pages={eabd0830},
  year={2021},
  publisher={American Association for the Advancement of Science}
}

@article{retinal_wave_4,
  title={Slow feature analysis on retinal waves leads to V1 complex cells},
  author={D{\"a}hne, Sven and Wilbert, Niko and Wiskott, Laurenz},
  journal={PLoS computational biology},
  volume={10},
  number={5},
  pages={e1003564},
  year={2014},
  publisher={Public Library of Science San Francisco, USA}
}

@article{retinal_wave_5,
  title={Spontaneous retinal waves can generate long-range horizontal connectivity in visual cortex},
  author={Kim, Jinwoo and Song, Min and Jang, Jaeson and Paik, Se-Bum},
  journal={Journal of Neuroscience},
  volume={40},
  number={34},
  pages={6584--6599},
  year={2020},
  publisher={Soc Neuroscience}
}

@incollection{retinal_wave_6,
  title={Retinal waves and their role in visual system development},
  author={Feller, MB and Kerschensteiner, D},
  booktitle={Synapse development and maturation},
  pages={367--382},
  year={2020},
  publisher={Elsevier}
}

@article{Hungarian,
  title={The Hungarian method for the assignment problem},
  author={Harold W. Kuhn},
  journal={Naval Research Logistics (NRL)},
  year={1955},
  volume={52},
  url={https://api.semanticscholar.org/CorpusID:9426884}
}

@inproceedings{assignment_1,
  title={Fibonacci heaps and their uses in improved network optimization algorithms},
  author={Michael L. Fredman and Robert Endre Tarjan},
  booktitle={JACM},
  year={1984},
  url={https://api.semanticscholar.org/CorpusID:193986}
}

@inproceedings{assignment_2,
  title={Integer priority queues with decrease key in constant time and the single source shortest paths problem},
  author={Mikkel Thorup},
  booktitle={Symposium on the Theory of Computing},
  year={2003},
  url={https://api.semanticscholar.org/CorpusID:11434657}
}

@article{poly_regression_1,
  title={Pattern Recognition and Machine Learning, by Christopher M. Bishop},
  author={Radford M. Neal},
  journal={Technometrics},
  year={2007},
  volume={49},
  url={https://api.semanticscholar.org/CorpusID:262612365}
}

@inproceedings{poly_regression_2,
  title={The Nature of Statistical Learning Theory},
  author={Vladimir Naumovich Vapni},
  booktitle={Statistics for Engineering and Information Science},
  year={2000},
  url={https://api.semanticscholar.org/CorpusID:7138354}
}

@article{svm_regression_1,
  title={Learning with Kernels: Support Vector Machines, Regularization, Optimization, and Beyond},
  author={Christopher K. I Williams},
  journal={IEEE Transactions on Neural Networks},
  year={2003},
  volume={16},
  pages={781-781},
  url={https://api.semanticscholar.org/CorpusID:7406938}
}

@article{svm_regression_2,
  title={A tutorial on support vector regression},
  author={Alex Smola and Bernhard Scholkopf},
  journal={Statistics and Computing},
  year={2004},
  volume={14},
  pages={199-222},
  url={https://api.semanticscholar.org/CorpusID:15475}
}


@article{svm_regression_3,
  title={Support-Vector Networks},
  author={Corinna Cortes and Vladimir Naumovich Vapnik},
  journal={Machine Learning},
  year={1995},
  volume={20},
  pages={273-297},
  url={https://api.semanticscholar.org/CorpusID:52874011}
}

@inproceedings{kernel_regression_1,
  title={Kernel Methods for Pattern Analysis},
  author={John Shawe-Taylor and Nello Cristianini},
  year={2004},
  url={https://api.semanticscholar.org/CorpusID:35730151}
}

@article{kernel_regression_2,
  title={On estimating regression},
  author={Nadaraya, Elizbar A},
  journal={Theory of Probability \& Its Applications},
  volume={9},
  number={1},
  pages={141--142},
  year={1964},
  publisher={SIAM}
}

@article{kernel_regression_3,
  title={Smooth regression analysis},
  author={Watson, Geoffrey S},
  journal={Sankhy{\=a}: The Indian Journal of Statistics, Series A},
  pages={359--372},
  year={1964},
  publisher={JSTOR}
}

@article{ml_health_1,
  title={Machine learning in healthcare},
  author={Habehh, Hafsa and Gohel, Suril},
  journal={Current genomics},
  volume={22},
  number={4},
  pages={291},
  year={2021},
  publisher={Bentham Science Publishers}
}

@inproceedings{ml_health_2,
  title={Machine learning in healthcare: A review},
  author={Shailaja, K and Seetharamulu, Banoth and Jabbar, MA},
  booktitle={2018 Second international conference on electronics, communication and aerospace technology (ICECA)},
  pages={910--914},
  year={2018},
  organization={IEEE}
}

@inproceedings{ml_health_3,
  title={Interpretable machine learning in healthcare},
  author={Ahmad, Muhammad Aurangzeb and Eckert, Carly and Teredesai, Ankur},
  booktitle={Proceedings of the 2018 ACM international conference on bioinformatics, computational biology, and health informatics},
  pages={559--560},
  year={2018}
}

@book{ml_finance_1,
  title={Machine learning in finance},
  author={Dixon, Matthew F and Halperin, Igor and Bilokon, Paul},
  volume={1170},
  year={2020},
  publisher={Springer}
}

@article{ml_finance_2,
  title={Artificial intelligence and machine learning in finance: A bibliometric review},
  author={Ahmed, Shamima and Alshater, Muneer M and El Ammari, Anis and Hammami, Helmi},
  journal={Research in International Business and Finance},
  volume={61},
  pages={101646},
  year={2022},
  publisher={Elsevier}
}

@article{ml_finance_3,
  title={Artificial intelligence and machine learning in finance: Identifying foundations, themes, and research clusters from bibliometric analysis},
  author={Goodell, John W and Kumar, Satish and Lim, Weng Marc and Pattnaik, Debidutta},
  journal={Journal of Behavioral and Experimental Finance},
  volume={32},
  pages={100577},
  year={2021},
  publisher={Elsevier}
}

@article{ml_industry_1,
  title={Machine Learning for industrial applications: A comprehensive literature review},
  author={Bertolini, Massimo and Mezzogori, Davide and Neroni, Mattia and Zammori, Francesco},
  journal={Expert Systems with Applications},
  volume={175},
  pages={114820},
  year={2021},
  publisher={Elsevier}
}

@misc{ml_industry_2,
  title={Machine learning in manufacturing and industry 4.0 applications},
  author={Rai, Rahul and Tiwari, Manoj Kumar and Ivanov, Dmitry and Dolgui, Alexandre},
  journal={International Journal of Production Research},
  volume={59},
  number={16},
  pages={4773--4778},
  year={2021},
  publisher={Taylor \& Francis}
}

@inproceedings{train_cost_1,
  title={Power hungry processing: Watts driving the cost of AI deployment?},
  author={Luccioni, Sasha and Jernite, Yacine and Strubell, Emma},
  booktitle={The 2024 ACM Conference on Fairness, Accountability, and Transparency},
  pages={85--99},
  year={2024}
}

@inproceedings{train_cost_2,
  title={Evaluating the carbon footprint of NLP methods: a survey and analysis of existing tools},
  author={Bannour, Nesrine and Ghannay, Sahar and N{\'e}v{\'e}ol, Aur{\'e}lie and Ligozat, Anne-Laure},
  booktitle={Proceedings of the second workshop on simple and efficient natural language processing},
  pages={11--21},
  year={2021}
}

@inproceedings{train_cost_3,
  title={Reducing the Carbon Impact of Generative AI Inference (today and in 2035)},
  author={Chien, Andrew A and Lin, Liuzixuan and Nguyen, Hai and Rao, Varsha and Sharma, Tristan and Wijayawardana, Rajini},
  booktitle={Proceedings of the 2nd workshop on sustainable computer systems},
  pages={1--7},
  year={2023}
}

@article{train_cost_4,
  title={Compute and energy consumption trends in deep learning inference},
  author={Desislavov, Radosvet and Mart{\'\i}nez-Plumed, Fernando and Hern{\'a}ndez-Orallo, Jos{\'e}},
  journal={arXiv preprint arXiv:2109.05472},
  year={2021}
}

@inproceedings{brain_inspired_1,
  title={Silicon neurons that compute},
  author={Choudhary, Swadesh and Sloan, Steven and Fok, Sam and Neckar, Alexander and Trautmann, Eric and Gao, Peiran and Stewart, Terry and Eliasmith, Chris and Boahen, Kwabena},
  booktitle={Artificial Neural Networks and Machine Learning--ICANN 2012: 22nd International Conference on Artificial Neural Networks, Lausanne, Switzerland, September 11-14, 2012, Proceedings, Part I 22},
  pages={121--128},
  year={2012},
  organization={Springer}
}

@book{brain_inspired_2,
  title={Analog VLSI implementation of neural systems},
  author={Mead, Carver and Ismail, Mohammed},
  volume={80},
  year={2012},
  publisher={Springer Science \& Business Media}
}

@article{autoencoder_1,
  title={Sparse autoencoder},
  author={Ng, Andrew and others},
  journal={CS294A Lecture notes},
  volume={72},
  number={2011},
  pages={1--19},
  year={2011}
}

@article{autoencoder_2,
  title={Recent advances in autoencoder-based representation learning},
  author={Tschannen, Michael and Bachem, Olivier and Lucic, Mario},
  journal={arXiv preprint arXiv:1812.05069},
  year={2018}
}

@inproceedings{autoencoder_3,
  title={Autoencoder and its various variants},
  author={Zhai, Junhai and Zhang, Sufang and Chen, Junfen and He, Qiang},
  booktitle={2018 IEEE international conference on systems, man, and cybernetics (SMC)},
  pages={415--419},
  year={2018},
  organization={IEEE}
}

@book{hebbian_book,
  title={The organization of behavior: A neuropsychological theory},
  author={Hebb, Donald Olding},
  year={2005},
  publisher={Psychology press}
}

@inproceedings{pretrain_finetune_1,
  title={Why does unsupervised pre-training help deep learning?},
  author={Erhan, Dumitru and Courville, Aaron and Bengio, Yoshua and Vincent, Pascal},
  booktitle={Proceedings of the thirteenth international conference on artificial intelligence and statistics},
  pages={201--208},
  year={2010},
  organization={JMLR Workshop and Conference Proceedings}
}

@article{pretrain_finetune_2,
  title={An analysis of unsupervised pre-training in light of recent advances},
  author={Paine, Tom Le and Khorrami, Pooya and Han, Wei and Huang, Thomas S},
  journal={arXiv preprint arXiv:1412.6597},
  year={2014}
}

@inproceedings{ising_1,
  title={OIM: Oscillator-based Ising machines for solving combinatorial optimisation problems},
  author={Wang, Tianshi and Roychowdhury, Jaijeet},
  booktitle={Unconventional Computation and Natural Computation: 18th International Conference, UCNC 2019, Tokyo, Japan, June 3--7, 2019, Proceedings 18},
  pages={232--256},
  year={2019},
  organization={Springer}
}

@article{ising_2,
  title={Oscillator-based Ising machine},
  author={Wang, Tianshi and Roychowdhury, Jaijeet},
  journal={arXiv preprint arXiv:1709.08102},
  year={2017}
}

@article{ising_3,
  title={A coherent Ising machine for 2000-node optimization problems},
  author={Inagaki, Takahiro and Haribara, Yoshitaka and Igarashi, Koji and Sonobe, Tomohiro and Tamate, Shuhei and Honjo, Toshimori and Marandi, Alireza and McMahon, Peter L and Umeki, Takeshi and Enbutsu, Koji and others},
  journal={Science},
  volume={354},
  number={6312},
  pages={603--606},
  year={2016},
  publisher={American Association for the Advancement of Science}
}

@article{ising_4,
  title={An introduction to the Ising model},
  author={Cipra, Barry A},
  journal={The American Mathematical Monthly},
  volume={94},
  number={10},
  pages={937--959},
  year={1987},
  publisher={Taylor \& Francis}
}

@article{ising_solve_1,
  title={Ising machines as hardware solvers of combinatorial optimization problems},
  author={Mohseni, Naeimeh and McMahon, Peter L and Byrnes, Tim},
  journal={Nature Reviews Physics},
  volume={4},
  number={6},
  pages={363--379},
  year={2022},
  publisher={Nature Publishing Group UK London}
}

@article{ising_solve_2,
  title={Ising formulations of many NP problems},
  author={Lucas, Andrew},
  journal={Frontiers in physics},
  volume={2},
  pages={5},
  year={2014},
  publisher={Frontiers Media SA}
}

@article{ising_solve_3,
  title={The Ising model is NP-complete},
  author={Cipra, Barry A},
  journal={SIAM News},
  volume={33},
  number={6},
  pages={1--3},
  year={2000}
}

@article{ising_solve_4,
  title={Ising model on a dynamical planar random lattice: exact solution},
  author={Kazakov, Vladimir A},
  journal={Physics Letters A},
  volume={119},
  number={3},
  pages={140--144},
  year={1986},
  publisher={Elsevier}
}

@article{neural_comp_1,
  title={A survey of neuromorphic computing and neural networks in hardware},
  author={Schuman, Catherine D and Potok, Thomas E and Patton, Robert M and Birdwell, J Douglas and Dean, Mark E and Rose, Garrett S and Plank, James S},
  journal={arXiv preprint arXiv:1705.06963},
  year={2017}
}

@article{neural_comp_2,
  title={Deep physical neural networks trained with backpropagation},
  author={Wright, Logan G and Onodera, Tatsuhiro and Stein, Martin M and Wang, Tianyu and Schachter, Darren T and Hu, Zoey and McMahon, Peter L},
  journal={Nature},
  volume={601},
  number={7894},
  pages={549--555},
  year={2022},
  publisher={Nature Publishing Group UK London}
}

@inproceedings{neural_comp_3,
  title={SPINDLE: SPINtronic deep learning engine for large-scale neuromorphic computing},
  author={Ramasubramanian, Shankar Ganesh and Venkatesan, Rangharajan and Sharad, Mrigank and Roy, Kaushik and Raghunathan, Anand},
  booktitle={Proceedings of the 2014 international symposium on Low power electronics and design},
  pages={15--20},
  year={2014}
}

@article{neural_comp_4,
  title={Fully nonlinear neuromorphic computing with linear wave scattering},
  author={Wanjura, Clara C and Marquardt, Florian},
  journal={Nature Physics},
  volume={20},
  number={9},
  pages={1434--1440},
  year={2024},
  publisher={Nature Publishing Group UK London}
}

@article{circuit_learn_1,
  title={Oscillator array models for associative memory and pattern recognition},
  author={Maffezzoni, Paolo and Bahr, Bichoy and Zhang, Zheng and Daniel, Luca},
  journal={IEEE Transactions on Circuits and Systems I: Regular Papers},
  volume={62},
  number={6},
  pages={1591--1598},
  year={2015},
  publisher={IEEE}
}

@article{circuit_learn_2,
  title={Pattern recognition via synchronization in phase-locked loop neural networks},
  author={Hoppensteadt, Frank C and Izhikevich, Eugene M},
  journal={IEEE Transactions on Neural Networks},
  volume={11},
  number={3},
  pages={734--738},
  year={2000},
  publisher={IEEE}
}

@article{circuit_learn_3,
  title={Self-learning machines based on hamiltonian echo backpropagation},
  author={Lopez-Pastor, Victor and Marquardt, Florian},
  journal={Physical Review X},
  volume={13},
  number={3},
  pages={031020},
  year={2023},
  publisher={APS}
}

@article{hebbian_bio_1,
  title={Adaptive pattern classification and universal recoding: I. Parallel development and coding of neural feature detectors},
  author={Grossberg, Stephen},
  journal={Biological cybernetics},
  volume={23},
  number={3},
  pages={121--134},
  year={1976},
  publisher={Springer}
}

@article{hebbian_bio_2,
  title={Hebb and darwin},
  author={Adams, Paul},
  journal={Journal of theoretical Biology},
  volume={195},
  number={4},
  pages={419--438},
  year={1998},
  publisher={Elsevier}
}

@article{hebbian_unsupervised_1,
  title={Unsupervised learning by competing hidden units},
  author={Krotov, Dmitry and Hopfield, John J},
  journal={Proceedings of the National Academy of Sciences},
  volume={116},
  number={16},
  pages={7723--7731},
  year={2019},
  publisher={National Acad Sciences}
}

@article{hebbian_unsupervised_2,
  title={Hebbian deep learning without feedback},
  author={Journ{\'e}, Adrien and Rodriguez, Hector Garcia and Guo, Qinghai and Moraitis, Timoleon},
  journal={arXiv preprint arXiv:2209.11883},
  year={2022}
}

@article{hebbian_unsupervised_3,
  title={Softhebb: Bayesian inference in unsupervised hebbian soft winner-take-all networks},
  author={Moraitis, Timoleon and Toichkin, Dmitry and Journ{\'e}, Adrien and Chua, Yansong and Guo, Qinghai},
  journal={Neuromorphic Computing and Engineering},
  volume={2},
  number={4},
  pages={044017},
  year={2022},
  publisher={IOP Publishing}
}

@article{hebbian_unsupervised_4,
  title={Hebbian learning with gradients: Hebbian convolutional neural networks with modern deep learning frameworks},
  author={Miconi, Thomas},
  journal={arXiv preprint arXiv:2107.01729},
  year={2021}
}

@inproceedings{hebbian_unsupervised_5,
  title={Hebbnet: A simplified hebbian learning framework to do biologically plausible learning},
  author={Gupta, Manas and Ambikapathi, ArulMurugan and Ramasamy, Savitha},
  booktitle={ICASSP 2021-2021 IEEE International Conference on Acoustics, Speech and Signal Processing (ICASSP)},
  pages={3115--3119},
  year={2021},
  organization={IEEE}
}

@article{hebbian_unsupervised_6,
  title={Optimal Unsupervised Learning in a Single-Layer Linear},
  author={Network, Feedforward Neural},
  journal={Neural Networks},
  volume={2},
  pages={459--473},
  year={1989}
}

@article{hebbian_pca,
  title={Training convolutional neural networks with Hebbian principal component analysis},
  author={Lagani, Gabriele and Amato, Giuseppe and Falchi, Fabrizio and Gennaro, Claudio},
  journal={arXiv preprint arXiv:2012.12229},
  year={2020}
}

@inproceedings{hebbian_control_1,
  title={Fully autonomous real-time autoencoder-augmented Hebbian learning through the collection of novel experiences},
  author={Stanley, Kenneth and Pugh, Justin and Bowren, Joshua},
  booktitle={ALIFE 2016, the Fifteenth International Conference on the Synthesis and Simulation of Living Systems},
  pages={382--389},
  year={2016},
  organization={MIT Press}
}

@inproceedings{hebbian_control_2,
  title={Real-time hebbian learning from autoencoder features for control tasks},
  author={Pugh, Justin and Soltoggio, Andrea and Stanley, Kenneth},
  booktitle={Artificial Life Conference Proceedings},
  pages={202--209},
  year={2014},
  organization={MIT Press One Rogers Street, Cambridge, MA 02142-1209, USA journals-info~â€¦}
}

@article{retinal_wave_7,
  title={Sparse coding on the spot: Spontaneous retinal waves suffice for orientation selectivity},
  author={Hunt, Jonathan J and Ibbotson, Michael and Goodhill, Geoffrey J},
  journal={Neural computation},
  volume={24},
  number={9},
  pages={2422--2433},
  year={2012},
  publisher={MIT Press One Rogers Street, Cambridge, MA 02142-1209, USA journals-info~â€¦}
}

@article{hebbian_sparse_coding,
  title={Effect of top-down connections in Hierarchical Sparse Coding},
  author={Boutin, Victor and Franciosini, Angelo and Ruffier, Franck and Perrinet, Laurent},
  journal={Neural Computation},
  volume={32},
  number={11},
  pages={2279--2309},
  year={2020},
  publisher={MIT Press One Rogers Street, Cambridge, MA 02142-1209, USA journals-info~â€¦}
}

@article{hebbian_synaptic_1,
  title={Hebbian synapses: biophysical mechanisms and algorithms},
  author={Brown, Thomas H and Kairiss, Edward W and Keenan, Claude L},
  journal={Annual review of neuroscience},
  volume={13},
  number={1},
  pages={475--511},
  year={1990},
  publisher={Annual Reviews 4139 El Camino Way, PO Box 10139, Palo Alto, CA 94303-0139, USA}
}

@article{hebbian_synaptic_2,
  title={Hebbian learning and development},
  author={Munakata, Yuko and Pfaffly, Jason},
  journal={Developmental science},
  volume={7},
  number={2},
  pages={141--148},
  year={2004},
  publisher={Wiley Online Library}
}

@article{hebbian_math_1,
  title={Mathematical formulations of Hebbian learning},
  author={Gerstner, Wulfram and Kistler, Werner M},
  journal={Biological cybernetics},
  volume={87},
  number={5},
  pages={404--415},
  year={2002},
  publisher={Springer}
}

@software{matlab,
year = {2022},
author = {The MathWorks Inc.},
title = {MATLAB version: 9.13.0 (R2022b)},
publisher = {The MathWorks Inc.},
address = {Natick, Massachusetts, United States},
url = {https://www.mathworks.com}
}

@article{hebbian_kmeans,
  title={Modeling response properties of V2 neurons using a hierarchical K-means model},
  author={Hu, Xiaolin and Zhang, Jianwei and Qi, Peng and Zhang, Bo},
  journal={Neurocomputing},
  volume={134},
  pages={198--205},
  year={2014},
  publisher={Elsevier}
}

@article{spatialbot,
  title={Spatialbot: Precise spatial understanding with vision language models},
  author={Cai, Wenxiao and Ponomarenko, Iaroslav and Yuan, Jianhao and Li, Xiaoqi and Yang, Wankou and Dong, Hao and Zhao, Bo},
  journal={arXiv preprint arXiv:2406.13642},
  year={2024}
}

@article{vdd,
  title={VDD: Varied Drone Dataset for Semantic Segmentation},
  author={Cai, Wenxiao and Jin, Ke and Hou, Jinyan and Guo, Cong and Wu, Letian and Yang, Wankou},
  journal={arXiv preprint arXiv:2305.13608},
  year={2023}
}

@article{objgsp,
  title={Object-level Geometric Structure Preserving for Natural Image Stitching},
  author={Cai, Wenxiao and Yang, Wankou},
  journal={arXiv preprint arXiv:2402.12677},
  year={2024}
}

@article{uncert,
  title={Uncertainty Quantification in Stereo Matching},
  author={Cai, Wenxiao and Hu, Dongting and Yin, Ruoyan and Deng, Jiankang and Fu, Huan and Yang, Wankou and Gong, Mingming},
  journal={arXiv preprint arXiv:2412.18703},
  year={2024}
}