@article{chen2020defining,
  title={Defining smart contract defects on ethereum},
  author={Chen, Jiachi and Xia, Xin and Lo, David and Grundy, John and Luo, Xiapu and Chen, Ting},
  journal={IEEE Transactions on Software Engineering},
  volume={48},
  number={1},
  pages={327--345},
  year={2020},
  publisher={IEEE}
}

@inproceedings{choi2021smartian,
  title={Smartian: Enhancing smart contract fuzzing with static and dynamic data-flow analyses},
  author={Choi, Jaeseung and Kim, Doyeon and Kim, Soomin and Grieco, Gustavo and Groce, Alex and Cha, Sang Kil},
  booktitle={2021 36th IEEE/ACM International Conference on Automated Software Engineering (ASE)},
  pages={227--239},
  year={2021},
  organization={IEEE}
}

@inproceedings{de2008z3,
  title={Z3: An efficient SMT solver},
  author={De Moura, Leonardo and Bj{\o}rner, Nikolaj},
  booktitle={International conference on Tools and Algorithms for the Construction and Analysis of Systems},
  pages={337--340},
  year={2008},
  organization={Springer}
}

@inproceedings{feist2019slither,
  title={Slither: a static analysis framework for smart contracts},
  author={Feist, Josselin and Grieco, Gustavo and Groce, Alex},
  booktitle={2019 IEEE/ACM 2nd International Workshop on Emerging Trends in Software Engineering for Blockchain (WETSEB)},
  pages={8--15},
  year={2019},
  organization={IEEE}
}

@inproceedings{grieco2020echidna,
  title={Echidna: effective, usable, and fast fuzzing for smart contracts},
  author={Grieco, Gustavo and Song, Will and Cygan, Artur and Feist, Josselin and Groce, Alex},
  booktitle={Proceedings of the 29th ACM SIGSOFT international symposium on software testing and analysis},
  pages={557--560},
  year={2020}
}

@inproceedings{guidi2022sleepminting,
  title={Sleepminting, the brand new frontier of Non Fungible Tokens fraud},
  author={Guidi, Barbara and Michienzi, Andrea},
  booktitle={Proceedings of the 2022 ACM Conference on Information Technology for Social Good},
  pages={75--81},
  year={2022}
}

@article{guidi2023delving,
  title={Delving NFT vulnerabilities, a sleepminting prevention system},
  author={Guidi, Barbara and Michienzi, Andrea},
  journal={Multimedia Tools and Applications},
  volume={82},
  number={29},
  pages={46065--46084},
  year={2023},
  publisher={Springer}
}

@article{hu2023detect,
  title={Detect defects of solidity smart contract based on the knowledge graph},
  author={Hu, Tianyuan and Li, Bixin and Pan, Zhenyu and Qian, Chen},
  journal={IEEE Transactions on Reliability},
  volume={73},
  number={1},
  pages={186--202},
  year={2023},
  publisher={IEEE}
}

@inproceedings{jiang2018contractfuzzer,
  title={Contractfuzzer: Fuzzing smart contracts for vulnerability detection},
  author={Jiang, Bo and Liu, Ye and Chan, Wing Kwong},
  booktitle={Proceedings of the 33rd ACM/IEEE international conference on automated software engineering},
  pages={259--269},
  year={2018}
}

@inproceedings{luu2016making,
  title={Making smart contracts smarter},
  author={Luu, Loi and Chu, Duc-Hiep and Olickel, Hrishi and Saxena, Prateek and Hobor, Aquinas},
  booktitle={Proceedings of the 2016 ACM SIGSAC conference on computer and communications security},
  pages={254--269},
  year={2016}
}

@misc{mythril,
  title = {Mythril},
  howpublished = {Available: \url{https://mythril-classic.readthedocs.io/en/master/module-list.html}},
  year = {Mythril 2023},
}

@inproceedings{nguyen2020sfuzz,
  title={sfuzz: An efficient adaptive fuzzer for solidity smart contracts},
  author={Nguyen, Tai D and Pham, Long H and Sun, Jun and Lin, Yun and Minh, Quang Tran},
  booktitle={Proceedings of the ACM/IEEE 42nd International Conference on Software Engineering},
  pages={778--788},
  year={2020}
}

@inproceedings{nikolic2018finding,
  title={Finding the greedy, prodigal, and suicidal contracts at scale},
  author={Nikoli{\'c}, Ivica and Kolluri, Aashish and Sergey, Ilya and Saxena, Prateek and Hobor, Aquinas},
  booktitle={Proceedings of the 34th annual computer security applications conference},
  pages={653--663},
  year={2018}
}

@inproceedings{rao2012sailfish,
  title={Sailfish: A framework for large scale data processing},
  author={Rao, Sriram and Ramakrishnan, Raghu and Silberstein, Adam and Ovsiannikov, Mike and Reeves, Damian},
  booktitle={Proceedings of the Third ACM Symposium on Cloud Computing},
  pages={1--14},
  year={2012}
}

@misc{stackExchange,
  title = {stackExchange},
  howpublished = {Available: \url{https://stackexchange.com/}},
}

@inproceedings{yang2023definition,
  title={Definition and detection of defects in NFT smart contracts},
  author={Yang, Shuo and Chen, Jiachi and Zheng, Zibin},
  booktitle={Proceedings of the 32nd ACM SIGSOFT International Symposium on Software Testing and Analysis},
  pages={373--384},
  year={2023}
}

@inproceedings{zhong2024prettysmart,
  title={PrettySmart: Detecting Permission Re-delegation Vulnerability for Token Behaviors in Smart Contracts},
  author={Zhong, Zhijie and Zheng, Zibin and Dai, Hong-Ning and Xue, Qing and Chen, Junjia and Nan, Yuhong},
  booktitle={Proceedings of the IEEE/ACM 46th International Conference on Software Engineering},
  pages={1--12},
  year={2024}
}

