@ARTICLE{c14,
  title     = "Edge {AI}: On-demand accelerating deep neural network inference
               via edge computing",
  author    = "Li, En and Zeng, Liekang and Zhou, Zhi and Chen, Xu",
  journal   = "IEEE Trans. Wirel. Commun.",
  publisher = "Institute of Electrical and Electronics Engineers (IEEE)",
  volume    =  19,
  number    =  1,
  pages     = "447--457",
  month     =  jan,
  year      =  2020,
  copyright = "https://ieeexplore.ieee.org/Xplorehelp/downloads/license-information/IEEE.html"
}

@ARTICLE{c15,
  title     = "Edge-cloud computing for {IoT} data analytics: Embedding
               intelligence in the edge with deep learning",
  author    = "Ghosh, Ananda and Grolinger, Katarina",
  journal   = "IEEE Trans. Industr. Inform.",
  publisher = "Institute of Electrical and Electronics Engineers (IEEE)",
  pages     = "1--1",
  year      =  2020,
  copyright = "https://creativecommons.org/licenses/by/4.0/legalcode"
}

@ARTICLE{c16,
  title     = "Cyber-physical system security based on human activity
               recognition through {IoT} cloud computing",
  author    = "Achar, Sandesh and Faruqui, Nuruzzaman and Whaiduzzaman, Md and
               Awajan, Albara and Alazab, Moutaz",
  journal   = "Electronics (Basel)",
  publisher = "MDPI AG",
  volume    =  12,
  number    =  8,
  pages     = "1892",
  month     =  apr,
  year      =  2023,
  copyright = "https://creativecommons.org/licenses/by/4.0/",
  language  = "en"
}

@ARTICLE{c17,
  title     = "Enhancing human activity recognition using features reduction in
               {IoT} edge and Azure cloud",
  author    = "Wazwaz, Ayman A and Amin, Khalid M and Semari, Noura A and
               Ghanem, Tamer F",
  journal   = "Decision Analytics Journal",
  publisher = "Elsevier BV",
  volume    =  8,
  number    =  100282,
  pages     = "100282",
  month     =  sep,
  year      =  2023,
  copyright = "http://creativecommons.org/licenses/by-nc-nd/4.0/",
  language  = "en"
}

@BOOK{c23,
  title     = "Building machine learning pipelines",
  author    = "Hapke, Hannes",
  publisher = "O'Reilly Media",
  month     =  aug,
  year      =  2020,
  address   = "Sebastopol, CA",
  language  = "en"
}

@ARTICLE{c25,
  title     = "Deep learning for smart industry: Efficient manufacture
               inspection system with fog computing",
  author    = "Li, Liangzhi and Ota, Kaoru and Dong, Mianxiong",
  journal   = "IEEE Trans. Industr. Inform.",
  publisher = "Institute of Electrical and Electronics Engineers (IEEE)",
  volume    =  14,
  number    =  10,
  pages     = "4665--4673",
  month     =  oct,
  year      =  2018,
  copyright = "https://ieeexplore.ieee.org/Xplorehelp/downloads/license-information/IEEE.html"
}

@ARTICLE{c26,
  title     = "{DeepThings}: Distributed adaptive deep learning inference on
               resource-constrained {IoT} edge clusters",
  author    = "Zhao, Zhuoran and Barijough, Kamyar Mirzazad and Gerstlauer,
               Andreas",
  journal   = "IEEE Trans. Comput.-aided Des. Integr. Circuits Syst.",
  publisher = "Institute of Electrical and Electronics Engineers (IEEE)",
  volume    =  37,
  number    =  11,
  pages     = "2348--2359",
  month     =  nov,
  year      =  2018,
  copyright = "https://ieeexplore.ieee.org/Xplorehelp/downloads/license-information/IEEE.html"
}

@ARTICLE{c27,
  title     = "Wearable {IoT} smart-log patch: An edge computing-based Bayesian
               deep learning network system for multi access physical
               monitoring system",
  author    = "Manogaran, Gunasekaran and Shakeel, P Mohamed and Fouad, H and
               Nam, Yunyoung and Baskar, S and Chilamkurti, Naveen and
               Sundarasekar, Revathi",
  journal   = "Sensors (Basel)",
  publisher = "MDPI AG",
  volume    =  19,
  number    =  13,
  pages     = "3030",
  month     =  jul,
  year      =  2019,
  keywords  = "Bayesian neural network; edge computing; multi access physical
               monitoring system; multimedia technology; smart-log patch",
  copyright = "https://creativecommons.org/licenses/by/4.0/",
  language  = "en"
}

@ARTICLE{c28,
  title     = "An energy efficient {IoT} data compression approach for edge
               machine learning",
  author    = "Azar, Joseph and Makhoul, Abdallah and Barhamgi, Mahmoud and
               Couturier, Rapha{\"e}l",
  journal   = "Future Gener. Comput. Syst.",
  publisher = "Elsevier BV",
  volume    =  96,
  pages     = "168--175",
  month     =  jul,
  year      =  2019,
  language  = "en"
}

@ARTICLE{c29,
  title     = "{CoEdge}: Exploiting the edge-cloud collaboration for faster
               deep learning",
  author    = "Hu, Liangyan and Sun, Guodong and Ren, Yanlong",
  journal   = "IEEE Access",
  publisher = "Institute of Electrical and Electronics Engineers (IEEE)",
  volume    =  8,
  pages     = "100533--100541",
  year      =  2020,
  copyright = "https://creativecommons.org/licenses/by/4.0/legalcode"
}

@ARTICLE{c31,
  title     = "On construction of sensors, edge, and cloud ({iSEC}) framework
               for smart system integration and applications",
  author    = "Kristiani, Endah and Yang, Chao-Tung and Huang, Chin-Yin and Ko,
               Po-Cheng and Fathoni, Halim",
  journal   = "IEEE Internet Things J.",
  publisher = "Institute of Electrical and Electronics Engineers (IEEE)",
  volume    =  8,
  number    =  1,
  pages     = "309--319",
  month     =  jan,
  year      =  2021,
  copyright = "https://ieeexplore.ieee.org/Xplorehelp/downloads/license-information/IEEE.html"
}

@INPROCEEDINGS{c32,
  title           = "Edge {MLOps}: An Automation Framework for {AIoT}
                     Applications",
  booktitle       = "2021 {IEEE} International Conference on Cloud Engineering
                     ({IC2E})",
  author          = "Raj, Emmanuel and Buffoni, David and Westerlund, Magnus
                     and Ahola, Kimmo",
  publisher       = "IEEE",
  month           =  oct,
  year            =  2021,
  copyright       = "https://ieeexplore.ieee.org/Xplorehelp/downloads/license-information/IEEE.html",
  conference      = "2021 IEEE International Conference on Cloud Engineering
                     (IC2E)",
  location        = "San Francisco, CA, USA"
}

@ARTICLE{c33,
  title     = "End-to-end industrial {IoT}: Software optimization and
               acceleration",
  author    = "Arunachalam, Meena and Sanghavi, Vrushabh and Kaira, Samudyatha
               and Ahuja, Nilesh A",
  journal   = "IEEE Internet Things M.",
  publisher = "Institute of Electrical and Electronics Engineers (IEEE)",
  volume    =  5,
  number    =  1,
  pages     = "48--53",
  month     =  mar,
  year      =  2022,
  copyright = "https://ieeexplore.ieee.org/Xplorehelp/downloads/license-information/IEEE.html"
}

@ARTICLE{c36,
  title     = "{IoT} wearable sensor and deep learning: An integrated approach
               for personalized human activity recognition in a smart home
               environment",
  author    = "Bianchi, Valentina and Bassoli, Marco and Lombardo, Gianfranco
               and Fornacciari, Paolo and Mordonini, Monica and De Munari,
               Ilaria",
  journal   = "IEEE Internet Things J.",
  publisher = "Institute of Electrical and Electronics Engineers (IEEE)",
  volume    =  6,
  number    =  5,
  pages     = "8553--8562",
  month     =  oct,
  year      =  2019,
  copyright = "https://ieeexplore.ieee.org/Xplorehelp/downloads/license-information/IEEE.html"
}

@ARTICLE{c37,
  title     = "Towards edge-based deep learning in Industrial Internet of
               Things",
  author    = "Liang, Fan and Yu, Wei and Liu, Xing and Griffith, David and
               Golmie, Nada",
  journal   = "IEEE Internet Things J.",
  publisher = "Institute of Electrical and Electronics Engineers (IEEE)",
  volume    =  7,
  number    =  5,
  pages     = "4329--4341",
  month     =  may,
  year      =  2020,
  keywords  = "Distributed deep learning; Edge Computing; Fog Computing;
               Industrial IoT",
  copyright = "https://ieeexplore.ieee.org/Xplorehelp/downloads/license-information/IEEE.html",
  language  = "en"
}

@ARTICLE{c38,
  title     = "Fog-embedded deep learning for the internet of things",
  author    = "Lyu, Lingjuan and Bezdek, James C and He, Xuanli and Jin, Jiong",
  journal   = "IEEE Trans. Industr. Inform.",
  publisher = "Institute of Electrical and Electronics Engineers (IEEE)",
  volume    =  15,
  number    =  7,
  pages     = "4206--4215",
  month     =  jul,
  year      =  2019
}

@INPROCEEDINGS{c9,
  title           = "Deep learning: Edge-cloud data analytics for {IoT}",
  booktitle       = "2019 {IEEE} Canadian Conference of Electrical and Computer
                     Engineering ({CCECE})",
  author          = "Ghosh, Ananda M and Grolinger, Katarina",
  publisher       = "IEEE",
  year            =  2019,
  copyright       = "https://ieeexplore.ieee.org/Xplorehelp/downloads/license-information/IEEE.html",
  conference      = "2019 IEEE Canadian Conference of Electrical and Computer
                     Engineering (CCECE)",
  location        = "Edmonton, AB, Canada"
}

