@ARTICLE{c1,
  title     = "Edge computing for industry 5.0: Fundamental, applications, and
               research challenges",
  author    = "Sharma, Megha and Tomar, Abhinav and Hazra, Abhishek",
  journal   = "IEEE Internet Things J.",
  publisher = "Institute of Electrical and Electronics Engineers (IEEE)",
  volume    =  11,
  number    =  11,
  pages     = "19070--19093",
  month     =  jun,
  year      =  2024,
  copyright = "https://ieeexplore.ieee.org/Xplorehelp/downloads/license-information/IEEE.html"
}

@ARTICLE{c2,
  title     = "Moving deep learning to the edge",
  author    = "V{\'e}stias, M{\'a}rio P and Duarte, Rui Policarpo and de Sousa,
               Jos{\'e} T and Neto, Hor{\'a}cio C",
  journal   = "Algorithms",
  publisher = "MDPI AG",
  volume    =  13,
  number    =  5,
  pages     = "125",
  month     =  may,
  year      =  2020,
  copyright = "https://creativecommons.org/licenses/by/4.0/",
  language  = "en"
}

@ARTICLE{c3,
  title     = "Intelligent cooperative edge computing in internet of things",
  author    = "Gong, Chao and Lin, Fuhong and Gong, Xiaowen and Lu, Yueming",
  journal   = "IEEE Internet Things J.",
  publisher = "Institute of Electrical and Electronics Engineers (IEEE)",
  volume    =  7,
  number    =  10,
  pages     = "9372--9382",
  month     =  oct,
  year      =  2020,
  copyright = "https://ieeexplore.ieee.org/Xplorehelp/downloads/license-information/IEEE.html"
}

@ARTICLE{c4,
  title     = "Edge machine learning: Enabling smart Internet of things
               applications",
  author    = "Yazici, Mahmut and Basurra, Shadi and Gaber, Mohamed",
  journal   = "Big Data Cogn. Comput.",
  publisher = "MDPI AG",
  volume    =  2,
  number    =  3,
  pages     = "26",
  month     =  sep,
  year      =  2018,
  copyright = "https://creativecommons.org/licenses/by/4.0/",
  language  = "en"
}

@ARTICLE{c5,
  title     = "{SM@RMFFOG}: sensor mining at resource management framework of
               fog computing",
  author    = "Masoudi, Sepide and Safi-Esfahani, Faramarz",
  journal   = "J. Supercomput.",
  publisher = "Springer Science and Business Media LLC",
  volume    =  78,
  number    =  17,
  pages     = "19188--19227",
  month     =  nov,
  year      =  2022,
  language  = "en"
}

@ARTICLE{c6,
  title     = "Communication-efficient edge {AI}: Algorithms and systems",
  author    = "Shi, Yuanming and Yang, Kai and Jiang, Tao and Zhang, Jun and
               Letaief, Khaled B",
  journal   = "IEEE Commun. Surv. Tutor.",
  publisher = "Institute of Electrical and Electronics Engineers (IEEE)",
  volume    =  22,
  number    =  4,
  pages     = "2167--2191",
  year      =  2020,
  copyright = "https://ieeexplore.ieee.org/Xplorehelp/downloads/license-information/IEEE.html"
}

@ARTICLE{c7,
  title     = "From cloud down to things: An overview of machine learning in
               internet of things",
  author    = "Samie, Farzad and Bauer, Lars and Henkel, Jorg",
  journal   = "IEEE Internet Things J.",
  publisher = "Institute of Electrical and Electronics Engineers (IEEE)",
  volume    =  6,
  number    =  3,
  pages     = "4921--4934",
  year      =  2019
}

@ARTICLE{c8,
  title     = "Edge machine learning for {AI-enabled} {IoT} devices: A review",
  author    = "Merenda, Massimo and Porcaro, Carlo and Iero, Demetrio",
  journal   = "Sensors (Basel)",
  publisher = "MDPI AG",
  volume    =  20,
  number    =  9,
  pages     = "2533",
  year      =  2020,
  keywords  = "Internet of Things; artificial intelligence; deep learning; edge
               devices; machine learning",
  copyright = "https://creativecommons.org/licenses/by/4.0/",
  language  = "en"
}

@INPROCEEDINGS{c9,
  title           = "Deep learning: Edge-cloud data analytics for {IoT}",
  booktitle       = "2019 {IEEE} Canadian Conference of Electrical and Computer
                     Engineering ({CCECE})",
  author          = "Ghosh, Ananda M and Grolinger, Katarina",
  publisher       = "IEEE",
  year            =  2019,
  copyright       = "https://ieeexplore.ieee.org/Xplorehelp/downloads/license-information/IEEE.html",
  conference      = "2019 IEEE Canadian Conference of Electrical and Computer
                     Engineering (CCECE)",
  location        = "Edmonton, AB, Canada"
}

@ARTICLE{c10,
  title     = "Deep learning with edge computing: A review",
  author    = "Chen, Jiasi and Ran, Xukan",
  journal   = "Proc. IEEE Inst. Electr. Electron. Eng.",
  publisher = "Institute of Electrical and Electronics Engineers (IEEE)",
  volume    =  107,
  number    =  8,
  pages     = "1655--1674",
  month     =  aug,
  year      =  2019,
  copyright = "https://ieeexplore.ieee.org/Xplorehelp/downloads/license-information/IEEE.html"
}

@ARTICLE{c11,
  title     = "A survey of recent advances in edge-computing-powered artificial intelligence of things",
  author    = "Chang, Zhuoqing and Liu, Shubo and Xiong, Xingxing and Cai,
               Zhaohui and Tu, Guoqing",
  journal   = "IEEE Internet Things J.",
  publisher = "Institute of Electrical and Electronics Engineers (IEEE)",
  volume    =  8,
  number    =  18,
  pages     = "13849--13875",
  month     =  sep,
  year      =  2021,
  copyright = "https://ieeexplore.ieee.org/Xplorehelp/downloads/license-information/IEEE.html"
}

@ARTICLE{c12,
  title     = "Empowering things with intelligence: A survey of the progress,
               challenges, and opportunities in artificial intelligence of
               things",
  author    = "Zhang, Jing and Tao, Dacheng",
  journal   = "IEEE Internet Things J.",
  publisher = "Institute of Electrical and Electronics Engineers (IEEE)",
  volume    =  8,
  number    =  10,
  pages     = "7789--7817",
  month     =  may,
  year      =  2021,
  copyright = "https://ieeexplore.ieee.org/Xplorehelp/downloads/license-information/IEEE.html"
}

@ARTICLE{c13,
  title     = "Edge intelligence: Paving the last mile of artificial
               intelligence with edge computing",
  author    = "Zhou, Zhi and Chen, Xu and Li, En and Zeng, Liekang and Luo, Ke
               and Zhang, Junshan",
  journal   = "Proc. IEEE Inst. Electr. Electron. Eng.",
  publisher = "Institute of Electrical and Electronics Engineers (IEEE)",
  volume    =  107,
  number    =  8,
  pages     = "1738--1762",
  month     =  aug,
  year      =  2019
}

@ARTICLE{c14,
  title     = "Edge {AI}: On-demand accelerating deep neural network inference
               via edge computing",
  author    = "Li, En and Zeng, Liekang and Zhou, Zhi and Chen, Xu",
  journal   = "IEEE Trans. Wirel. Commun.",
  publisher = "Institute of Electrical and Electronics Engineers (IEEE)",
  volume    =  19,
  number    =  1,
  pages     = "447--457",
  month     =  jan,
  year      =  2020,
  copyright = "https://ieeexplore.ieee.org/Xplorehelp/downloads/license-information/IEEE.html"
}

@ARTICLE{c15,
  title     = "Edge-cloud computing for {IoT} data analytics: Embedding
               intelligence in the edge with deep learning",
  author    = "Ghosh, Ananda and Grolinger, Katarina",
  journal   = "IEEE Trans. Industr. Inform.",
  publisher = "Institute of Electrical and Electronics Engineers (IEEE)",
  pages     = "1--1",
  year      =  2020,
  copyright = "https://creativecommons.org/licenses/by/4.0/legalcode"
}

@ARTICLE{c16,
  title     = "Cyber-physical system security based on human activity
               recognition through {IoT} cloud computing",
  author    = "Achar, Sandesh and Faruqui, Nuruzzaman and Whaiduzzaman, Md and
               Awajan, Albara and Alazab, Moutaz",
  journal   = "Electronics (Basel)",
  publisher = "MDPI AG",
  volume    =  12,
  number    =  8,
  pages     = "1892",
  month     =  apr,
  year      =  2023,
  copyright = "https://creativecommons.org/licenses/by/4.0/",
  language  = "en"
}

@ARTICLE{c17,
  title     = "Enhancing human activity recognition using features reduction in
               {IoT} edge and Azure cloud",
  author    = "Wazwaz, Ayman A and Amin, Khalid M and Semari, Noura A and
               Ghanem, Tamer F",
  journal   = "Decision Analytics Journal",
  publisher = "Elsevier BV",
  volume    =  8,
  number    =  100282,
  pages     = "100282",
  month     =  sep,
  year      =  2023,
  copyright = "http://creativecommons.org/licenses/by-nc-nd/4.0/",
  language  = "en"
}

@ARTICLE{c18,
  title     = "Design, implementation and validation of a novel open framework
               for agile development of mobile health applications",
  author    = "Banos, Oresti and Villalonga, Claudia and Garcia, Rafael and
               Saez, Alejandro and Damas, Miguel and Holgado-Terriza, Juan A
               and Lee, Sungyong and Pomares, Hector and Rojas, Ignacio",
  journal   = "Biomed. Eng. Online",
  publisher = "Springer Nature",
  volume    = "14 Suppl 2",
  number    = "Suppl 2",
  pages     = "S6",
  month     =  aug,
  year      =  2015,
  language  = "en"
}

@ARTICLE{c19,
  title     = "Deep learning",
  author    = "LeCun, Yann and Bengio, Yoshua and Hinton, Geoffrey",
  journal   = "Nature",
  publisher = "Springer Science and Business Media LLC",
  volume    =  521,
  number    =  7553,
  pages     = "436--444",
  month     =  may,
  year      =  2015,
  language  = "en"
}

@ARTICLE{c20,
  title     = "Middleware for internet of things: A survey",
  author    = "Razzaque, Mohammad Abdur and Milojevic-Jevric, Marija and
               Palade, Andrei and Clarke, Siobhan",
  journal   = "IEEE Internet Things J.",
  publisher = "Institute of Electrical and Electronics Engineers (IEEE)",
  volume    =  3,
  number    =  1,
  pages     = "70--95",
  month     =  feb,
  year      =  2016,
  copyright = "https://ieeexplore.ieee.org/Xplorehelp/downloads/license-information/IEEE.html"
}

@ARTICLE{c21,
  title     = "Computation offloading for smart devices in fog-cloud queuing
               system",
  author    = "Sufyan, Farhan and Banerjee, Amit",
  journal   = "IETE J. Res.",
  publisher = "Informa UK Limited",
  pages     = "1--13",
  month     =  jan,
  year      =  2021,
  language  = "en"
}

@ARTICLE{c22,
  title     = "The emergence of edge computing",
  author    = "Satyanarayanan, Mahadev",
  journal   = "Computer (Long Beach Calif.)",
  publisher = "Institute of Electrical and Electronics Engineers (IEEE)",
  volume    =  50,
  number    =  1,
  pages     = "30--39",
  month     =  jan,
  year      =  2017,
  copyright = "https://ieeexplore.ieee.org/Xplorehelp/downloads/license-information/IEEE.html"
}


@BOOK{c23,
  title     = "Building machine learning pipelines",
  author    = "Hapke, Hannes",
  publisher = "O'Reilly Media",
  month     =  aug,
  year      =  2020,
  address   = "Sebastopol, CA",
  language  = "en"
}

@BOOK{c24,
  title        = "Deep learning patterns and practices",
  publisher    = "Manning Publications",
  author       = "Ferlitsch, Andrew",
  abstract     = "This book is a unique guide to building successful deep
                  learning applications. Save hours of trial-and-error by
                  applying proven patterns and practices to your projects.",
  howpublished = "\url{https://www.manning.com/books/deep-learning-patterns-and-practices}",
  year         = "2021",
  language     = "en"
}

@ARTICLE{c25,
  title     = "Deep learning for smart industry: Efficient manufacture
               inspection system with fog computing",
  author    = "Li, Liangzhi and Ota, Kaoru and Dong, Mianxiong",
  journal   = "IEEE Trans. Industr. Inform.",
  publisher = "Institute of Electrical and Electronics Engineers (IEEE)",
  volume    =  14,
  number    =  10,
  pages     = "4665--4673",
  month     =  oct,
  year      =  2018,
  copyright = "https://ieeexplore.ieee.org/Xplorehelp/downloads/license-information/IEEE.html"
}

@ARTICLE{c26,
  title     = "{DeepThings}: Distributed adaptive deep learning inference on
               resource-constrained {IoT} edge clusters",
  author    = "Zhao, Zhuoran and Barijough, Kamyar Mirzazad and Gerstlauer,
               Andreas",
  journal   = "IEEE Trans. Comput.-aided Des. Integr. Circuits Syst.",
  publisher = "Institute of Electrical and Electronics Engineers (IEEE)",
  volume    =  37,
  number    =  11,
  pages     = "2348--2359",
  month     =  nov,
  year      =  2018,
  copyright = "https://ieeexplore.ieee.org/Xplorehelp/downloads/license-information/IEEE.html"
}

@ARTICLE{c27,
  title     = "Wearable {IoT} smart-log patch: An edge computing-based Bayesian
               deep learning network system for multi access physical
               monitoring system",
  author    = "Manogaran, Gunasekaran and Shakeel, P Mohamed and Fouad, H and
               Nam, Yunyoung and Baskar, S and Chilamkurti, Naveen and
               Sundarasekar, Revathi",
  journal   = "Sensors (Basel)",
  publisher = "MDPI AG",
  volume    =  19,
  number    =  13,
  pages     = "3030",
  month     =  jul,
  year      =  2019,
  keywords  = "Bayesian neural network; edge computing; multi access physical
               monitoring system; multimedia technology; smart-log patch",
  copyright = "https://creativecommons.org/licenses/by/4.0/",
  language  = "en"
}

@ARTICLE{c28,
  title     = "An energy efficient {IoT} data compression approach for edge
               machine learning",
  author    = "Azar, Joseph and Makhoul, Abdallah and Barhamgi, Mahmoud and
               Couturier, Rapha{\"e}l",
  journal   = "Future Gener. Comput. Syst.",
  publisher = "Elsevier BV",
  volume    =  96,
  pages     = "168--175",
  month     =  jul,
  year      =  2019,
  language  = "en"
}


@ARTICLE{c29,
  title     = "{CoEdge}: Exploiting the edge-cloud collaboration for faster
               deep learning",
  author    = "Hu, Liangyan and Sun, Guodong and Ren, Yanlong",
  journal   = "IEEE Access",
  publisher = "Institute of Electrical and Electronics Engineers (IEEE)",
  volume    =  8,
  pages     = "100533--100541",
  year      =  2020,
  copyright = "https://creativecommons.org/licenses/by/4.0/legalcode"
}

@ARTICLE{c30,
  title     = "Distributed artificial intelligence-as-a-service ({DAIaaS}) for
               smarter {IoE} and {6G} environments",
  author    = "Janbi, Nourah and Katib, Iyad and Albeshri, Aiiad and Mehmood,
               Rashid",
  journal   = "Sensors (Basel)",
  publisher = "MDPI AG",
  volume    =  20,
  number    =  20,
  pages     = "5796",
  month     =  oct,
  year      =  2020,
  keywords  = "6th generation (6G) networks; Distributed AI as a Service
               (DAIaaS); artificial intelligence; cloud computing; edge
               computing; fog computing; internet of everything (IoE); smart
               airport; smart districts",
  copyright = "https://creativecommons.org/licenses/by/4.0/",
  language  = "en"
}

@ARTICLE{c31,
  title     = "On construction of sensors, edge, and cloud ({iSEC}) framework
               for smart system integration and applications",
  author    = "Kristiani, Endah and Yang, Chao-Tung and Huang, Chin-Yin and Ko,
               Po-Cheng and Fathoni, Halim",
  journal   = "IEEE Internet Things J.",
  publisher = "Institute of Electrical and Electronics Engineers (IEEE)",
  volume    =  8,
  number    =  1,
  pages     = "309--319",
  month     =  jan,
  year      =  2021,
  copyright = "https://ieeexplore.ieee.org/Xplorehelp/downloads/license-information/IEEE.html"
}

@INPROCEEDINGS{c32,
  title           = "Edge {MLOps}: An Automation Framework for {AIoT}
                     Applications",
  booktitle       = "2021 {IEEE} International Conference on Cloud Engineering
                     ({IC2E})",
  author          = "Raj, Emmanuel and Buffoni, David and Westerlund, Magnus
                     and Ahola, Kimmo",
  publisher       = "IEEE",
  month           =  oct,
  year            =  2021,
  copyright       = "https://ieeexplore.ieee.org/Xplorehelp/downloads/license-information/IEEE.html",
  conference      = "2021 IEEE International Conference on Cloud Engineering
                     (IC2E)",
  location        = "San Francisco, CA, USA"
}

@ARTICLE{c33,
  title     = "End-to-end industrial {IoT}: Software optimization and
               acceleration",
  author    = "Arunachalam, Meena and Sanghavi, Vrushabh and Kaira, Samudyatha
               and Ahuja, Nilesh A",
  journal   = "IEEE Internet Things M.",
  publisher = "Institute of Electrical and Electronics Engineers (IEEE)",
  volume    =  5,
  number    =  1,
  pages     = "48--53",
  month     =  mar,
  year      =  2022,
  copyright = "https://ieeexplore.ieee.org/Xplorehelp/downloads/license-information/IEEE.html"
}

@ARTICLE{c34,
  title    = "Power efficient Machine Learning models deployment on edge {IoT}
              devices",
  author   = "Fanariotis, Anastasios and Orphanoudakis, Theofanis and
              Kotrotsios, Konstantinos and Fotopoulos, Vassilis and Keramidas,
              George and Karkazis, Panagiotis",
  journal  = "Sensors (Basel)",
  volume   =  23,
  number   =  3,
  month    =  feb,
  year     =  2023,
  keywords = "autonomous systems; edge computing; machine learning; neural
              networks compression; power efficiency",
  language = "en"
}

@ARTICLE{c35,
  title     = "Flexible deployment of machine learning inference pipelines in
               the {Cloud--edge--IoT} continuum",
  author    = "Bogacka, Karolina and Sowi{\'n}ski, Piotr and Danilenka,
               Anastasiya and Biot, Francisco Mahedero and
               Wasielewska-Michniewska, Katarzyna and Ganzha, Maria and
               Paprzycki, Marcin and Palau, Carlos E",
  journal   = "Electronics (Basel)",
  publisher = "MDPI AG",
  volume    =  13,
  number    =  10,
  pages     = "1888",
  month     =  may,
  year      =  2024,
  copyright = "https://creativecommons.org/licenses/by/4.0/",
  language  = "en"
}

@ARTICLE{c36,
  title     = "{IoT} wearable sensor and deep learning: An integrated approach
               for personalized human activity recognition in a smart home
               environment",
  author    = "Bianchi, Valentina and Bassoli, Marco and Lombardo, Gianfranco
               and Fornacciari, Paolo and Mordonini, Monica and De Munari,
               Ilaria",
  journal   = "IEEE Internet Things J.",
  publisher = "Institute of Electrical and Electronics Engineers (IEEE)",
  volume    =  6,
  number    =  5,
  pages     = "8553--8562",
  month     =  oct,
  year      =  2019,
  copyright = "https://ieeexplore.ieee.org/Xplorehelp/downloads/license-information/IEEE.html"
}

@ARTICLE{c37,
  title     = "Towards edge-based deep learning in Industrial Internet of
               Things",
  author    = "Liang, Fan and Yu, Wei and Liu, Xing and Griffith, David and
               Golmie, Nada",
  journal   = "IEEE Internet Things J.",
  publisher = "Institute of Electrical and Electronics Engineers (IEEE)",
  volume    =  7,
  number    =  5,
  pages     = "4329--4341",
  month     =  may,
  year      =  2020,
  keywords  = "Distributed deep learning; Edge Computing; Fog Computing;
               Industrial IoT",
  copyright = "https://ieeexplore.ieee.org/Xplorehelp/downloads/license-information/IEEE.html",
  language  = "en"
}

@ARTICLE{c38,
  title     = "Fog-embedded deep learning for the internet of things",
  author    = "Lyu, Lingjuan and Bezdek, James C and He, Xuanli and Jin, Jiong",
  journal   = "IEEE Trans. Industr. Inform.",
  publisher = "Institute of Electrical and Electronics Engineers (IEEE)",
  volume    =  15,
  number    =  7,
  pages     = "4206--4215",
  month     =  jul,
  year      =  2019
}

@MISC{c39,
  author    = "Larian, Habib",
  howpublished = "\url{https://github.com/IDAS-Labratory/InTec_Framework}",
  note         = "Accessed: 2025-2-8"
}

@MISC{c40,
  title     = "{MHEALTH}",
  author    = "Saez, Oresti Banos, Rafael Garcia",
  publisher = "UCI Machine Learning Repository",
  year      =  2014
}
