@inproceedings{Ahn2018PSA,
  title={Learning pixel-level semantic affinity with image-level supervision for weakly supervised semantic segmentation},
  author={Ahn, Jiwoon and Kwak, Suha},
  booktitle={CVPR},
  year={2018}
}

@inproceedings{CRF,
  title={Efficient Inference in Fully Connected CRFs with Gaussian Edge Potentials},
  author={Philipp Kr{\"a}henb{\"u}hl and Vladlen Koltun},
  booktitle={NeurIPS},
  year={2011}
}

@inproceedings{Dai2015BoxSupEB,
  title={BoxSup: Exploiting Bounding Boxes to Supervise Convolutional Networks for Semantic Segmentation},
  author={Jifeng Dai and Kaiming He and Jian Sun},
  booktitle={ICCV},
  year={2015},
}

@inproceedings{Lin2016ScribbleSupSC,
  title={ScribbleSup: Scribble-Supervised Convolutional Networks for Semantic Segmentation},
  author={Di Lin and Jifeng Dai and Jiaya Jia and Kaiming He and Jian Sun},
  booktitle={CVPR},
  year={2016},
}

@inproceedings{Papandreou2015WeaklyandSL,
  title={Weakly-and Semi-Supervised Learning of a Deep Convolutional Network for Semantic Image Segmentation},
  author={George Papandreou and Liang-Chieh Chen and Kevin P. Murphy and Alan Loddon Yuille},
  booktitle={ICCV},
  year={2015},
}

@inproceedings{Wang2020SEAM,
  title={Self-Supervised Equivariant Attention Mechanism for Weakly Supervised Semantic Segmentation},
  author={Yude Wang and Jie Zhang and Meina Kan and S. Shan and Xilin Chen},
  booktitle={CVPR},
  year={2020},
}

@inproceedings{Xie_2022_CLIMS,
    author    = {Xie, Jinheng and Hou, Xianxu and Ye, Kai and Shen, Linlin},
    title     = {{CLIMS}: Cross Language Image Matching for Weakly Supervised Semantic Segmentation},
    booktitle = {CVPR},
    month     = {June},
    year      = {2022},
}

@inproceedings{cheng2020cascadepsp,
  title={Cascadepsp: Toward class-agnostic and very high-resolution segmentation via global and local refinement},
  author={Cheng, Ho Kei and Chung, Jihoon and Tai, Yu-Wing and Tang, Chi-Keung},
  booktitle={CVPR},
  pages={8890--8899},
  year={2020}
}

@article{cheng2023segmenttrack,
  title={Segment and track anything},
  author={Cheng, Yangming and Li, Liulei and Xu, Yuanyou and Li, Xiaodi and Yang, Zongxin and Wang, Wenguan and Yang, Yi},
  journal={arXiv preprint arXiv:2305.06558},
  year={2023}
}

@inproceedings{cho2021picie,
  title={Picie: Unsupervised semantic segmentation using invariance and equivariance in clustering},
  author={Cho, Jang Hyun and Mall, Utkarsh and Bala, Kavita and Hariharan, Bharath},
  booktitle={CVPR},
  pages={16794--16804},
  year={2021}
}

@article{filipiak2022politetearcher,
  title={Polite Teacher: Semi-Supervised Instance Segmentation with Mutual Learning and Pseudo-Label Thresholding},
  author={Filipiak, Dominik and Zapa{\l}a, Andrzej and Tempczyk, Piotr and Fensel, Anna and Cygan, Marek},
  journal={arXiv preprint arXiv:2211.03850},
  year={2022}
}

@inproceedings{gao2023editanything,
  title={Editanything: Empowering unparalleled flexibility in image editing and generation},
  author={Gao, Shanghua and Lin, Zhijie and Xie, Xingyu and Zhou, Pan and Cheng, Ming-Ming and Yan, Shuicheng},
  booktitle={Proceedings of the 31st ACM International Conference on Multimedia},
  pages={9414--9416},
  year={2023}
}

@article{han2023samtransparent,
  title={Segment anything model (sam) meets glass: Mirror and transparent objects cannot be easily detected},
  author={Han, Dongsheng and Zhang, Chaoning and Qiao, Yu and Qamar, Maryam and Jung, Yuna and Lee, SeungKyu and Bae, Sung-Ho and Hong, Choong Seon},
  journal={arXiv preprint arXiv:2305.00278},
  year={2023}
}

@inproceedings{he2017maskrcnn,
  title={Mask r-cnn},
  author={He, Kaiming and Gkioxari, Georgia and Doll{\'a}r, Piotr and Girshick, Ross},
  booktitle={ICCV},
  pages={2961--2969},
  year={2017}
}

@inproceedings{hwang2019segsort,
  title={Segsort: Segmentation by discriminative sorting of segments},
  author={Hwang, Jyh-Jing and Yu, Stella X and Shi, Jianbo and Collins, Maxwell D and Yang, Tien-Ju and Zhang, Xiao and Chen, Liang-Chieh},
  booktitle={ICCV},
  pages={7334--7344},
  year={2019}
}

@inproceedings{ke2022hsg,
  title={Unsupervised Hierarchical Semantic Segmentation with Multiview Cosegmentation and Clustering Transformers},
  author={Ke, Tsung-Wei and Hwang, Jyh-Jing and Guo, Yunhui and Wang, Xudong and Yu, Stella X},
  booktitle={CVPR},
  pages={2571--2581},
  year={2022}
}

@inproceedings{kirillov2020pointrend,
  title={Pointrend: Image segmentation as rendering},
  author={Kirillov, Alexander and Wu, Yuxin and He, Kaiming and Girshick, Ross},
  booktitle={CVPR},
  pages={9799--9808},
  year={2020}
}

@inproceedings{lin2014microsoftcoco,
  title={Microsoft coco: Common objects in context},
  author={Lin, Tsung-Yi and Maire, Michael and Belongie, Serge and Hays, James and Perona, Pietro and Ramanan, Deva and Doll{\'a}r, Piotr and Zitnick, C Lawrence},
  booktitle={ECCV},
  year={2014},
}

@article{ma2024medsam,
  title={Segment anything in medical images},
  author={Ma, Jun and He, Yuting and Li, Feifei and Han, Lin and You, Chenyu and Wang, Bo},
  journal={Nature Communications},
  volume={15},
  number={1},
  pages={654},
  year={2024},
  publisher={Nature Publishing Group UK London}
}

@inproceedings{shen2022crm,
  title={High quality segmentation for ultra high-resolution images},
  author={Shen, Tiancheng and Zhang, Yuechen and Qi, Lu and Kuen, Jason and Xie, Xingyu and Wu, Jianlong and Lin, Zhe and Jia, Jiaya},
  booktitle={CVPR},
  pages={1310--1319},
  year={2022}
}

@article{shen2023anything3d,
  title={Anything-3d: Towards single-view anything reconstruction in the wild},
  author={Shen, Qiuhong and Yang, Xingyi and Wang, Xinchao},
  journal={arXiv preprint arXiv:2304.10261},
  year={2023}
}

@inproceedings{shin2023namedmask,
  title={Namedmask: Distilling segmenters from complementary foundation models},
  author={Shin, Gyungin and Xie, Weidi and Albanie, Samuel},
  booktitle={CVPR},
  pages={4960--4969},
  year={2023}
}

@inproceedings{shinreco,
  title={ReCo: Retrieve and Co-segment for Zero-shot Transfer},
  author={Shin, Gyungin and Xie, Weidi and Albanie, Samuel},
  booktitle={NeurIPS},
  year={2022},
}

@inproceedings{spnet,
  title={Semantic projection network for zero-and few-label semantic segmentation},
  author={Xian, Yongqin and Choudhury, Subhabrata and He, Yang and Schiele, Bernt and Akata, Zeynep},
  booktitle={CVPR},
  pages={8256--8265},
  year={2019}
}

@inproceedings{tang2021look,
  title={Look closer to segment better: Boundary patch refinement for instance segmentation},
  author={Tang, Chufeng and Chen, Hang and Li, Xiao and Li, Jianmin and Zhang, Zhaoxiang and Hu, Xiaolin},
  booktitle={CVPR},
  pages={13926--13935},
  year={2021}
}

@article{tang2023samcamouflaged,
  title={Can sam segment anything? when sam meets camouflaged object detection},
  author={Tang, Lv and Xiao, Haoke and Li, Bo},
  journal={arXiv preprint arXiv:2304.04709},
  year={2023}
}

@inproceedings{van2021maskcontrast,
  title={Unsupervised semantic segmentation by contrasting object mask proposals},
  author={Van Gansbeke, Wouter and Vandenhende, Simon and Georgoulis, Stamatios and Van Gool, Luc},
  booktitle={ICCV},
  pages={10052--10062},
  year={2021}
}

@inproceedings{wang2022noisyboundary,
  title={Noisy Boundaries: Lemon or Lemonade for Semi-supervised Instance Segmentation?},
  author={Wang, Zhenyu and Li, Yali and Wang, Shengjin},
  booktitle={CVPR},
  pages={16826--16835},
  year={2022}
}

@inproceedings{xu2017deepmat,
  title={Deep image matting},
  author={Xu, Ning and Price, Brian and Cohen, Scott and Huang, Thomas},
  booktitle={CVPR},
  pages={2970--2979},
  year={2017}
}

@inproceedings{xu2022mctformer,
  title={Multi-class Token Transformer for Weakly Supervised Semantic Segmentation},
  author={Xu, Lian and Ouyang, Wanli and Bennamoun, Mohammed and Boussaid, Farid and Xu, Dan},
  booktitle={CVPR},
  year={2022}
}

@article{xu2022pcr,
  title={Semi-supervised semantic segmentation with prototype-based consistency regularization},
  author={Xu, Haiming and Liu, Lingqiao and Bian, Qiuchen and Yang, Zhen},
  journal={NeurIPS},
  volume={35},
  pages={26007--26020},
  year={2022}
}

@article{yang2023trackanything,
  title={Track anything: Segment anything meets videos},
  author={Yang, Jinyu and Gao, Mingqi and Li, Zhe and Gao, Shang and Wang, Fangjing and Zheng, Feng},
  journal={arXiv preprint arXiv:2304.11968},
  year={2023}
}

@inproceedings{yang2023unimatch,
  title={Revisiting weak-to-strong consistency in semi-supervised semantic segmentation},
  author={Yang, Lihe and Qi, Lei and Feng, Litong and Zhang, Wayne and Shi, Yinghuan},
  booktitle={CVPR},
  pages={7236--7246},
  year={2023}
}

@inproceedings{yuan2020segfix,
  title={Segfix: Model-agnostic boundary refinement for segmentation},
  author={Yuan, Yuhui and Xie, Jingyi and Chen, Xilin and Wang, Jingdong},
  booktitle={ECCV},
  pages={489--506},
  year={2020},
  organization={Springer}
}

@inproceedings{zhang2019canet,
  title={Canet: Class-agnostic segmentation networks with iterative refinement and attentive few-shot learning},
  author={Zhang, Chi and Lin, Guosheng and Liu, Fayao and Yao, Rui and Shen, Chunhua},
  booktitle={CVPR},
  pages={5217--5226},
  year={2019}
}

@inproceedings{zhang2021refinemask,
  title={Refinemask: Towards high-quality instance segmentation with fine-grained features},
  author={Zhang, Gang and Lu, Xin and Tan, Jingru and Li, Jianmin and Zhang, Zhaoxiang and Li, Quanquan and Hu, Xiaolin},
  booktitle={CVPR},
  pages={6861--6869},
  year={2021}
}

@inproceedings{zhou2022maskclip,
  title={Extract free dense labels from clip},
  author={Zhou, Chong and Loy, Chen Change and Dai, Bo},
  booktitle={ECCV},
  year={2022},
}

@inproceedings{ziegler2022leopart,
  title={Self-Supervised Learning of Object Parts for Semantic Segmentation},
  author={Ziegler, Adrian and Asano, Yuki M},
  booktitle={CVPR},
  pages={14502--14511},
  year={2022}
}

