@incollection{Bengio+chapter2007,
author = {Bengio, Yoshua and LeCun, Yann},
booktitle = {Large Scale Kernel Machines},
publisher = {MIT Press},
title = {Scaling Learning Algorithms Towards {AI}},
year = {2007}
}

@article{Hinton06,
author = {Hinton, Geoffrey E. and Osindero, Simon and Teh, Yee Whye},
journal = {Neural Computation},
pages = {1527--1554},
title = {A Fast Learning Algorithm for Deep Belief Nets},
volume = {18},
year = {2006}
}

@book{goodfellow2016deep,
title={Deep learning},
author={Goodfellow, Ian and Bengio, Yoshua and Courville, Aaron and Bengio, Yoshua},
volume={1},
year={2016},
publisher={MIT Press}
}



% Long form of conference & journal abbreviations -- especially for camera ready
@String(PAMI  = {IEEE Trans. Pattern Anal. Mach. Intell.})
@String(IJCV  = {Int. J. Comput. Vis.})
@String(CVPR  = {IEEE Conf. Comput. Vis. Pattern Recog.})
@String(ICCV  = {Int. Conf. Comput. Vis.})
@String(ECCV  = {Eur. Conf. Comput. Vis.})
@String(NeurIPS = {Adv. Neural Inform. Process. Syst.})
@String(ICML  = {Int. Conf. Mach. Learn.})
@String(ICLR  = {Int. Conf. Learn. Represent.})
@String(ACCV  = {Asian Conf. Comput. Vis.})
@String(BMVC  = {Brit. Mach. Vis. Conf.})
@String(CVPRW = {IEEE Conf. Comput. Vis. Pattern Recog. Worksh.})
@String(AAAI  = {AAAI})
@String(IJCAI = {IJCAI})
@String(ICIP  = {IEEE Int. Conf. Image Process.})
@String(ICPR  = {Int. Conf. Pattern Recog.})
@String(ICASSP=	{ICASSP})
@String(ICME  = {Int. Conf. Multimedia and Expo})
@String(JMLR  = {J. Mach. Learn. Res.})
@String(TMLR  = {Trans. Mach. Learn Res.})
@String(TOG   = {ACM Trans. Graph.})
@String(TIP   = {IEEE Trans. Image Process.})
@String(TVCG  = {IEEE Trans. Vis. Comput. Graph.})
@String(TCSVT = {IEEE Trans. Circuit Syst. Video Technol.})
@String(TMM   = {IEEE Trans. Multimedia})
@String(ACMMM = {ACM Int. Conf. Multimedia})
@String(PR    = {Pattern Recognition})

@String(MNI	  = {Nature Mach. Intell.})
@String(SPL	  = {IEEE Sign. Process. Letters})
@String(VR    = {Vis. Res.})
@String(JOV	  = {J. Vis.})
@String(TVC   = {The Vis. Comput.})
@String(JCST  = {J. Comput. Sci. Tech.})
@String(CGF   = {Comput. Graph. Forum})
@String(CVM   = {Computational Visual Media})


% Short form of conference & journal abbreviations -- especially for submission version
% if desired, remove these macros in favor of the above ones
@String(PAMI  = {IEEE TPAMI})
@String(IJCV  = {IJCV})
@String(CVPR  = {CVPR})
@String(ICCV  = {ICCV})
@String(ECCV  = {ECCV})
@String(NeurIPS = {NeurIPS})
@String(ICML  = {ICML})
@String(ICLR  = {ICLR})
@String(ACCV  = {ACCV})
@String(BMVC  =	{BMVC})
@String(CVPRW = {CVPRW})
@String(AAAI  = {AAAI})
@String(IJCAI = {IJCAI})
@String(ICIP  = {ICIP})
@String(ICPR  = {ICPR})
@String(ICASSP=	{ICASSP})
@String(ICME  =	{ICME})
@String(JMLR  = {JMLR})
@String(TMLR  = {TMLR})
@String(TOG   = {ACM TOG})
@String(TIP   = {IEEE TIP})
@String(TVCG  = {IEEE TVCG})
@String(TCSVT = {IEEE TCSVT})
@String(TMM   =	{IEEE TMM})
@String(ACMMM = {ACM MM})
@String(PR    = {PR})



@misc{Anonymous24,
 author = {Anonymous},
 title = {The frobnicatable foo filter},
 note = {{ECCV} submission ID 00324, supplied as supplemental material {\tt 00324.pdf}},
 year = 2024
}

@misc{Anonymous24b,
 author = {Anonymous},
 title = {Frobnication tutorial},
 note = {Supplied as supplemental material {\tt tr.pdf}},
 year = 2024
}

@article{Alpher02,
author = {FirstName Alpher},
title = {Frobnication},
journal = PAMI,
volume = 12,
number = 1,
pages = {234--778},
year = 2002
}

@article{Alpher03,
author = {FirstName Alpher and FirstName Fotheringham-Smythe},
title = {Frobnication revisited},
journal = {Journal of Foo},
volume = 13,
number = 1,
pages = {234--778},
year = 2003
}

@article{Alpher04,
author = {FirstName Alpher and FirstName Fotheringham-Smythe and FirstName Gamow},
title = {Can a machine frobnicate?},
journal = {Journal of Foo},
volume = 14,
number = 1,
pages = {234--778},
year = 2004
}

@inproceedings{Alpher05,
author = {FirstName Alpher and FirstName Gamow},
title = {Can a computer frobnicate?},
booktitle = CVPR,
pages = {234--778},
year = 2005
}

@book{ECCV2022,
    editor = {Shai Avidan and Gabriel Brostow and Moustapha Ciss√© and Giovanni Maria Farinella and Tal Hassner},
    title = {Computer Vision -- ECCV 2022},
    year = {2022},
    publisher = {Springer},
    doi = {10.1007/978-3-031-19769-7}
}


@inproceedings{wang2022noisyboundary,
  title={Noisy Boundaries: Lemon or Lemonade for Semi-supervised Instance Segmentation?},
  author={Wang, Zhenyu and Li, Yali and Wang, Shengjin},
  booktitle={CVPR},
  pages={16826--16835},
  year={2022}
}

@article{filipiak2022politetearcher,
  title={Polite Teacher: Semi-Supervised Instance Segmentation with Mutual Learning and Pseudo-Label Thresholding},
  author={Filipiak, Dominik and Zapa{\l}a, Andrzej and Tempczyk, Piotr and Fensel, Anna and Cygan, Marek},
  journal={arXiv preprint arXiv:2211.03850},
  year={2022}
}

@inproceedings{wang2023cutler,
  title={Cut and learn for unsupervised object detection and instance segmentation},
  author={Wang, Xudong and Girdhar, Rohit and Yu, Stella X and Misra, Ishan},
  booktitle={CVPR},
  pages={3124--3134},
  year={2023}
}




@article{kirillov2023sam,
  title={Segment anything},
  author={Kirillov, Alexander and Mintun, Eric and Ravi, Nikhila and Mao, Hanzi and Rolland, Chloe and Gustafson, Laura and Xiao, Tete and Whitehead, Spencer and Berg, Alexander C and Lo, Wan-Yen and others},
  journal={arXiv preprint arXiv:2304.02643},
  year={2023}
}


@inproceedings{CRF,
  title={Efficient Inference in Fully Connected CRFs with Gaussian Edge Potentials},
  author={Philipp Kr{\"a}henb{\"u}hl and Vladlen Koltun},
  booktitle={NeurIPS},
  year={2011}
}


@article{chen2017deeplab,
  title={Deeplab: Semantic image segmentation with deep convolutional nets, atrous convolution, and fully connected crfs},
  author={Chen, Liang-Chieh and Papandreou, George and Kokkinos, Iasonas and Murphy, Kevin and Yuille, Alan L},
  journal={IEEE TPAMI},
  volume={40},
  number={4},
  pages={834--848},
  year={2017},
  publisher={IEEE}
}

@inproceedings{chen2018deeplabv3,
  title={Encoder-decoder with atrous separable convolution for semantic image segmentation},
  author={Chen, Liang-Chieh and Zhu, Yukun and Papandreou, George and Schroff, Florian and Adam, Hartwig},
  booktitle={ECCV},
  pages={801--818},
  year={2018}
}


@inproceedings{lin2014microsoftcoco,
  title={Microsoft coco: Common objects in context},
  author={Lin, Tsung-Yi and Maire, Michael and Belongie, Serge and Hays, James and Perona, Pietro and Ramanan, Deva and Doll{\'a}r, Piotr and Zitnick, C Lawrence},
  booktitle={ECCV},
  year={2014},
}

@article{everingham2010pascal,
  title={The pascal visual object classes (voc) challenge},
  author={Everingham, Mark and Van Gool, Luc and Williams, Christopher KI and Winn, John and Zisserman, Andrew},
  journal={IJCV},
  volume={88},
  number={2},
  pages={303--338},
  year={2010},
  publisher={Springer}
}

@inproceedings{he2016resnet,
  title={Deep residual learning for image recognition},
  author={He, Kaiming and Zhang, Xiangyu and Ren, Shaoqing and Sun, Jian},
  booktitle={CVPR},
  year={2016}
}

@inproceedings{dosovitskiy2020vit,
  title={An Image is Worth 16x16 Words: Transformers for Image Recognition at Scale},
  author={Dosovitskiy, Alexey and Beyer, Lucas and Kolesnikov, Alexander and Weissenborn, Dirk and Zhai, Xiaohua and Unterthiner, Thomas and  Dehghani, Mostafa and Minderer, Matthias and Heigold, Georg and Gelly, Sylvain and Uszkoreit, Jakob and Houlsby, Neil},
  booktitle={ICLR},
  year={2021}
}

@inproceedings{caron2021dino,
  title={Emerging properties in self-supervised vision transformers},
  author={Caron, Mathilde and Touvron, Hugo and Misra, Ishan and J{\'e}gou, Herv{\'e} and Mairal, Julien and Bojanowski, Piotr and Joulin, Armand},
  booktitle={ICCV},
  pages={9650--9660},
  year={2021}
}


@inproceedings{Ahn2019IRN,
  title={Weakly supervised learning of instance segmentation with inter-pixel relations},
  author={Ahn, Jiwoon and Cho, Sunghyun and Kwak, Suha},
  booktitle={CVPR},
  year={2019}
}


@inproceedings{Ahn2018PSA,
  title={Learning pixel-level semantic affinity with image-level supervision for weakly supervised semantic segmentation},
  author={Ahn, Jiwoon and Kwak, Suha},
  booktitle={CVPR},
  year={2018}
}

@inproceedings{cam,
  title={Learning deep features for discriminative localization},
  author={Zhou, Bolei and Khosla, Aditya and Lapedriza, Agata and Oliva, Aude and Torralba, Antonio},
  booktitle={CVPR},
  year={2016}
}

@inproceedings{gradcam,
  title={Grad-cam: Visual explanations from deep networks via gradient-based localization},
  author={Selvaraju, Ramprasaath R and Cogswell, Michael and Das, Abhishek and Vedantam, Ramakrishna and Parikh, Devi and Batra, Dhruv},
  booktitle={ICCV},
  year={2017}
}

@article{raghu2021dovision,
  title={Do vision transformers see like convolutional neural networks?},
  author={Raghu, Maithra and Unterthiner, Thomas and Kornblith, Simon and Zhang, Chiyuan and Dosovitskiy, Alexey},
  journal={NeurIPS},
  volume={34},
  pages={12116--12128},
  year={2021}
}


@inproceedings{lin2022clipes,
  title={Clip is also an efficient segmenter: A text-driven approach for weakly supervised semantic segmentation},
  author={Lin, Yuqi and Chen, Minghao and Wang, Wenxiao and Wu, Boxi and Li, Ke and Lin, Binbin and Liu, Haifeng and He, Xiaofei},
  booktitle={CVPR},
  pages={15305--15314},
  year={2023}
}

@inproceedings{xu2022mctformer,
  title={Multi-class Token Transformer for Weakly Supervised Semantic Segmentation},
  author={Xu, Lian and Ouyang, Wanli and Bennamoun, Mohammed and Boussaid, Farid and Xu, Dan},
  booktitle={CVPR},
  year={2022}
}

@inproceedings{Xie_2022_CLIMS,
    author    = {Xie, Jinheng and Hou, Xianxu and Ye, Kai and Shen, Linlin},
    title     = {{CLIMS}: Cross Language Image Matching for Weakly Supervised Semantic Segmentation},
    booktitle = {CVPR},
    month     = {June},
    year      = {2022},
}

@inproceedings{Wang2020SEAM,
  title={Self-Supervised Equivariant Attention Mechanism for Weakly Supervised Semantic Segmentation},
  author={Yude Wang and Jie Zhang and Meina Kan and S. Shan and Xilin Chen},
  booktitle={CVPR},
  year={2020},
}

@article{Kuhn1955TheHM,
  title={The Hungarian method for the assignment problem},
  author={Harold W. Kuhn},
  journal={Naval Research Logistics (NRL)},
  year={1955},
  volume={52}
}

@inproceedings{zhou2022maskclip,
  title={Extract free dense labels from clip},
  author={Zhou, Chong and Loy, Chen Change and Dai, Bo},
  booktitle={ECCV},
  year={2022},
}

@inproceedings{shinreco,
  title={ReCo: Retrieve and Co-segment for Zero-shot Transfer},
  author={Shin, Gyungin and Xie, Weidi and Albanie, Samuel},
  booktitle={NeurIPS},
  year={2022},
}

@inproceedings{shin2023namedmask,
  title={Namedmask: Distilling segmenters from complementary foundation models},
  author={Shin, Gyungin and Xie, Weidi and Albanie, Samuel},
  booktitle={CVPR},
  pages={4960--4969},
  year={2023}
}

@inproceedings{yin2022transfgu,
  title={TransFGU: a top-down approach to fine-grained unsupervised semantic segmentation},
  author={Yin, Zhaoyuan and Wang, Pichao and Wang, Fan and Xu, Xianzhe and Zhang, Hanling and Li, Hao and Jin, Rong},
  booktitle={ECCV},
  pages={73--89},
  year={2022},
  organization={Springer}
}

@article{cheng2021permaskformer,
  title={Per-pixel classification is not all you need for semantic segmentation},
  author={Cheng, Bowen and Schwing, Alex and Kirillov, Alexander},
  journal={NeurIPS},
  volume={34},
  pages={17864--17875},
  year={2021}
}

@article{van2022maskdistill,
  title={Discovering object masks with transformers for unsupervised semantic segmentation},
  author={Van Gansbeke, Wouter and Vandenhende, Simon and Van Gool, Luc},
  journal={arXiv preprint arXiv:2206.06363},
  year={2022}
}

@inproceedings{van2021maskcontrast,
  title={Unsupervised semantic segmentation by contrasting object mask proposals},
  author={Van Gansbeke, Wouter and Vandenhende, Simon and Georgoulis, Stamatios and Van Gool, Luc},
  booktitle={ICCV},
  pages={10052--10062},
  year={2021}
}

@inproceedings{xu2022groupvit,
  title={GroupViT: Semantic Segmentation Emerges from Text Supervision},
  author={Xu, Jiarui and De Mello, Shalini and Liu, Sifei and Byeon, Wonmin and Breuel, Thomas and Kautz, Jan and Wang, Xiaolong},
  booktitle={CVPR},
  pages={18134--18144},
  year={2022}
}

@article{guo2022texts,
  title={Texts as Images in Prompt Tuning for Multi-Label Image Recognition},
  author={Guo, Zixian and Dong, Bowen and Ji, Zhilong and Bai, Jinfeng and Guo, Yiwen and Zuo, Wangmeng},
  journal={arXiv preprint arXiv:2211.12739},
  year={2022}
}

@article{he2022mlc,
  title={Open-Vocabulary Multi-Label Classification via Multi-modal Knowledge Transfer},
  author={He, Sunan and Guo, Taian and Dai, Tao and Qiao, Ruizhi and Ren, Bo and Xia, Shu-Tao},
  journal={arXiv preprint arXiv:2207.01887},
  year={2022}
}

@inproceedings{kim2022large,
  title={Large Loss Matters in Weakly Supervised Multi-Label Classification},
  author={Kim, Youngwook and Kim, Jae Myung and Akata, Zeynep and Lee, Jungwoo},
  booktitle={CVPR},
  pages={14156--14165},
  year={2022}
}

@inproceedings{cole2021mlc_1pos,
  title={Multi-label learning from single positive labels},
  author={Cole, Elijah and Mac Aodha, Oisin and Lorieul, Titouan and Perona, Pietro and Morris, Dan and Jojic, Nebojsa},
  booktitle={CVPR},
  pages={933--942},
  year={2021}
}

@inproceedings{ben2021zs-sdl,
  title={Semantic diversity learning for zero-shot multi-label classification},
  author={Ben-Cohen, Avi and Zamir, Nadav and Ben-Baruch, Emanuel and Friedman, Itamar and Zelnik-Manor, Lihi},
  booktitle={ICCV},
  pages={640--650},
  year={2021}
}

@inproceedings{huynh2020lesa,
  title={A shared multi-attention framework for multi-label zero-shot learning},
  author={Huynh, Dat and Elhamifar, Ehsan},
  booktitle={CVPR},
  pages={8776--8786},
  year={2020}
}

@inproceedings{narayan2021bira,
  title={Discriminative region-based multi-label zero-shot learning},
  author={Narayan, Sanath and Gupta, Akshita and Khan, Salman and Khan, Fahad Shahbaz and Shao, Ling and Shah, Mubarak},
  booktitle={ICCV},
  pages={8731--8740},
  year={2021}
}

@inproceedings{hamilton2022STEGO,
	title={Unsupervised Semantic Segmentation by Distilling Feature Correspondences},
	author={Mark Hamilton and Zhoutong Zhang and Bharath Hariharan and Noah Snavely and William T. Freeman},
	booktitle={ICLR},
	year={2022}
}

@inproceedings{cho2021picie,
  title={Picie: Unsupervised semantic segmentation using invariance and equivariance in clustering},
  author={Cho, Jang Hyun and Mall, Utkarsh and Bala, Kavita and Hariharan, Bharath},
  booktitle={CVPR},
  pages={16794--16804},
  year={2021}
}

@inproceedings{ji2019iic,
  title={Invariant information clustering for unsupervised image classification and segmentation},
  author={Ji, Xu and Henriques, Joao F and Vedaldi, Andrea},
  booktitle={ICCV},
  pages={9865--9874},
  year={2019}
}

@inproceedings{ke2022hsg,
  title={Unsupervised Hierarchical Semantic Segmentation with Multiview Cosegmentation and Clustering Transformers},
  author={Ke, Tsung-Wei and Hwang, Jyh-Jing and Guo, Yunhui and Wang, Xudong and Yu, Stella X},
  booktitle={CVPR},
  pages={2571--2581},
  year={2022}
}

@inproceedings{ziegler2022leopart,
  title={Self-Supervised Learning of Object Parts for Semantic Segmentation},
  author={Ziegler, Adrian and Asano, Yuki M},
  booktitle={CVPR},
  pages={14502--14511},
  year={2022}
}

@inproceedings{hwang2019segsort,
  title={Segsort: Segmentation by discriminative sorting of segments},
  author={Hwang, Jyh-Jing and Yu, Stella X and Shi, Jianbo and Collins, Maxwell D and Yang, Tien-Ju and Zhang, Xiao and Chen, Liang-Chieh},
  booktitle={ICCV},
  pages={7334--7344},
  year={2019}
}

@article{maskformer,
  title={Per-pixel classification is not all you need for semantic segmentation},
  author={Cheng, Bowen and Schwing, Alex and Kirillov, Alexander},
  journal={NeurIPS},
  volume={34},
  pages={17864--17875},
  year={2021}
}

@article{zs3,
  title={Zero-shot semantic segmentation},
  author={Bucher, Maxime and Vu, Tuan-Hung and Cord, Matthieu and P{\'e}rez, Patrick},
  journal={NeurIPS},
  volume={32},
  year={2019}
}

@inproceedings{spnet,
  title={Semantic projection network for zero-and few-label semantic segmentation},
  author={Xian, Yongqin and Choudhury, Subhabrata and He, Yang and Schiele, Bernt and Akata, Zeynep},
  booktitle={CVPR},
  pages={8256--8265},
  year={2019}
}

@inproceedings{zegformer,
  title={Decoupling zero-shot semantic segmentation},
  author={Ding, Jian and Xue, Nan and Xia, Gui-Song and Dai, Dengxin},
  booktitle={CVPR},
  pages={11583--11592},
  year={2022}
}

@inproceedings{openseg,
  title={Scaling open-vocabulary image segmentation with image-level labels},
  author={Ghiasi, Golnaz and Gu, Xiuye and Cui, Yin and Lin, Tsung-Yi},
  booktitle={ECCV},
  pages={540--557},
  year={2022},
  organization={Springer}
}

@inproceedings{zsseg,
  title={A Simple Baseline for Open-Vocabulary Semantic Segmentation with Pre-trained Vision-Language Model},
  author={Xu, Mengde and Zhang, Zheng and Wei, Fangyun and Lin, Yutong and Cao, Yue and Hu, Han and Bai, Xiang},
  booktitle={ECCV},
  pages={736--753},
  year={2022},
  organization={Springer}
}


@inproceedings{amn,
  title={Threshold matters in WSSS: manipulating the activation for the robust and accurate segmentation model against thresholds},
  author={Lee, Minhyun and Kim, Dongseob and Shim, Hyunjung},
  booktitle={CVPR},
  pages={4330--4339},
  year={2022}
}

@inproceedings{voc_trainaug,
  title={Semantic contours from inverse detectors},
  author={Hariharan, Bharath and Arbel{\'a}ez, Pablo and Bourdev, Lubomir and Maji, Subhransu and Malik, Jitendra},
  booktitle={ICCV},
  pages={991--998},
  year={2011}
}

@inproceedings{deng2009imagenet,
  title={Imagenet: A large-scale hierarchical image database},
  author={Deng, Jia and Dong, Wei and Socher, Richard and Li, Li-Jia and Li, Kai and Fei-Fei, Li},
  booktitle={CVPR},
  year={2009},
  organization={Ieee}
}


@inproceedings{cocostuff,
  title={Coco-stuff: Thing and stuff classes in context},
  author={Caesar, Holger and Uijlings, Jasper and Ferrari, Vittorio},
  booktitle={CVPR},
  pages={1209--1218},
  year={2018}
}


@inproceedings{bes,
  title={Weakly supervised semantic segmentation with boundary exploration},
  author={Chen, Liyi and Wu, Weiwei and Fu, Chenchen and Han, Xiao and Zhang, Yuntao},
  booktitle={ECCV},
  pages={347--362},
  year={2020},
  organization={Springer}
}

@inproceedings{advcam,
  title={Anti-adversarially manipulated attributions for weakly and semi-supervised semantic segmentation},
  author={Lee, Jungbeom and Kim, Eunji and Yoon, Sungroh},
  booktitle={CVPR},
  pages={4071--4080},
  year={2021}
}

@inproceedings{nsrom,
  title={Non-salient region object mining for weakly supervised semantic segmentation},
  author={Yao, Yazhou and Chen, Tao and Xie, Guo-Sen and Zhang, Chuanyi and Shen, Fumin and Wu, Qi and Tang, Zhenmin and Zhang, Jian},
  booktitle={CVPR},
  pages={2623--2632},
  year={2021}
}

@article{lee2021rib,
  title={Reducing information bottleneck for weakly supervised semantic segmentation},
  author={Lee, Jungbeom and Choi, Jooyoung and Mok, Jisoo and Yoon, Sungroh},
  journal={NeurIPS},
  volume={34},
  pages={27408--27421},
  year={2021}
}

@inproceedings{melas2022dsm,
  title={Deep spectral methods: A surprisingly strong baseline for unsupervised semantic segmentation and localization},
  author={Melas-Kyriazi, Luke and Rupprecht, Christian and Laina, Iro and Vedaldi, Andrea},
  booktitle={CVPR},
  pages={8364--8375},
  year={2022}
}

@inproceedings{cordts2016cityscapes,
  title={The cityscapes dataset for semantic urban scene understanding},
  author={Cordts, Marius and Omran, Mohamed and Ramos, Sebastian and Rehfeld, Timo and Enzweiler, Markus and Benenson, Rodrigo and Franke, Uwe and Roth, Stefan and Schiele, Bernt},
  booktitle={CVPR},
  pages={3213--3223},
  year={2016}
}

@article{geiger2013kitti,
  title={Vision meets robotics: The kitti dataset},
  author={Geiger, Andreas and Lenz, Philip and Stiller, Christoph and Urtasun, Raquel},
  journal={The International Journal of Robotics Research},
  volume={32},
  number={11},
  pages={1231--1237},
  year={2013},
  publisher={Sage Publications Sage UK: London, England}
}

@article{kumar2017datasetnuclear,
  title={A dataset and a technique for generalized nuclear segmentation for computational pathology},
  author={Kumar, Neeraj and Verma, Ruchika and Sharma, Sanuj and Bhargava, Surabhi and Vahadane, Abhishek and Sethi, Amit},
  journal={IEEE transactions on medical imaging},
  volume={36},
  number={7},
  pages={1550--1560},
  year={2017},
  publisher={IEEE}
}

@inproceedings{fan2020pranet,
  title={Pranet: Parallel reverse attention network for polyp segmentation},
  author={Fan, Deng-Ping and Ji, Ge-Peng and Zhou, Tao and Chen, Geng and Fu, Huazhu and Shen, Jianbing and Shao, Ling},
  booktitle={MICCAI},
  pages={263--273},
  year={2020},
  organization={Springer}
}

@article{sun2023corrmatch,
  title={CorrMatch: Label Propagation via Correlation Matching for Semi-Supervised Semantic Segmentation},
  author={Sun, Boyuan and Yang, Yuqi and Zhang, Le and Cheng, Ming-Ming and Hou, Qibin},
  journal={arXiv preprint arXiv:2306.04300},
  year={2023}
}


@article{berrada2023guided,
  title={Guided Distillation for Semi-Supervised Instance Segmentation},
  author={Berrada, Tariq and Couprie, Camille and Alahari, Karteek and Verbeek, Jakob},
  journal={arXiv preprint arXiv:2308.02668},
  year={2023}
}

@inproceedings{ke2022masktransfiner,
  title={Mask transfiner for high-quality instance segmentation},
  author={Ke, Lei and Danelljan, Martin and Li, Xia and Tai, Yu-Wing and Tang, Chi-Keung and Yu, Fisher},
  booktitle={CVPR},
  pages={4412--4421},
  year={2022}
}


@article{filipiak2022polite,
  title={Polite Teacher: Semi-Supervised Instance Segmentation with Mutual Learning and Pseudo-Label Thresholding},
  author={Filipiak, Dominik and Zapa{\l}a, Andrzej and Tempczyk, Piotr and Fensel, Anna and Cygan, Marek},
  journal={arXiv preprint arXiv:2211.03850},
  year={2022}
}

@inproceedings{hu2023pais,
  title={Pseudo-label Alignment for Semi-supervised Instance Segmentation},
  author={Hu, Jie and Chen, Chen and Cao, Liujuan and Zhang, Shengchuan and Shu, Annan and Jiang, Guannan and Ji, Rongrong},
  booktitle={ICCV},
  pages={16337--16347},
  year={2023}
}

@inproceedings{kim2023devil,
  title={The Devil is in the Points: Weakly Semi-Supervised Instance Segmentation via Point-Guided Mask Representation},
  author={Kim, Beomyoung and Jeong, Joonhyun and Han, Dongyoon and Hwang, Sung Ju},
  booktitle={CVPR},
  pages={11360--11370},
  year={2023}
}

@inproceedings{zhu2022sharpcontour,
  title={SharpContour: a contour-based boundary refinement approach for efficient and accurate instance segmentation},
  author={Zhu, Chenming and Zhang, Xuanye and Li, Yanran and Qiu, Liangdong and Han, Kai and Han, Xiaoguang},
  booktitle={CVPR},
  pages={4392--4401},
  year={2022}
}


@article{ke2023samhq,
  title={Segment Anything in High Quality},
  author={Ke, Lei and Ye, Mingqiao and Danelljan, Martin and Liu, Yifan and Tai, Yu-Wing and Tang, Chi-Keung and Yu, Fisher},
  journal={arXiv preprint arXiv:2306.01567},
  year={2023}
}

@article{zhang2023personalize,
  title={Personalize segment anything model with one shot},
  author={Zhang, Renrui and Jiang, Zhengkai and Guo, Ziyu and Yan, Shilin and Pan, Junting and Dong, Hao and Gao, Peng and Li, Hongsheng},
  journal={arXiv preprint arXiv:2305.03048},
  year={2023}
}

@article{dai2023samaug,
  title={Samaug: Point prompt augmentation for segment anything model},
  author={Dai, Haixing and Ma, Chong and Liu, Zhengliang and Li, Yiwei and Shu, Peng and Wei, Xiaozheng and Zhao, Lin and Wu, Zihao and Zhu, Dajiang and Liu, Wei and others},
  journal={arXiv preprint arXiv:2307.01187},
  year={2023}
}

@article{chen2023samwsss,
  title={Segment anything model (sam) enhanced pseudo labels for weakly supervised semantic segmentation},
  author={Chen, Tianle and Mai, Zheda and Li, Ruiwen and Chao, Wei-lun},
  journal={arXiv preprint arXiv:2305.05803},
  year={2023}
}

@inproceedings{zhang2021refinemask,
  title={Refinemask: Towards high-quality instance segmentation with fine-grained features},
  author={Zhang, Gang and Lu, Xin and Tan, Jingru and Li, Jianmin and Zhang, Zhaoxiang and Li, Quanquan and Hu, Xiaolin},
  booktitle={CVPR},
  pages={6861--6869},
  year={2021}
}

@inproceedings{shen2022crm,
  title={High quality segmentation for ultra high-resolution images},
  author={Shen, Tiancheng and Zhang, Yuechen and Qi, Lu and Kuen, Jason and Xie, Xingyu and Wu, Jianlong and Lin, Zhe and Jia, Jiaya},
  booktitle={CVPR},
  pages={1310--1319},
  year={2022}
}

@inproceedings{cheng2020cascadepsp,
  title={Cascadepsp: Toward class-agnostic and very high-resolution segmentation via global and local refinement},
  author={Cheng, Ho Kei and Chung, Jihoon and Tai, Yu-Wing and Tang, Chi-Keung},
  booktitle={CVPR},
  pages={8890--8899},
  year={2020}
}

@inproceedings{yuan2020segfix,
  title={Segfix: Model-agnostic boundary refinement for segmentation},
  author={Yuan, Yuhui and Xie, Jingyi and Chen, Xilin and Wang, Jingdong},
  booktitle={ECCV},
  pages={489--506},
  year={2020},
  organization={Springer}
}

@inproceedings{chen2022focalclick,
  title={Focalclick: Towards practical interactive image segmentation},
  author={Chen, Xi and Zhao, Zhiyan and Zhang, Yilei and Duan, Manni and Qi, Donglian and Zhao, Hengshuang},
  booktitle={CVPR},
  pages={1300--1309},
  year={2022}
}

@inproceedings{tang2021look,
  title={Look closer to segment better: Boundary patch refinement for instance segmentation},
  author={Tang, Chufeng and Chen, Hang and Li, Xiao and Li, Jianmin and Zhang, Zhaoxiang and Hu, Xiaolin},
  booktitle={CVPR},
  pages={13926--13935},
  year={2021}
}

@inproceedings{kirillov2020pointrend,
  title={Pointrend: Image segmentation as rendering},
  author={Kirillov, Alexander and Wu, Yuxin and He, Kaiming and Girshick, Ross},
  booktitle={CVPR},
  pages={9799--9808},
  year={2020}
}

@inproceedings{radford2021clip,
  title={Learning transferable visual models from natural language supervision},
  author={Radford, Alec and Kim, Jong Wook and Hallacy, Chris and Ramesh, Aditya and Goh, Gabriel and Agarwal, Sandhini and Sastry, Girish and Askell, Amanda and Mishkin, Pamela and Clark, Jack and others},
  booktitle={ICML},
  pages={8748--8763},
  year={2021},
  organization={PMLR}
}

@misc{openai2023gpt4,
      title={GPT-4 Technical Report}, 
      author={OpenAI},
      year={2023},
      eprint={2303.08774},
      archivePrefix={arXiv},
      primaryClass={cs.CL}
}

@inproceedings{cheng2022maske2former,
  title={Masked-attention mask transformer for universal image segmentation},
  author={Cheng, Bowen and Misra, Ishan and Schwing, Alexander G and Kirillov, Alexander and Girdhar, Rohit},
  booktitle={CVPR},
  pages={1290--1299},
  year={2022}
}

@inproceedings{he2017maskrcnn,
  title={Mask r-cnn},
  author={He, Kaiming and Gkioxari, Georgia and Doll{\'a}r, Piotr and Girshick, Ross},
  booktitle={ICCV},
  pages={2961--2969},
  year={2017}
}

@inproceedings{wang2023internimage,
  title={Internimage: Exploring large-scale vision foundation models with deformable convolutions},
  author={Wang, Wenhai and Dai, Jifeng and Chen, Zhe and Huang, Zhenhang and Li, Zhiqi and Zhu, Xizhou and Hu, Xiaowei and Lu, Tong and Lu, Lewei and Li, Hongsheng and others},
  booktitle={CVPR},
  pages={14408--14419},
  year={2023}
}

@inproceedings{jain2023oneformer,
  title={Oneformer: One transformer to rule universal image segmentation},
  author={Jain, Jitesh and Li, Jiachen and Chiu, Mang Tik and Hassani, Ali and Orlov, Nikita and Shi, Humphrey},
  booktitle={CVPR},
  pages={2989--2998},
  year={2023}
}


@inproceedings{Dai2015BoxSupEB,
  title={BoxSup: Exploiting Bounding Boxes to Supervise Convolutional Networks for Semantic Segmentation},
  author={Jifeng Dai and Kaiming He and Jian Sun},
  booktitle={ICCV},
  year={2015},
}

@inproceedings{Papandreou2015WeaklyandSL,
  title={Weakly-and Semi-Supervised Learning of a Deep Convolutional Network for Semantic Image Segmentation},
  author={George Papandreou and Liang-Chieh Chen and Kevin P. Murphy and Alan Loddon Yuille},
  booktitle={ICCV},
  year={2015},
}

@inproceedings{bearman2016spoint,
  title={What‚Äôs the point: Semantic segmentation with point supervision},
  author={Bearman, Amy and Russakovsky, Olga and Ferrari, Vittorio and Fei-Fei, Li},
  booktitle={ECCV},
  year={2016}
}

@inproceedings{Lin2016ScribbleSupSC,
  title={ScribbleSup: Scribble-Supervised Convolutional Networks for Semantic Segmentation},
  author={Di Lin and Jifeng Dai and Jiaya Jia and Kaiming He and Jian Sun},
  booktitle={CVPR},
  year={2016},
}


@inproceedings{yang2023unimatch,
  title={Revisiting weak-to-strong consistency in semi-supervised semantic segmentation},
  author={Yang, Lihe and Qi, Lei and Feng, Litong and Zhang, Wayne and Shi, Yinghuan},
  booktitle={CVPR},
  pages={7236--7246},
  year={2023}
}

@article{xu2022pcr,
  title={Semi-supervised semantic segmentation with prototype-based consistency regularization},
  author={Xu, Haiming and Liu, Lingqiao and Bian, Qiuchen and Yang, Zhen},
  journal={NeurIPS},
  volume={35},
  pages={26007--26020},
  year={2022}
}

@inproceedings{xu2017deepmat,
  title={Deep image matting},
  author={Xu, Ning and Price, Brian and Cohen, Scott and Huang, Thomas},
  booktitle={CVPR},
  pages={2970--2979},
  year={2017}
}

@inproceedings{zhang2019canet,
  title={Canet: Class-agnostic segmentation networks with iterative refinement and attentive few-shot learning},
  author={Zhang, Chi and Lin, Guosheng and Liu, Fayao and Yao, Rui and Shen, Chunhua},
  booktitle={CVPR},
  pages={5217--5226},
  year={2019}
}

@inproceedings{he2022mae,
  title={Masked autoencoders are scalable vision learners},
  author={He, Kaiming and Chen, Xinlei and Xie, Saining and Li, Yanghao and Doll{\'a}r, Piotr and Girshick, Ross},
  booktitle={CVPR},
  pages={16000--16009},
  year={2022}
}

@inproceedings{rong2023beco,
  title={Boundary-Enhanced Co-Training for Weakly Supervised Semantic Segmentation},
  author={Rong, Shenghai and Tu, Bohai and Wang, Zilei and Li, Junjie},
  booktitle={CVPR},
  pages={19574--19584},
  year={2023}
}

@InProceedings{Cheng_2021_boundaryiou,
    author    = {Cheng, Bowen and Girshick, Ross and Dollar, Piotr and Berg, Alexander C. and Kirillov, Alexander},
    title     = {Boundary IoU: Improving Object-Centric Image Segmentation Evaluation},
    booktitle = {CVPR},
    month     = {June},
    year      = {2021},
    pages     = {15334-15342}
}

@inproceedings{wang2020solo,
  title={Solo: Segmenting objects by locations},
  author={Wang, Xinlong and Kong, Tao and Shen, Chunhua and Jiang, Yuning and Li, Lei},
  booktitle={ECCV},
  pages={649--665},
  year={2020},
  organization={Springer}
}


@article{wang2020solov2,
  title={SOLOv2: Dynamic and Fast Instance Segmentation},
  author={Wang, Xinlong and Zhang, Rufeng and  Kong, Tao and Li, Lei and Shen, Chunhua},
  journal={NeurIPS},
  year={2020}
}

@article{zhu2021selftraining,
  title={Improving semantic segmentation via efficient self-training},
  author={Zhu, Yi and Zhang, Zhongyue and Wu, Chongruo and Zhang, Zhi and He, Tong and Zhang, Hang and Manmatha, R and Li, Mu and Smola, Alexander J},
  journal={IEEE TPAMI},
  year={2021},
  publisher={IEEE}
}

@inproceedings{yang2022st++,
  title={St++: Make self-training work better for semi-supervised semantic segmentation},
  author={Yang, Lihe and Zhuo, Wei and Qi, Lei and Shi, Yinghuan and Gao, Yang},
  booktitle={CVPR},
  pages={4268--4277},
  year={2022}
}

@inproceedings{cai2018cascade,
  title={Cascade r-cnn: Delving into high quality object detection},
  author={Cai, Zhaowei and Vasconcelos, Nuno},
  booktitle={CVPR},
  pages={6154--6162},
  year={2018}
}

@inproceedings{neubeck2006NMS,
  title={Efficient non-maximum suppression},
  author={Neubeck, Alexander and Van Gool, Luc},
  booktitle={ICPR},
  volume={3},
  pages={850--855},
  year={2006},
  organization={IEEE}
}

@inproceedings{gupta2019lvis,
  title={Lvis: A dataset for large vocabulary instance segmentation},
  author={Gupta, Agrim and Dollar, Piotr and Girshick, Ross},
  booktitle={CVPR},
  pages={5356--5364},
  year={2019}
}

@article{paszke2019pytorch,
  title={Pytorch: An imperative style, high-performance deep learning library},
  author={Paszke, Adam and Gross, Sam and Massa, Francisco and Lerer, Adam and Bradbury, James and Chanan, Gregory and Killeen, Trevor and Lin, Zeming and Gimelshein, Natalia and Antiga, Luca and others},
  journal={NeurIPS},
  volume={32},
  year={2019}
}

@inproceedings{SegRefiner,
  title={{SegRefiner}: Towards Model-Agnostic Segmentation Refinement with Discrete Diffusion Process},
  author={Wang, Mengyu and Ding, Henghui and Liew, Jun Hao and Liu, Jiajun and Zhao, Yao and Wei, Yunchao},
  booktitle={NeurIPS},
  year={2023}
}

@article{yang2023trackanything,
  title={Track anything: Segment anything meets videos},
  author={Yang, Jinyu and Gao, Mingqi and Li, Zhe and Gao, Shang and Wang, Fangjing and Zheng, Feng},
  journal={arXiv preprint arXiv:2304.11968},
  year={2023}
}

@article{cheng2023segmenttrack,
  title={Segment and track anything},
  author={Cheng, Yangming and Li, Liulei and Xu, Yuanyou and Li, Xiaodi and Yang, Zongxin and Wang, Wenguan and Yang, Yi},
  journal={arXiv preprint arXiv:2305.06558},
  year={2023}
}

@inproceedings{gao2023editanything,
  title={Editanything: Empowering unparalleled flexibility in image editing and generation},
  author={Gao, Shanghua and Lin, Zhijie and Xie, Xingyu and Zhou, Pan and Cheng, Ming-Ming and Yan, Shuicheng},
  booktitle={Proceedings of the 31st ACM International Conference on Multimedia},
  pages={9414--9416},
  year={2023}
}

@article{shen2023anything3d,
  title={Anything-3d: Towards single-view anything reconstruction in the wild},
  author={Shen, Qiuhong and Yang, Xingyi and Wang, Xinchao},
  journal={arXiv preprint arXiv:2304.10261},
  year={2023}
}

@article{ma2024medsam,
  title={Segment anything in medical images},
  author={Ma, Jun and He, Yuting and Li, Feifei and Han, Lin and You, Chenyu and Wang, Bo},
  journal={Nature Communications},
  volume={15},
  number={1},
  pages={654},
  year={2024},
  publisher={Nature Publishing Group UK London}
}


@article{tang2023samcamouflaged,
  title={Can sam segment anything? when sam meets camouflaged object detection},
  author={Tang, Lv and Xiao, Haoke and Li, Bo},
  journal={arXiv preprint arXiv:2304.04709},
  year={2023}
}

@article{han2023samtransparent,
  title={Segment anything model (sam) meets glass: Mirror and transparent objects cannot be easily detected},
  author={Han, Dongsheng and Zhang, Chaoning and Qiao, Yu and Qamar, Maryam and Jung, Yuna and Lee, SeungKyu and Bae, Sung-Ho and Hong, Choong Seon},
  journal={arXiv preprint arXiv:2305.00278},
  year={2023}
}

@article{vinker2022clipasso,
  title={Clipasso: Semantically-aware object sketching},
  author={Vinker, Yael and Pajouheshgar, Ehsan and Bo, Jessica Y and Bachmann, Roman Christian and Bermano, Amit Haim and Cohen-Or, Daniel and Zamir, Amir and Shamir, Ariel},
  journal={ACM Transactions on Graphics (TOG)},
  volume={41},
  number={4},
  pages={1--11},
  year={2022},
  publisher={ACM New York, NY, USA}
}




@inproceedings{tian2020condinst,
  title={Conditional convolutions for instance segmentation},
  author={Tian, Zhi and Shen, Chunhua and Chen, Hao},
  booktitle={ECCV},
  pages={282--298},
  year={2020},
  organization={Springer}
}


@article{hu2021lora,
  title={Lora: Low-rank adaptation of large language models},
  author={Hu, Edward J and Shen, Yelong and Wallis, Phillip and Allen-Zhu, Zeyuan and Li, Yuanzhi and Wang, Shean and Wang, Lu and Chen, Weizhu},
  journal={arXiv preprint arXiv:2106.09685},
  year={2021}
}