@String(PAMI = {IEEE Trans. Pattern Anal. Mach. Intell.})
@String(IJCV = {Int. J. Comput. Vis.})
@String(CVPR = {IEEE Conf. Comput. Vis. Pattern Recog.})
@String(ICCV = {Int. Conf. Comput. Vis.})
@String(ECCV = {Eur. Conf. Comput. Vis.})
@String(NIPS = {Adv. Neural Inform. Process. Syst.})
@String(ICPR = {Int. Conf. Pattern Recog.})
@String(BMVC = {Brit. Mach. Vis. Conf.})
@String(TOG = {ACM Trans. Graph.})
@String(TIP = {IEEE Trans. Image Process.})
@String(TVCG = {IEEE Trans. Vis. Comput. Graph.})
@String(TMM = {IEEE Trans. Multimedia})
@String(ACMMM = {ACM Int. Conf. Multimedia})
@String(ICME = {Int. Conf. Multimedia and Expo})
@String(ICASSP = {ICASSP})
@String(ICIP = {IEEE Int. Conf. Image Process.})
@String(ACCV = {ACCV})
@String(ICLR = {Int. Conf. Learn. Represent.})
@String(IJCAI = {IJCAI})
@String(PR = {Pattern Recognition})
@String(AAAI = {AAAI})
@String(CVPRW = {IEEE Conf. Comput. Vis. Pattern Recog. Worksh.})
@String(CSVT = {IEEE Trans. Circuit Syst. Video Technol.})
@String(SPL = {IEEE Sign. Process. Letters})
@String(VR = {Vis. Res.})
@String(JOV = {J. Vis.})
@String(TVC = {The Vis. Comput.})
@String(JCST = {J. Comput. Sci. Tech.})
@String(CGF = {Comput. Graph. Forum})
@String(CVM = {Computational Visual Media})
@String(NC = {Neural Comput.})
@String(JMLR = {J. Mach. Learn. Res.})
@String(IJRR = {I. J. Robotics Res.})

%在修改的

@article{czz,
  title={Low-dose {CT} via convolutional neural network},
  author={Chen, Hu and Zhang, Yi and Zhang, Weihua and Liao, Peixi and Li, Ke and Zhou, Jiliu and Wang, Ge},
  journal={Biomedical optics express},
  volume={8},
  number={2},
  pages={679--694},
  year={2017},
  publisher={Optica Publishing Group}
}

@article{chen2017low,
  title={Low-dose {CT} with a residual encoder-decoder convolutional neural network},
  author={Chen, Hu and Zhang, Yi and Kalra, Mannudeep K and Lin, Feng and Chen, Yang and Liao, Peixi and Zhou, Jiliu and Wang, Ge},
  journal={IEEE Transactions on Medical Imaging},
  volume={36},
  number={12},
  pages={2524--2535},
  year={2017},
  publisher={IEEE}
}
@article{kang2017deep,
  title={A deep convolutional neural network using directional wavelets for low-dose {X-ray} {CT} reconstruction},
  author={Kang, Eunhee and Min, Junhong and Ye, Jong Chul},
  journal={Medical Physics},
  volume={44},
  number={10},
  pages={e360--e375},
  year={2017},
  publisher={Wiley Online Library}
}

@article{kang2018deep,
  title={Deep convolutional framelet denosing for low-dose {CT} via wavelet residual network},
  author={Kang, Eunhee and Chang, Won and Yoo, Jaejun and Ye, Jong Chul},
  journal={IEEE Transactions on Medical Imaging},
  volume={37},
  number={6},
  pages={1358--1369},
  year={2018},
  publisher={IEEE}
}


@inproceedings{Lin2021CATCA,
  title={Cat: Cross attention in vision transformer},
  author={Lin, Hezheng and Cheng, Xing and Wu, Xiangyu and Shen, Dong},
  booktitle={2022 IEEE International Conference on Multimedia and Expo (ICME)},
  pages={1--6},
  year={2022},
  organization={IEEE}
}
@inproceedings{Chen_2021_ICCV,
  title={Crossvit: Cross-attention multi-scale vision transformer for image classification},
  author={Chen, Chun-Fu Richard and Fan, Quanfu and Panda, Rameswar},
  booktitle={Proceedings of the IEEE/CVF International Conference on Computer Vision},
  pages={357--366},
  year={2021}
}

@article{dosovitskiy2020image,
  title={An image is worth 16x16 words: Transformers for image recognition at scale},
  author={Alexey Dosovitskiy, Lucas Beyer, Alexander Kolesnikov, Dirk Weissenborn, Xiaohua Zhai, Thomas Unterthiner, Mostafa Dehghani, Matthias Minderer, Georg Heigold, Sylvain Gelly, Jakob Uszkoreit, Neil Houlsby},
  journal={ICLR},
  year={2021}
}

@inproceedings{petit2021u,
  title={U-net transformer: Self and cross attention for medical image segmentation},
  author={Petit, Olivier and Thome, Nicolas and Rambour, Clement and Themyr, Loic and Collins, Toby and Soler, Luc},
  booktitle={Machine Learning in Medical Imaging: 12th International Workshop, MLMI 2021, Held in Conjunction with MICCAI 2021, Strasbourg, France, September 27, 2021, Proceedings 12},
  pages={267--276},
  year={2021},
  organization={Springer}
}

@inproceedings{Ahn_2023_WACV,
  title={Star-transformer: A spatio-temporal cross attention transformer for human action recognition},
  author={Ahn, Dasom and Kim, Sangwon and Hong, Hyunsu and Ko, Byoung Chul},
  booktitle={Proceedings of the IEEE/CVF Winter Conference on Applications of Computer Vision},
  pages={3330--3339},
  year={2023}
}

@article{wolterink2017generative,
  title={Generative adversarial networks for noise reduction in low-dose {CT}},
  author={Wolterink, Jelmer M and Leiner, Tim and Viergever, Max A and I{\v{s}}gum, Ivana},
  journal={IEEE Transactions on Medical Imaging},
  volume={36},
  number={12},
  pages={2536--2545},
  year={2017},
  publisher={IEEE}
}

@article{yi2018sharpness,
  title={Sharpness-aware low-dose {CT} denoising using conditional generative adversarial network},
  author={Yi, Xin and Babyn, Paul},
  journal={Journal of Digital Imaging},
  volume={31},
  pages={655--669},
  year={2018},
  publisher={Springer}
}

@article{kang2019cycle,
  title={Cycle-consistent adversarial denoising network for multiphase coronary {CT} angiography},
  author={Kang, Eunhee and Koo, Hyun Jung and Yang, Dong Hyun and Seo, Joon Bum and Ye, Jong Chul},
  journal={Medical Physics},
  volume={46},
  number={2},
  pages={550--562},
  year={2019},
  publisher={Wiley Online Library}
}

@article{tang2019unpaired,
  title={Unpaired low-dose {CT} denoising network based on cycle-consistent generative adversarial network with prior image information},
  author={Tang, Chao and Li, Jie and Wang, Linyuan and Li, Ziheng and Jiang, Lingyun and Cai, Ailong and Zhang, Wenkun and Liang, Ningning and Li, Lei and Yan, Bin},
  journal={Computational and Mathematical Methods in Medicine},
  volume={2019},
  number={1},
  pages={8639825},
  year={2019},
  publisher={Wiley Online Library}
}
@inproceedings{hong2020end,
  title={End-to-end unpaired image denoising with conditional adversarial networks},
  author={Hong, Zhiwei and Fan, Xiaocheng and Jiang, Tao and Feng, Jianxing},
  booktitle={Proceedings of the AAAI Conference on Artificial Intelligence},
  volume={34},
  number={04},
  pages={4140--4149},
  year={2020}
}

@article{yang2018low,
  title={Low-dose {CT} image denoising using a generative adversarial network with Wasserstein distance and perceptual loss},
  author={Yang, Qingsong and Yan, Pingkun and Zhang, Yanbo and Yu, Hengyong and Shi, Yongyi and Mou, Xuanqin and Kalra, Mannudeep K and Zhang, Yi and Sun, Ling and Wang, Ge},
  journal={IEEE Transactions on Medical Imaging},
  volume={37},
  number={6},
  pages={1348--1357},
  year={2018},
  publisher={IEEE}
}
@article{hu2019artifact,
  title={Artifact correction in low-dose dental {CT} imaging using Wasserstein generative adversarial networks},
  author={Hu, Zhanli and Jiang, Changhui and Sun, Fengyi and Zhang, Qiyang and Ge, Yongshuai and Yang, Yongfeng and Liu, Xin and Zheng, Hairong and Liang, Dong},
  journal={Medical Physics},
  volume={46},
  number={4},
  pages={1686--1696},
  year={2019},
  publisher={Wiley Online Library}
}


@inproceedings{zm,
  title={Edgeformer: Edge-Enhanced Transformer for High-Quality Image Deblurring},
  author={Zou, Yuan and Ma, Yinyao},
  booktitle={2023 IEEE International Conference on Multimedia and Expo (ICME)},
  pages={504--509},
  year={2023},
  organization={IEEE}
}

@article{li2022transformer,
  title={Transformer with double enhancement for low-dose {CT} denoising},
  author={Li, Haoran and Yang, Xiaomin and Yang, Sihan and Wang, Daoyong and Jeon, Gwanggil},
  journal={IEEE Journal of Biomedical and Health Informatics},
  volume={27},
  number={10},
  pages={4660--4671},
  year={2022},
  publisher={IEEE}
}

@inproceedings{wang2021ted,
  title={Ted-net: Convolution-free {T2T} vision transformer-based encoder-decoder dilation network for low-dose {CT} denoising},
  author={Wang, Dayang and Wu, Zhan and Yu, Hengyong},
  booktitle={Machine Learning in Medical Imaging, Cham, Switzerland:Springer Int},
  pages={416--425},
  year={2021},
  organization={Springer}
}

@article{wang2023ctformer,
  title={CTformer: convolution-free {Token2Token} dilated vision transformer for low-dose {CT} denoising},
  author={Wang, Dayang and Fan, Fenglei and Wu, Zhan and Liu, Rui and Wang, Fei and Yu, Hengyong},
  journal={Physics in Medicine \& Biology},
  volume={68},
  number={6},
  pages={065012},
  year={2023},
  publisher={IOP Publishing}
}
@inproceedings{noise2noise,
  title={Improved {Noise2Noise} denoising with limited data},
  author={Calvarons, Adria Font},
  booktitle={Proceedings of the IEEE/CVF Conference on Computer Vision and Pattern Recognition},
  pages={796--805},
  year={2021}
}
@inproceedings{krull2019noise2void,
  title={Noise2void-learning denoising from single noisy images},
  author={Krull, Alexander and Buchholz, Tim-Oliver and Jug, Florian},
  booktitle={Proceedings of the IEEE/CVF Conference on Computer Vision and Pattern Recognition},
  pages={2129--2137},
  year={2019}
}
@article{kynkaanniemi2022role,
  title={The role of imagenet classes in fr$\backslash$'echet inception distance},
  author={Kynk{\"a}{\"a}nniemi, Tuomas and Karras, Tero and Aittala, Miika and Aila, Timo and Lehtinen, Jaakko},
  journal={arXiv preprint arXiv:2203.06026},
  year={2022}
}

@inproceedings{batson2019noise2self,
  title={Noise2self: Blind denoising by self-supervision},
  author={Batson, Joshua and Royer, Loic},
  booktitle={International Conference on Machine Learning},
  pages={524--533},
  year={2019},
  organization={PMLR}
}
@article{xu2020noisy,
  title={Noisy-as-clean: Learning self-supervised denoising from corrupted image},
  author={Xu, Jun and Huang, Yuan and Cheng, Ming-Ming and Liu, Li and Zhu, Fan and Xu, Zhou and Shao, Ling},
  journal={IEEE Transactions on Image Processing},
  volume={29},
  pages={9316--9329},
  year={2020},
  publisher={IEEE}
}
@article{hendriksen2020noise2inverse,
  title={Noise2inverse: Self-supervised deep convolutional denoising for tomography},
  author={Hendriksen, Allard Adriaan and Pelt, Dani{\"e}l Maria and Batenburg, K Joost},
  journal={IEEE Transactions on Computational Imaging},
  volume={6},
  pages={1320--1335},
  year={2020},
  publisher={IEEE}
}
@article{niu2022noise,
  title={Noise suppression with similarity-based self-supervised deep learning},
  author={Niu, Chuang and Li, Mengzhou and Fan, Fenglei and Wu, Weiwen and Guo, Xiaodong and Lyu, Qing and Wang, Ge},
  journal={IEEE Transactions on Medical Imaging},
  volume={42},
  number={6},
  pages={1590--1602},
  year={2022},
  publisher={IEEE}
}
@inproceedings{NSS,
  title={Patch group based nonlocal self-similarity prior learning for image denoising},
  author={Xu, Jun and Zhang, Lei and Zuo, Wangmeng and Zhang, David and Feng, Xiangchu},
  booktitle={Proceedings of the IEEE International Conference on Computer Vision},
  pages={244--252},
  year={2015}
}

@article{MLEFGN,
  title={Multilevel edge features guided network for image denoising},
  author={Fang, Faming and Li, Juncheng and Yuan, Yiting and Zeng, Tieyong and Zhang, Guixu},
  journal={IEEE Transactions on Neural Networks and Learning Systems},
  volume={32},
  number={9},
  pages={3956--3970},
  year={2020},
  publisher={IEEE}
}

@article{Jiang2024GDAFormerGD,
  title={{GDAFormer: Gradient-guided Dual Attention Transformer for low-dose {CT} image denoising}},
  author={Jiang, Guowei and Luo, Ting and Xu, Haiyong and Nie, Sheng and Song, Yang and He, Zhouyan},
  journal={Biomedical Signal Processing and Control},
  volume={94},
  pages={106260},
  year={2024},
  publisher={Elsevier}
}
@article{He,
  title={Guided image filtering},
  author={He, Kaiming and Sun, Jian and Tang, Xiaoou},
  journal={IEEE Transactions on Pattern Analysis and Machine Intelligence},
  volume={35},
  number={6},
  pages={1397--1409},
  year={2012},
  publisher={IEEE}
}
@article{Fei,
  title={Gradient domain guided image filtering},
  author={Kou, Fei and Chen, Weihai and Wen, Changyun and Li, Zhengguo},
  journal={IEEE Transactions on Image Processing},
  volume={24},
  number={11},
  pages={4528--4539},
  year={2015},
  publisher={IEEE}
}
@article{WGIF,
  title={Weighted guided image filtering},
  author={Li, Zhengguo and Zheng, Jinghong and Zhu, Zijian and Yao, Wei and Wu, Shiqian},
  journal={IEEE Transactions on Image Processing},
  volume={24},
  number={1},
  pages={120--129},
  year={2014},
  publisher={IEEE}
}
@inproceedings{SwinIR,
  title={Swinir: Image restoration using swin transformer},
  author={Liang, Jingyun and Cao, Jiezhang and Sun, Guolei and Zhang, Kai and Van Gool, Luc and Timofte, Radu},
  booktitle={Proceedings of the IEEE/CVF International Conference on Computer Vision},
  pages={1833--1844},
  year={2021}
}

@inproceedings{charbonnier1994two,
  title={Two deterministic half-quadratic regularization algorithms for computed imaging},
  author={Charbonnier, Pierre and Blanc-Feraud, Laure and Aubert, Gilles and Barlaud, Michel},
  booktitle={Proceedings of 1st International Conference on Image Processing},
  volume={2},
  pages={168--172},
  year={1994},
  organization={IEEE}
}
@inproceedings{johnson2016perceptual,
  title={Perceptual losses for real-time style transfer and super-resolution},
  author={Johnson, Justin and Alahi, Alexandre and Fei-Fei, Li},
  booktitle={Computer Vision--ECCV 2016: 14th European Conference, Amsterdam, The Netherlands, October 11-14, 2016, Proceedings, Part II 14},
  pages={694--711},
  year={2016},
  organization={Springer}
}
@article{goodfellow2020generative,
  title={Generative adversarial networks},
  author={Goodfellow, Ian and Pouget-Abadie, Jean and Mirza, Mehdi and Xu, Bing and Warde-Farley, David and Ozair, Sherjil and Courville, Aaron and Bengio, Yoshua},
  journal={Communications of the ACM},
  volume={63},
  number={11},
  pages={139--144},
  year={2020},
  publisher={ACM New York, NY, USA}
}

@article{loshchilov2018fixing,
  title={Fixing weight decay regularization in adam},
  author={Loshchilov, Ilya and Hutter, Frank and others},
  journal={Proc. Int. Conf. Learn. Represent. (ICLR)},
  pages={1-13},
  year={2018}
}

@article{heusel2017gans,
  title={{GANs} trained by a two time-scale update rule converge to a local nash equilibrium},
  author={Heusel, Martin and Ramsauer, Hubert and Unterthiner, Thomas and Nessler, Bernhard and Hochreiter, Sepp},
  journal={Advances in Neural Information Processing Systems},
  volume={30},
  year={2017}
}
@article{binkowski2018demystifying,
  title={{Demystifying MMD GANs}},
  author={Bi{\'n}kowski, Miko{\l}aj and Sutherland, Danica J and Arbel, Michael and Gretton, Arthur},
  journal={In Int. Conf. on Learning Representations (ICLR)},
  pages={1-15},
  year={2018}
}

@article{dabov2007image,
  title={Image denoising by sparse {3-D} transform-domain collaborative filtering},
  author={Dabov, Kostadin and Foi, Alessandro and Katkovnik, Vladimir and Egiazarian, Karen},
  journal={IEEE Transactions on Image Processing},
  volume={16},
  number={8},
  pages={2080--2095},
  year={2007},
  publisher={IEEE}
}
@article{zhang2017beyond,
  title={Beyond a gaussian denoiser: Residual learning of deep {CNN} for image denoising},
  author={Zhang, Kai and Zuo, Wangmeng and Chen, Yunjin and Meng, Deyu and Zhang, Lei},
  journal={IEEE Transactions on Image Processing},
  volume={26},
  number={7},
  pages={3142--3155},
  year={2017},
  publisher={IEEE}
}

@article{hou2020nlh,
  title={NLH: A blind pixel-level non-local method for real-world image denoising},
  author={Hou, Yingkun and Xu, Jun and Liu, Mingxia and Liu, Guanghai and Liu, Li and Zhu, Fan and Shao, Ling},
  journal={IEEE Transactions on Image Processing},
  volume={29},
  pages={5121--5135},
  year={2020},
  publisher={IEEE}
}
@article{karatas2014three,
  title={Three-dimensional imaging techniques: A literature review},
  author={Karatas, Orhan Hakki and Toy, Ebubekir},
  journal={European Journal of Dentistry},
  volume={8},
  number={01},
  pages={132--140},
  year={2014},
  publisher={Thieme Medical and Scientific Publishers Private Ltd.}
}

@inproceedings{al2020critical,
  title={A critical review on medical imaging techniques ({CT} and {PET} scans) in the medical field},
  author={Al-Sharify, Zainab T and Al-Sharify, Talib A and Al-Sharify, Noor T and others},
  booktitle={IOP Conference Series: Materials Science and Engineering},
  volume={870},
  number={1},
  pages={012043},
  year={2020},
  organization={IOP Publishing}
}
@article{hricak2011managing,
  title={Managing radiation use in medical imaging: A multifaceted challenge},
  author={Hricak, Hedvig and Brenner, David J and Adelstein, S James and Frush, Donald P and Hall, Eric J and Howell, Roger W and McCollough, Cynthia H and Mettler, Fred A and Pearce, Mark S and Suleiman, Orhan H and others},
  journal={Radiology},
  volume={258},
  number={3},
  pages={889--905},
  year={2011},
  publisher={Radiological Society of North America, Inc.}
}

@article{raman2013ct,
  title={{CT} scan parameters and radiation dose: Practical advice for radiologists},
  author={Raman, Siva P and Mahesh, Mahadevappa and Blasko, Robert V and Fishman, Elliot K},
  journal={Journal of the American College of Radiology},
  volume={10},
  number={11},
  pages={840--846},
  year={2013},
  publisher={Elsevier}
}
@article{ai2020correlation,
  title={Correlation of chest {CT} and {RT-PCR} testing for coronavirus disease 2019 {(COVID-19)} in China: A report of 1014 cases},
  author={Ai, Tao and Yang, Zhenlu and Hou, Hongyan and Zhan, Chenao and Chen, Chong and Lv, Wenzhi and Tao, Qian and Sun, Ziyong and Xia, Liming},
  journal={Radiology},
  volume={296},
  number={2},
  pages={E32--E40},
  year={2020},
  publisher={Radiological Society of North America}
}
@inproceedings{zhu2017unpaired,
  title={Unpaired image-to-image translation using cycle-consistent adversarial networks},
  author={Zhu, Jun-Yan and Park, Taesung and Isola, Phillip and Efros, Alexei A},
  booktitle={Proceedings of the IEEE International Conference on Computer Vision},
  pages={2223--2232},
  year={2017}
}
@article{li2023low,
  title={Low-dose {CT} image synthesis for domain adaptation imaging using a generative adversarial network with noise encoding transfer learning},
  author={Li, Ming and Wang, Jiping and Chen, Yang and Tang, Yufei and Wu, Zhongyi and Qi, Yujin and Jiang, Haochuan and Zheng, Jian and Tsui, Benjamin MW},
  journal={IEEE Transactions on Medical Imaging},
  volume={42},
  number={9},
  pages={2616--2630},
  year={2023},
  publisher={IEEE}
}

@article{bera2021noise,
  title={Noise conscious training of non local neural network powered by self attentive spectral normalized Markovian patch {GAN} for low dose {CT} denoising},
  author={Bera, Sutanu and Biswas, Prabir Kumar},
  journal={IEEE Transactions on Medical Imaging},
  volume={40},
  number={12},
  pages={3663--3673},
  year={2021},
  publisher={IEEE}
}

@inproceedings{buades2005non,
  title={A non-local algorithm for image denoising},
  author={Buades, Antoni and Coll, Bartomeu and Morel, J-M},
  booktitle={2005 IEEE Computer Society Conference on Computer Vision and Pattern Recognition (CVPR'05)},
  volume={2},
  pages={60--65},
  year={2005},
  organization={IEEE}
}
@inproceedings{xu2018trilateral,
  title={A trilateral weighted sparse coding scheme for real-world image denoising},
  author={Xu, Jun and Zhang, Lei and Zhang, David},
  booktitle={Proceedings of the European Conference on Computer Vision (ECCV)},
  pages={20--36},
  year={2018}
}
@article{chen2023hat,
  title={Hat: Hybrid attention transformer for image restoration},
  author={Chen, Xiangyu and Wang, Xintao and Zhang, Wenlong and Kong, Xiangtao and Qiao, Yu and Zhou, Jiantao and Dong, Chao},
  journal={arXiv:2309.05239},
  year={2023}
}

@article{zhang2022guided,
  title={Guided hyperspectral image denoising with realistic data},
  author={Zhang, Tao and Fu, Ying and Zhang, Jun},
  journal={International Journal of Computer Vision},
  volume={130},
  number={11},
  pages={2885--2901},
  year={2022},
  publisher={Springer}
}
@article{SKWGIF,
  title={Weighted guided image filtering with steering kernel},
  author={Sun, Zhonggui and Han, Bo and Li, Jie and Zhang, Jin and Gao, Xinbo},
  journal={IEEE Transactions on Image Processing},
  volume={29},
  pages={500--508},
  year={2019},
  publisher={IEEE}
}
@article{ctfrequency,
  title={Exposure frequency and radiation dose from {CT} examinations in {Huaian}},
  author={Huo, Binbin and Chen, Xiaomin and Xu, Zhiyong and He, Dongdong and Wang, Jin},
  journal={Radiation Protection Dosimetry},
  volume={200},
  number={4},
  pages={396--402},
  year={2024},
  publisher={Oxford University Press}
}
@article{cancer2024,
  title={Evaluation of patient radiation dose and risk of cancer from {CT} examinations},
  author={Poosiri, Saowapark and Krisanachinda, Anchali and Khamwan, Kitiwat},
  journal={Radiological Physics and Technology},
  volume={17},
  number={1},
  pages={176--185},
  year={2024},
  publisher={Springer}
}
@article{kulathilake2023review,
  title={A review on deep learning approaches for low-dose computed tomography restoration},
  author={Kulathilake, KA Saneera Hemantha and Abdullah, Nor Aniza and Sabri, Aznul Qalid Md and Lai, Khin Wee},
  journal={Complex \& Intelligent Systems},
  volume={9},
  number={3},
  pages={2713--2745},
  year={2023},
  publisher={Springer}
}
@inproceedings{clip,
  title={Learning transferable visual models from natural language supervision},
  author={Radford, Alec and Kim, Jong Wook and Hallacy, Chris and Ramesh, Aditya and Goh, Gabriel and Agarwal, Sandhini and Sastry, Girish and Askell, Amanda and Mishkin, Pamela and Clark, Jack and others},
  booktitle={International Conference on Machine Learning},
  pages={8748--8763},
  year={2021},
  organization={PMLR}
}
@article{sfid,
  title={Generating images with sparse representations},
  author={Nash, Charlie and Menick, Jacob and Dieleman, Sander and Battaglia, Peter W},
  journal={In IEEE Int. Conf. Vis. Commun. Image Process.},
  pages={7958-7968},
  year={2021},
  organization={PMLR}
}
@inproceedings{transformer,
  title={Attention is all you need},
  author={Waswani, A and Shazeer, N and Parmar, N and Uszkoreit, J and Jones, L and Gomez, A and Kaiser, L and Polosukhin, I},
  booktitle={NIPS},
  year={2017}
}
@inproceedings{SSL,
  title={S4l: Self-supervised semi-supervised learning},
  author={Zhai, Xiaohua and Oliver, Avital and Kolesnikov, Alexander and Beyer, Lucas},
  booktitle={Proceedings of the IEEE/CVF International Conference on Computer Vision},
  pages={1476--1485},
  year={2019}
}
@article{gan,
  title={Generative adversarial networks},
  author={Goodfellow, Ian and Pouget-Abadie, Jean and Mirza, Mehdi and Xu, Bing and Warde-Farley, David and Ozair, Sherjil and Courville, Aaron and Bengio, Yoshua},
  journal={Communications of the ACM},
  volume={63},
  number={11},
  pages={139--144},
  year={2020},
  publisher={ACM New York, NY, USA}
}
@article{edge-guided,
  title={Edge-guided filtering based {CT} image denoising using fractional order total variation},
  author={Diwakar, Manoj and Singh, Prabhishek and Garg, Deepak},
  journal={Biomedical Signal Processing and Control},
  volume={92},
  pages={106072},
  year={2024},
  publisher={Elsevier}
}

@article{van2018skeletal,
  title={Skeletal muscle analyses: Agreement between non-contrast and contrast {CT} scan measurements of skeletal muscle area and mean muscle attenuation},
  author={Van der Werf, Anne and Dekker, Ingeborg M and Meijerink, Martijn R and Wierdsma, Nicolette J and de van der Schueren, Marian AE and Langius, Jacqueline AE},
  journal={Clinical Physiology and Functional Imaging},
  volume={38},
  number={3},
  pages={366--372},
  year={2018},
  publisher={Wiley Online Library}
}
@inproceedings{senet,
  title={Squeeze-and-excitation networks},
  author={Hu, Jie and Shen, Li and Sun, Gang},
  booktitle={Proceedings of the IEEE Conference on Computer Vision and Pattern Recognition},
  pages={7132--7141},
  year={2018}
}
@article{TMI1,
  title={Transferring Adult-like Phase Images for Robust Multi-view Isointense Infant Brain Segmentation},
  author={Liu, Huabing and Huang, Jiawei and Jia, Dengqiang and Wang, Qian and Xu, Jun and Shen, Dinggang},
  journal={IEEE Transactions on Medical Imaging},
  year={2024},
  publisher={IEEE}
}
@article{TMI2,
  title={Multi-modal Modality-masked Diffusion Network for Brain {MRI} Synthesis with Random Modality Missing},
  author={Meng, Xiangxi and Sun, Kaicong and Xu, Jun and He, Xuming and Shen, Dinggang},
  journal={IEEE Transactions on Medical Imaging},
  year={2024},
  publisher={IEEE}
}
@inproceedings{simard2003best,
  title={Best practices for convolutional neural networks applied to visual document analysis.},
  author={Simard, Patrice Y and Steinkraus, David and Platt, John C and others},
  booktitle={Icdar},
  volume={3},
  number={2003},
  year={2003},
  organization={Edinburgh}
}
@article{aapm,
  title={Low-dose {CT} for the detection and classification of metastatic liver lesions: Results of the 2016 low dose {CT} grand challenge},
  author={McCollough, Cynthia H and Bartley, Adam C and Carter, Rickey E and Chen, Baiyu and Drees, Tammy A and Edwards, Phillip and Holmes III, David R and Huang, Alice E and Khan, Farhana and Leng, Shuai and others},
  journal={Medical Physics},
  volume={44},
  number={10},
  pages={e339--e352},
  year={2017},
  publisher={Wiley Online Library}
}

@article{nbia,
  title={{The public cancer radiology imaging collections of The Cancer Imaging Archive}},
  author={Prior, Fred and Smith, Kirk and Sharma, Ashish and Kirby, Justin and Tarbox, Lawrence and Clark, Ken and Bennett, William and Nolan, Tracy and Freymann, John},
  journal={Scientific Data},
  volume={4},
  number={1},
  pages={1--7},
  year={2017},
  publisher={Nature Publishing Group}
}

@article{kalender2014dose,
  title={Dose in {X-ray} computed tomography},
  author={Kalender, Willi A},
  journal={Physics in Medicine \& Biology},
  volume={59},
  number={3},
  pages={129},
  year={2014},
  publisher={IOP Publishing}
}
@INPROCEEDINGS{tanxing,
  author={Simard, P.Y. and Steinkraus, D. and Platt, J.C.},
  booktitle={Seventh International Conference on Document Analysis and Recognition, 2003. Proceedings.}, 
  title={Best practices for convolutional neural networks applied to visual document analysis}, 
  year={2003},
  volume={},
  number={},
  pages={958-963},
  keywords={Best practices;Neural networks;Text analysis;Industrial training;Performance analysis;Handwriting recognition;Concrete;Convolution;Information processing;Support vector machines},
  doi={10.1109/ICDAR.2003.1227801}}

@ARTICLE{psp2024,
  author={Song, Zeya and Xue, Liqi and Xu, Jun and Zhang, Baoping and Jin, Chao and Yang, Jian and Zou, Changliang},
  journal={IEEE Transactions on Image Processing}, 
  title={Real-World Low-Dose {CT} Image Denoising by Patch Similarity Purification}, 
  year={2025},
  volume={34},
  number={},
  pages={196-208},
  keywords={Image denoising;Computed tomography;Noise;Training;Noise reduction;Purification;Transformers;Rabbits;Image edge detection;Training data;Low-dose {CT} image denoising;deep learning;data purification strategy;radiation dose reduction},
  doi={10.1109/TIP.2024.3515878}}

@ARTICLE{restoration,
  author={Li, Sanqian and Qin, Binjie and Xiao, Jing and Liu, Qiegen and Wang, Yuhao and Liang, Dong},
  journal={IEEE Transactions on Image Processing}, 
  title={Multi-Channel and Multi-Model-Based Autoencoding Prior for Grayscale Image Restoration}, 
  year={2020},
  volume={29},
  number={},
  pages={142-156},
  keywords={Image restoration;Gray-scale;Task analysis;Noise reduction;Image denoising;Training;Minimization;Grayscale image restoration;denoising autoencoder network;channel prior;auxiliary variable technique;multi-model;proximal gradient descent},
  doi={10.1109/TIP.2019.2931240}}
@ARTICLE{nonlocal,
  author={Zhao, Wenzhao and Liu, Qiegen and Lv, Yisong and Qin, Binjie},
  journal={IEEE Transactions on Image Processing}, 
  title={Texture Variation Adaptive Image Denoising With Nonlocal {PCA}}, 
  year={2019},
  volume={28},
  number={11},
  pages={5537-5551},
  keywords={Noise reduction;Transforms;Principal component analysis;Noise level;Image denoising;Clustering algorithms;Eigenvalues and eigenfunctions;Texture-preserving denoising;adaptive clustering;principal component analysis transform;suboptimal Wiener filter;LPA-ICI},
  doi={10.1109/TIP.2019.2916976}}
@article{hou2018image,
  title={Image denoising with morphology-and size-adaptive block-matching transform domain filtering},
  author={Hou, Yingkun and Shen, Dinggang},
  journal={EURASIP Journal on Image and Video Processing},
  volume={2018},
  pages={1--16},
  year={2018},
  publisher={Springer}
}
@ARTICLE{mjh,
  author={Meng, Mingqiang and Wang, Yongbo and Zhu, Manman and Tao, Xi and Mao, Zerui and Liao, Jingyi and Bian, Zhaoying and Zeng, Dong and Ma, Jianhua},
  journal={IEEE Journal of Biomedical and Health Informatics}, 
  title={DDT-Net: Dose-Agnostic Dual-Task Transfer Network for Simultaneous Low-Dose {CT} Denoising and Simulation}, 
  year={2024},
  volume={28},
  number={6},
  pages={3613-3625},
  keywords={Noise reduction;Computed tomography;Training;Image reconstruction;Data models;Task analysis;Transfer learning;Low-dose CT;deep learning;dual-task;transfer learning},
  doi={10.1109/JBHI.2024.3376628}}
@ARTICLE{zdq,
  author={Yang, Liutao and Li, Zhongnian and Ge, Rongjun and Zhao, Junyong and Si, Haipeng and Zhang, Daoqiang},
  journal={IEEE Transactions on Medical Imaging}, 
  title={Low-Dose {CT} Denoising via Sinogram Inner-Structure Transformer}, 
  year={2023},
  volume={42},
  number={4},
  pages={910-921},
  keywords={Noise reduction;Transformers;Computed tomography;Image reconstruction;Imaging;Periodic structures;Convolutional neural networks;Low-dose CT;deep learning;vision transformer;sinogram inner-structure},
  doi={10.1109/TMI.2022.3219856}}
@inproceedings{chen2022simple,
  title={Simple baselines for image restoration},
  author={Chen, Liangyu and Chu, Xiaojie and Zhang, Xiangyu and Sun, Jian},
  booktitle={Proceedings of the European Conference on Computer Vision (ECCV)},
  pages={17--33},
  year={2022}
}
@article{goldman2007principles,
  title={Principles of {CT}: radiation dose and image quality},
  author={Goldman, Lee W},
  journal={Journal of Nuclear Medicine Technology},
  volume={35},
  number={4},
  pages={213--225},
  year={2007},
  publisher={Soc Nuclear Med}
}
@inproceedings{xu2017,
  title={Multi-channel weighted nuclear norm minimization for real color image denoising},
  author={Xu, Jun and Zhang, Lei and Zhang, David and Feng, Xiangchu},
  booktitle={Proceedings of the IEEE/CVF International Conference on Computer Vision},
  pages={1096--1104},
  year={2017}
}