@article{He,
  title={Guided image filtering},
  author={He, Kaiming and Sun, Jian and Tang, Xiaoou},
  journal={IEEE Transactions on Pattern Analysis and Machine Intelligence},
  volume={35},
  number={6},
  pages={1397--1409},
  year={2012},
  publisher={IEEE}
}

@article{Jiang2024GDAFormerGD,
  title={{GDAFormer: Gradient-guided Dual Attention Transformer for low-dose {CT} image denoising}},
  author={Jiang, Guowei and Luo, Ting and Xu, Haiyong and Nie, Sheng and Song, Yang and He, Zhouyan},
  journal={Biomedical Signal Processing and Control},
  volume={94},
  pages={106260},
  year={2024},
  publisher={Elsevier}
}

@inproceedings{NSS,
  title={Patch group based nonlocal self-similarity prior learning for image denoising},
  author={Xu, Jun and Zhang, Lei and Zuo, Wangmeng and Zhang, David and Feng, Xiangchu},
  booktitle={Proceedings of the IEEE International Conference on Computer Vision},
  pages={244--252},
  year={2015}
}

@article{TMI1,
  title={Transferring Adult-like Phase Images for Robust Multi-view Isointense Infant Brain Segmentation},
  author={Liu, Huabing and Huang, Jiawei and Jia, Dengqiang and Wang, Qian and Xu, Jun and Shen, Dinggang},
  journal={IEEE Transactions on Medical Imaging},
  year={2024},
  publisher={IEEE}
}

@article{TMI2,
  title={Multi-modal Modality-masked Diffusion Network for Brain {MRI} Synthesis with Random Modality Missing},
  author={Meng, Xiangxi and Sun, Kaicong and Xu, Jun and He, Xuming and Shen, Dinggang},
  journal={IEEE Transactions on Medical Imaging},
  year={2024},
  publisher={IEEE}
}

@article{WGIF,
  title={Weighted guided image filtering},
  author={Li, Zhengguo and Zheng, Jinghong and Zhu, Zijian and Yao, Wei and Wu, Shiqian},
  journal={IEEE Transactions on Image Processing},
  volume={24},
  number={1},
  pages={120--129},
  year={2014},
  publisher={IEEE}
}

@inproceedings{batson2019noise2self,
  title={Noise2self: Blind denoising by self-supervision},
  author={Batson, Joshua and Royer, Loic},
  booktitle={International Conference on Machine Learning},
  pages={524--533},
  year={2019},
  organization={PMLR}
}

@article{chen2017low,
  title={Low-dose {CT} with a residual encoder-decoder convolutional neural network},
  author={Chen, Hu and Zhang, Yi and Kalra, Mannudeep K and Lin, Feng and Chen, Yang and Liao, Peixi and Zhou, Jiliu and Wang, Ge},
  journal={IEEE Transactions on Medical Imaging},
  volume={36},
  number={12},
  pages={2524--2535},
  year={2017},
  publisher={IEEE}
}

@article{dosovitskiy2020image,
  title={An image is worth 16x16 words: Transformers for image recognition at scale},
  author={Alexey Dosovitskiy, Lucas Beyer, Alexander Kolesnikov, Dirk Weissenborn, Xiaohua Zhai, Thomas Unterthiner, Mostafa Dehghani, Matthias Minderer, Georg Heigold, Sylvain Gelly, Jakob Uszkoreit, Neil Houlsby},
  journal={ICLR},
  year={2021}
}

@article{edge-guided,
  title={Edge-guided filtering based {CT} image denoising using fractional order total variation},
  author={Diwakar, Manoj and Singh, Prabhishek and Garg, Deepak},
  journal={Biomedical Signal Processing and Control},
  volume={92},
  pages={106072},
  year={2024},
  publisher={Elsevier}
}

@article{gan,
  title={Generative adversarial networks},
  author={Goodfellow, Ian and Pouget-Abadie, Jean and Mirza, Mehdi and Xu, Bing and Warde-Farley, David and Ozair, Sherjil and Courville, Aaron and Bengio, Yoshua},
  journal={Communications of the ACM},
  volume={63},
  number={11},
  pages={139--144},
  year={2020},
  publisher={ACM New York, NY, USA}
}

@article{hendriksen2020noise2inverse,
  title={Noise2inverse: Self-supervised deep convolutional denoising for tomography},
  author={Hendriksen, Allard Adriaan and Pelt, Dani{\"e}l Maria and Batenburg, K Joost},
  journal={IEEE Transactions on Computational Imaging},
  volume={6},
  pages={1320--1335},
  year={2020},
  publisher={IEEE}
}

@inproceedings{hong2020end,
  title={End-to-end unpaired image denoising with conditional adversarial networks},
  author={Hong, Zhiwei and Fan, Xiaocheng and Jiang, Tao and Feng, Jianxing},
  booktitle={Proceedings of the AAAI Conference on Artificial Intelligence},
  volume={34},
  number={04},
  pages={4140--4149},
  year={2020}
}

@article{hu2019artifact,
  title={Artifact correction in low-dose dental {CT} imaging using Wasserstein generative adversarial networks},
  author={Hu, Zhanli and Jiang, Changhui and Sun, Fengyi and Zhang, Qiyang and Ge, Yongshuai and Yang, Yongfeng and Liu, Xin and Zheng, Hairong and Liang, Dong},
  journal={Medical Physics},
  volume={46},
  number={4},
  pages={1686--1696},
  year={2019},
  publisher={Wiley Online Library}
}

@article{kang2017deep,
  title={A deep convolutional neural network using directional wavelets for low-dose {X-ray} {CT} reconstruction},
  author={Kang, Eunhee and Min, Junhong and Ye, Jong Chul},
  journal={Medical Physics},
  volume={44},
  number={10},
  pages={e360--e375},
  year={2017},
  publisher={Wiley Online Library}
}

@article{kang2018deep,
  title={Deep convolutional framelet denosing for low-dose {CT} via wavelet residual network},
  author={Kang, Eunhee and Chang, Won and Yoo, Jaejun and Ye, Jong Chul},
  journal={IEEE Transactions on Medical Imaging},
  volume={37},
  number={6},
  pages={1358--1369},
  year={2018},
  publisher={IEEE}
}

@article{kang2019cycle,
  title={Cycle-consistent adversarial denoising network for multiphase coronary {CT} angiography},
  author={Kang, Eunhee and Koo, Hyun Jung and Yang, Dong Hyun and Seo, Joon Bum and Ye, Jong Chul},
  journal={Medical Physics},
  volume={46},
  number={2},
  pages={550--562},
  year={2019},
  publisher={Wiley Online Library}
}

@inproceedings{krull2019noise2void,
  title={Noise2void-learning denoising from single noisy images},
  author={Krull, Alexander and Buchholz, Tim-Oliver and Jug, Florian},
  booktitle={Proceedings of the IEEE/CVF Conference on Computer Vision and Pattern Recognition},
  pages={2129--2137},
  year={2019}
}

@article{kulathilake2023review,
  title={A review on deep learning approaches for low-dose computed tomography restoration},
  author={Kulathilake, KA Saneera Hemantha and Abdullah, Nor Aniza and Sabri, Aznul Qalid Md and Lai, Khin Wee},
  journal={Complex \& Intelligent Systems},
  volume={9},
  number={3},
  pages={2713--2745},
  year={2023},
  publisher={Springer}
}

@article{li2022transformer,
  title={Transformer with double enhancement for low-dose {CT} denoising},
  author={Li, Haoran and Yang, Xiaomin and Yang, Sihan and Wang, Daoyong and Jeon, Gwanggil},
  journal={IEEE Journal of Biomedical and Health Informatics},
  volume={27},
  number={10},
  pages={4660--4671},
  year={2022},
  publisher={IEEE}
}

@article{niu2022noise,
  title={Noise suppression with similarity-based self-supervised deep learning},
  author={Niu, Chuang and Li, Mengzhou and Fan, Fenglei and Wu, Weiwen and Guo, Xiaodong and Lyu, Qing and Wang, Ge},
  journal={IEEE Transactions on Medical Imaging},
  volume={42},
  number={6},
  pages={1590--1602},
  year={2022},
  publisher={IEEE}
}

@inproceedings{noise2noise,
  title={Improved {Noise2Noise} denoising with limited data},
  author={Calvarons, Adria Font},
  booktitle={Proceedings of the IEEE/CVF Conference on Computer Vision and Pattern Recognition},
  pages={796--805},
  year={2021}
}

@article{tang2019unpaired,
  title={Unpaired low-dose {CT} denoising network based on cycle-consistent generative adversarial network with prior image information},
  author={Tang, Chao and Li, Jie and Wang, Linyuan and Li, Ziheng and Jiang, Lingyun and Cai, Ailong and Zhang, Wenkun and Liang, Ningning and Li, Lei and Yan, Bin},
  journal={Computational and Mathematical Methods in Medicine},
  volume={2019},
  number={1},
  pages={8639825},
  year={2019},
  publisher={Wiley Online Library}
}

@inproceedings{transformer,
  title={Attention is all you need},
  author={Waswani, A and Shazeer, N and Parmar, N and Uszkoreit, J and Jones, L and Gomez, A and Kaiser, L and Polosukhin, I},
  booktitle={NIPS},
  year={2017}
}

@inproceedings{wang2021ted,
  title={Ted-net: Convolution-free {T2T} vision transformer-based encoder-decoder dilation network for low-dose {CT} denoising},
  author={Wang, Dayang and Wu, Zhan and Yu, Hengyong},
  booktitle={Machine Learning in Medical Imaging, Cham, Switzerland:Springer Int},
  pages={416--425},
  year={2021},
  organization={Springer}
}

@article{wang2023ctformer,
  title={CTformer: convolution-free {Token2Token} dilated vision transformer for low-dose {CT} denoising},
  author={Wang, Dayang and Fan, Fenglei and Wu, Zhan and Liu, Rui and Wang, Fei and Yu, Hengyong},
  journal={Physics in Medicine \& Biology},
  volume={68},
  number={6},
  pages={065012},
  year={2023},
  publisher={IOP Publishing}
}

@article{wolterink2017generative,
  title={Generative adversarial networks for noise reduction in low-dose {CT}},
  author={Wolterink, Jelmer M and Leiner, Tim and Viergever, Max A and I{\v{s}}gum, Ivana},
  journal={IEEE Transactions on Medical Imaging},
  volume={36},
  number={12},
  pages={2536--2545},
  year={2017},
  publisher={IEEE}
}

@article{xu2020noisy,
  title={Noisy-as-clean: Learning self-supervised denoising from corrupted image},
  author={Xu, Jun and Huang, Yuan and Cheng, Ming-Ming and Liu, Li and Zhu, Fan and Xu, Zhou and Shao, Ling},
  journal={IEEE Transactions on Image Processing},
  volume={29},
  pages={9316--9329},
  year={2020},
  publisher={IEEE}
}

@article{yang2018low,
  title={Low-dose {CT} image denoising using a generative adversarial network with Wasserstein distance and perceptual loss},
  author={Yang, Qingsong and Yan, Pingkun and Zhang, Yanbo and Yu, Hengyong and Shi, Yongyi and Mou, Xuanqin and Kalra, Mannudeep K and Zhang, Yi and Sun, Ling and Wang, Ge},
  journal={IEEE Transactions on Medical Imaging},
  volume={37},
  number={6},
  pages={1348--1357},
  year={2018},
  publisher={IEEE}
}

@article{yi2018sharpness,
  title={Sharpness-aware low-dose {CT} denoising using conditional generative adversarial network},
  author={Yi, Xin and Babyn, Paul},
  journal={Journal of Digital Imaging},
  volume={31},
  pages={655--669},
  year={2018},
  publisher={Springer}
}

@article{zhang2022guided,
  title={Guided hyperspectral image denoising with realistic data},
  author={Zhang, Tao and Fu, Ying and Zhang, Jun},
  journal={International Journal of Computer Vision},
  volume={130},
  number={11},
  pages={2885--2901},
  year={2022},
  publisher={Springer}
}

