@article{Bun_2017,
   title={Cleaning large correlation matrices: Tools from Random Matrix Theory},
   volume={666},
   ISSN={0370-1573},
   url={http://dx.doi.org/10.1016/j.physrep.2016.10.005},
   DOI={10.1016/j.physrep.2016.10.005},
   journal={Physics Reports},
   publisher={Elsevier BV},
   author={Bun, Joël and Bouchaud, Jean-Philippe and Potters, Marc},
   year={2017},
   month=jan, pages={1–109} }

@book{Potters_Bouchaud_2020, place={Cambridge}, title={A First Course in Random Matrix Theory: for Physicists, Engineers and Data Scientists}, publisher={Cambridge University Press}, author={Potters, Marc and Bouchaud, Jean-Philippe}, year={2020}}

@misc{baik2004phasetransitionlargesteigenvalue,
      title={Phase transition of the largest eigenvalue for non-null complex sample covariance matrices}, 
      author={Jinho Baik and Gerard Ben Arous and Sandrine Peche},
      year={2004},
      eprint={math/0403022},
      archivePrefix={arXiv},
      primaryClass={math.PR},
      url={https://arxiv.org/abs/math/0403022}, 
}

@article{bun2018overlaps,
  title={Overlaps between eigenvectors of correlated random matrices},
  author={Bun, Jo{\"e}l and Bouchaud, Jean-Philippe and Potters, Marc},
  journal={Physical Review E},
  volume={98},
  number={5},
  pages={052145},
  year={2018},
  publisher={APS}
}

@misc{bykhovskaya2025highdimensionalcanonicalcorrelationanalysis,
      title={High-Dimensional Canonical Correlation Analysis}, 
      author={Anna Bykhovskaya and Vadim Gorin},
      year={2025},
      eprint={2306.16393},
      archivePrefix={arXiv},
      primaryClass={econ.EM},
      url={https://arxiv.org/abs/2306.16393}, 
}

@misc{chun2024estimatingspectralmomentskernel,
      title={Estimating the Spectral Moments of the Kernel Integral Operator from Finite Sample Matrices}, 
      author={Chanwoo Chun and SueYeon Chung and Daniel D. Lee},
      year={2024},
      eprint={2410.17998},
      archivePrefix={arXiv},
      primaryClass={cs.LG},
      url={https://arxiv.org/abs/2410.17998}, 
}

@misc{kong2017spectrumestimationsamples,
      title={Spectrum Estimation from Samples}, 
      author={Weihao Kong and Gregory Valiant},
      year={2017},
      eprint={1602.00061},
      archivePrefix={arXiv},
      primaryClass={cs.LG},
      url={https://arxiv.org/abs/1602.00061}, 
}

@inproceedings{kornblith2019similarity,
  title={Similarity of neural network representations revisited},
  author={Kornblith, Simon and Norouzi, Mohammad and Lee, Honglak and Hinton, Geoffrey},
  booktitle={International Conference on Machine Learning},
  pages={3519--3529},
  year={2019},
  organization={PMLR}
}

@misc{ma2022samplecanonicalcorrelationcoefficients,
      title={Sample canonical correlation coefficients of high-dimensional random vectors with finite rank correlations}, 
      author={Zongming Ma and Fan Yang},
      year={2022},
      eprint={2102.03297},
      archivePrefix={arXiv},
      primaryClass={math.PR},
      url={https://arxiv.org/abs/2102.03297}, 
}

