% Use this file for citations not found in the ACL Anthology (contained in "anthology.bib").

@inproceedings{
hendrycks2021measuring,
title={Measuring Massive Multitask Language Understanding},
author={Dan Hendrycks and Collin Burns and Steven Basart and Andy Zou and Mantas Mazeika and Dawn Song and Jacob Steinhardt},
booktitle={International Conference on Learning Representations},
year={2021},
url={https://openreview.net/forum?id=d7KBjmI3GmQ}
}
@article{cobbe2021training,
  title={Training verifiers to solve math word problems},
  author={Cobbe, Karl and Kosaraju, Vineet and Bavarian, Mohammad and Chen, Mark and Jun, Heewoo and Kaiser, Lukasz and Plappert, Matthias and Tworek, Jerry and Hilton, Jacob and Nakano, Reiichiro and others},
  journal={arXiv preprint arXiv:2110.14168},
  year={2021}
}
@inproceedings{
maini2024tofu,
title={{TOFU}: A Task of Fictitious Unlearning for {LLM}s},
author={Pratyush Maini and Zhili Feng and Avi Schwarzschild and Zachary Chase Lipton and J Zico Kolter},
booktitle={First Conference on Language Modeling},
year={2024},
url={https://openreview.net/forum?id=B41hNBoWLo}
}
@inproceedings{rwku,
 author = {Jin, Zhuoran and Cao, Pengfei and Wang, Chenhao and He, Zhitao and Yuan, Hongbang and Li, Jiachun and Chen, Yubo and Liu, Kang and Zhao, Jun},
 booktitle = {Advances in Neural Information Processing Systems},
 editor = {A. Globerson and L. Mackey and D. Belgrave and A. Fan and U. Paquet and J. Tomczak and C. Zhang},
 pages = {98213--98263},
 publisher = {Curran Associates, Inc.},
 title = {RWKU: Benchmarking Real-World Knowledge Unlearning for Large Language Models},
 url = {https://proceedings.neurips.cc/paper_files/paper/2024/file/b1f78dfc9ca0156498241012aec4efa0-Paper-Datasets_and_Benchmarks_Track.pdf},
 volume = {37},
 year = {2024}
}
@inproceedings{
closerlookat,
title={A Closer Look at Machine Unlearning for Large Language Models},
author={Xiaojian Yuan and Tianyu Pang and Chao Du and Kejiang Chen and Weiming Zhang and Min Lin},
booktitle={The Thirteenth International Conference on Learning Representations},
year={2025},
url={https://openreview.net/forum?id=Q1MHvGmhyT}
}
@inproceedings{lin2004rouge,
  title={Rouge: A package for automatic evaluation of summaries},
  author={Lin, Chin-Yew},
  booktitle={Text summarization branches out},
  pages={74--81},
  year={2004}
}
@inproceedings{cer-etal-2017-semeval,
    title = "{S}em{E}val-2017 Task 1: Semantic Textual Similarity Multilingual and Crosslingual Focused Evaluation",
    author = "Cer, Daniel  and
      Diab, Mona  and
      Agirre, Eneko  and
      Lopez-Gazpio, I{\~n}igo  and
      Specia, Lucia",
    booktitle = "Proceedings of the 11th International Workshop on Semantic Evaluation ({S}em{E}val-2017)",
    month = aug,
    year = "2017"    
}
@inproceedings{reimers-2019-sentence-bert,
    title = "Sentence-BERT: Sentence Embeddings using Siamese BERT-Networks",
    author = "Reimers, Nils and Gurevych, Iryna",
    booktitle = "Proceedings of the 2019 Conference on Empirical Methods in Natural Language Processing",
    month = "11",
    year = "2019"
}
@article{sileo2023tasksource,
  title={tasksource: Structured Dataset Preprocessing Annotations for Frictionless Extreme Multi-Task Learning and Evaluation},
  author={Sileo, Damien},
  journal={arXiv preprint arXiv:2301.05948},
  year={2023}
}
@article{liu2024learning,
  title={Learning to Refuse: Towards Mitigating Privacy Risks in LLMs},
  author={Liu, Zhenhua and Zhu, Tong and Tan, Chuanyuan and Chen, Wenliang},
  journal={arXiv preprint arXiv:2407.10058},
  year={2024}
}
@inproceedings{jang2023knowledgeunlearning,
    title = "Knowledge Unlearning for Mitigating Privacy Risks in Language Models",
    author = "Jang, Joel  and
      Yoon, Dongkeun  and
      Yang, Sohee  and
      Cha, Sungmin  and
      Lee, Moontae  and
      Logeswaran, Lajanugen  and
      Seo, Minjoon",
    booktitle = "Proceedings of the 61st Annual Meeting of the Association for Computational Linguistics (Volume 1: Long Papers)",
    month = jul,
    year = "2023",
    address = "Toronto, Canada",
    publisher = "Association for Computational Linguistics",
    url = "https://aclanthology.org/2023.acl-long.805",
    doi = "10.18653/v1/2023.acl-long.805",
    pages = "14389--14408"
}
@inproceedings{
    rafailov2023dpo,
    title={Direct Preference Optimization: Your Language Model is Secretly a Reward Model},
    author={Rafael Rafailov and Archit Sharma and Eric Mitchell and Christopher D Manning and Stefano Ermon and Chelsea Finn},
    booktitle={Thirty-seventh Conference on Neural Information Processing Systems},
    year={2023},
    url={https://openreview.net/forum?id=HPuSIXJaa9}
}
@inproceedings{
    zhang2024npo,
    title={Negative Preference Optimization: From Catastrophic Collapse to Effective Unlearning},
    author={Ruiqi Zhang and Licong Lin and Yu Bai and Song Mei},
    booktitle={First Conference on Language Modeling},
    year={2024},
    url={https://openreview.net/forum?id=MXLBXjQkmb}
}
@article{touvron2023llama2,
  title={Llama 2: Open foundation and fine-tuned chat models},
  author={Touvron, Hugo and Martin, Louis and Stone, Kevin and Albert, Peter and Almahairi, Amjad and Babaei, Yasmine and Bashlykov, Nikolay and Batra, Soumya and Bhargava, Prajjwal and Bhosale, Shruti and others},
  journal={arXiv preprint arXiv:2307.09288},
  year={2023}
}
@article{dubey2024llama3,
  title={The llama 3 herd of models},
  author={Dubey, Abhimanyu and Jauhri, Abhinav and Pandey, Abhinav and Kadian, Abhishek and Al-Dahle, Ahmad and Letman, Aiesha and Mathur, Akhil and Schelten, Alan and Yang, Amy and Fan, Angela and others},
  journal={arXiv preprint arXiv:2407.21783},
  year={2024}
}
@article{karamolegkou2023copyrightviolation,
  title={Copyright violations and large language models},
  author={Karamolegkou, Antonia and Li, Jiaang and Zhou, Li and S{\o}gaard, Anders},
  journal={arXiv preprint arXiv:2310.13771},
  year={2023}
}
@article{grynbaum2023timessueopenai,
  title={The Times sues OpenAI and Microsoft over AI use of copyrighted work},
  author={Grynbaum, Michael M and Mac, Ryan},
  journal={The New York Times},
  volume={27},
  year={2023}
}
@article{staab2023privacymemorization,
  title={Beyond memorization: Violating privacy via inference with large language models},
  author={Staab, Robin and Vero, Mark and Balunovi{\'c}, Mislav and Vechev, Martin},
  journal={arXiv preprint arXiv:2310.07298},
  year={2023}
}
@article{neel2023privacy,
  title={Privacy issues in large language models: A survey},
  author={Neel, Seth and Chang, Peter},
  journal={arXiv preprint arXiv:2312.06717},
  year={2023}
}
@article{voigt2017gdpr,
  title={The eu general data protection regulation (gdpr)},
  author={Voigt, Paul and Von dem Bussche, Axel},
  journal={A Practical Guide, 1st Ed., Cham: Springer International Publishing},
  volume={10},
  number={3152676},
  pages={10--5555},
  year={2017},
  publisher={Springer}
}
@article{yao2023llmunlearningsurvey,
  title={Large language model unlearning},
  author={Yao, Yuanshun and Xu, Xiaojun and Liu, Yang},
  journal={arXiv preprint arXiv:2310.10683},
  year={2023}
}
@inproceedings{
hu2024joggingthememory,
title={Jogging the Memory of Unlearned {LLM}s Through Targeted Relearning Attacks},
author={Shengyuan Hu and Yiwei Fu and Steven Wu and Virginia Smith},
booktitle={Neurips Safe Generative AI Workshop 2024},
year={2024},
url={https://openreview.net/forum?id=YulEbrG99x}
}
@article{hurst2024gpt4o,
  title={Gpt-4o system card},
  author={Hurst, Aaron and Lerer, Adam and Goucher, Adam P and Perelman, Adam and Ramesh, Aditya and Clark, Aidan and Ostrow, AJ and Welihinda, Akila and Hayes, Alan and Radford, Alec and others},
  journal={arXiv preprint arXiv:2410.21276},
  year={2024}
}
@article{choi2024opt,
  title={SNAP: Unlearning Selective Knowledge in Large Language Models with Negative Instructions},
  author={Choi, Minseok and Rim, Daniel and Lee, Dohyun and Choo, Jaegul},
  journal={arXiv preprint arXiv:2406.12329},
  year={2024}
}
@article{liu2024revisitingharrypotter,
  title={Revisiting Who's Harry Potter: Towards Targeted Unlearning from a Causal Intervention Perspective},
  author={Liu, Yujian and Zhang, Yang and Jaakkola, Tommi and Chang, Shiyu},
  journal={arXiv preprint arXiv:2407.16997},
  year={2024}
}
@article{lynch2024eight,
  title={Eight methods to evaluate robust unlearning in llms},
  author={Lynch, Aengus and Guo, Phillip and Ewart, Aidan and Casper, Stephen and Hadfield-Menell, Dylan},
  journal={arXiv preprint arXiv:2402.16835},
  year={2024}
}
@article{sinha2024unstar,
  title={UnStar: Unlearning with Self-Taught Anti-Sample Reasoning for LLMs},
  author={Sinha, Yash and Mandal, Murari and Kankanhalli, Mohan},
  journal={arXiv preprint arXiv:2410.17050},
  year={2024}
}
@article{eldan2023swhosharrypotter,
  title={Who's Harry Potter? Approximate Unlearning in LLMs},
  author={Eldan, Ronen and Russinovich, Mark},
  journal={arXiv preprint arXiv:2310.02238},
  year={2023}
}
@article{li2024wmdp,
  title={The wmdp benchmark: Measuring and reducing malicious use with unlearning},
  author={Li, Nathaniel and Pan, Alexander and Gopal, Anjali and Yue, Summer and Berrios, Daniel and Gatti, Alice and Li, Justin D and Dombrowski, Ann-Kathrin and Goel, Shashwat and Phan, Long and others},
  journal={arXiv preprint arXiv:2403.03218},
  year={2024}
}
@inproceedings{LevenshteinDistance,
  title={Research on string similarity algorithm based on Levenshtein Distance},
  author={Zhang, Shengnan and Hu, Yan and Bian, Guangrong},
  booktitle={2017 IEEE 2nd Advanced Information Technology, Electronic and Automation Control Conference (IAEAC)},
  pages={2247--2251},
  year={2017},
  organization={IEEE}
}