@article{cobbe2021training,
  title={Training verifiers to solve math word problems},
  author={Cobbe, Karl and Kosaraju, Vineet and Bavarian, Mohammad and Chen, Mark and Jun, Heewoo and Kaiser, Lukasz and Plappert, Matthias and Tworek, Jerry and Hilton, Jacob and Nakano, Reiichiro and others},
  journal={arXiv preprint arXiv:2110.14168},
  year={2021}
}

@inproceedings{jang2023knowledgeunlearning,
    title = "Knowledge Unlearning for Mitigating Privacy Risks in Language Models",
    author = "Jang, Joel  and
      Yoon, Dongkeun  and
      Yang, Sohee  and
      Cha, Sungmin  and
      Lee, Moontae  and
      Logeswaran, Lajanugen  and
      Seo, Minjoon",
    booktitle = "Proceedings of the 61st Annual Meeting of the Association for Computational Linguistics (Volume 1: Long Papers)",
    month = jul,
    year = "2023",
    address = "Toronto, Canada",
    publisher = "Association for Computational Linguistics",
    url = "https://aclanthology.org/2023.acl-long.805",
    doi = "10.18653/v1/2023.acl-long.805",
    pages = "14389--14408"
}

@article{li2024wmdp,
  title={The wmdp benchmark: Measuring and reducing malicious use with unlearning},
  author={Li, Nathaniel and Pan, Alexander and Gopal, Anjali and Yue, Summer and Berrios, Daniel and Gatti, Alice and Li, Justin D and Dombrowski, Ann-Kathrin and Goel, Shashwat and Phan, Long and others},
  journal={arXiv preprint arXiv:2403.03218},
  year={2024}
}

@article{lynch2024eight,
  title={Eight methods to evaluate robust unlearning in llms},
  author={Lynch, Aengus and Guo, Phillip and Ewart, Aidan and Casper, Stephen and Hadfield-Menell, Dylan},
  journal={arXiv preprint arXiv:2402.16835},
  year={2024}
}

@inproceedings{rwku,
 author = {Jin, Zhuoran and Cao, Pengfei and Wang, Chenhao and He, Zhitao and Yuan, Hongbang and Li, Jiachun and Chen, Yubo and Liu, Kang and Zhao, Jun},
 booktitle = {Advances in Neural Information Processing Systems},
 editor = {A. Globerson and L. Mackey and D. Belgrave and A. Fan and U. Paquet and J. Tomczak and C. Zhang},
 pages = {98213--98263},
 publisher = {Curran Associates, Inc.},
 title = {RWKU: Benchmarking Real-World Knowledge Unlearning for Large Language Models},
 url = {https://proceedings.neurips.cc/paper_files/paper/2024/file/b1f78dfc9ca0156498241012aec4efa0-Paper-Datasets_and_Benchmarks_Track.pdf},
 volume = {37},
 year = {2024}
}

@article{sinha2024unstar,
  title={UnStar: Unlearning with Self-Taught Anti-Sample Reasoning for LLMs},
  author={Sinha, Yash and Mandal, Murari and Kankanhalli, Mohan},
  journal={arXiv preprint arXiv:2410.17050},
  year={2024}
}

@article{yao2023llmunlearningsurvey,
  title={Large language model unlearning},
  author={Yao, Yuanshun and Xu, Xiaojun and Liu, Yang},
  journal={arXiv preprint arXiv:2310.10683},
  year={2023}
}

