@inproceedings{dong2014learning,
  title={Learning a deep convolutional network for image super-resolution},
  author={Dong, Chao and Loy, Chen Change and He, Kaiming and Tang, Xiaoou},
  booktitle={ECCV},
  year={2014},
}

@inproceedings{dong2015compression,
  title={Compression artifacts reduction by a deep convolutional network},
  author={Dong, Chao and Deng, Yubin and Loy, Chen Change and Tang, Xiaoou},
  booktitle={ICCV},
  year={2015}
}

@inproceedings{ehrlich2020quantization,
  title={Quantization guided jpeg artifact correction},
  author={Ehrlich, Max and Davis, Larry and Lim, Ser-Nam and Shrivastava, Abhinav},
  booktitle={ECCV},
  year={2020}
}

@inproceedings{galteri2017deep,
  title={Deep generative adversarial compression artifact removal},
  author={Galteri, Leonardo and Seidenari, Lorenzo and Bertini, Marco and Del Bimbo, Alberto},
  booktitle={ICCV},
  year={2017}
}

@article{galteri2019deep,
  title={Deep universal generative adversarial compression artifact removal},
  author={Galteri, Leonardo and Seidenari, Lorenzo and Bertini, Marco and Del Bimbo, Alberto},
  journal={IEEE TMM},
  year={2019},
}

@inproceedings{guo2016building,
  title={Building dual-domain representations for compression artifacts reduction},
  author={Guo, Jun and Chao, Hongyang},
  booktitle={ECCV},
  year={2016},
}

@inproceedings{han2024jdec,
  title={JDEC: JPEG Decoding via Enhanced Continuous Cosine Coefficients},
  author={Han, Woo Kyoung and Im, Sunghoon and Kim, Jaedeok and Jin, Kyong Hwan},
  booktitle={CVPR},
  year={2024}
}

@article{hu2021lora,
  title={Lora: Low-rank adaptation of large language models},
  author={Hu, Edward J and Shen, Yelong and Wallis, Phillip and Allen-Zhu, Zeyuan and Li, Yuanzhi and Wang, Shean and Wang, Lu and Chen, Weizhu},
  journal={arXiv preprint arXiv:2106.09685},
  year={2021}
}

@inproceedings{jiang2021towards,
  title={Towards flexible blind JPEG artifacts removal},
  author={Jiang, Jiaxi and Zhang, Kai and Timofte, Radu},
  booktitle={ICCV},
  year={2021}
}

@inproceedings{jiang2024autodir,
  title={Autodir: Automatic all-in-one image restoration with latent diffusion},
  author={Jiang, Yitong and Zhang, Zhaoyang and Xue, Tianfan and Gu, Jinwei},
  booktitle={ECCV},
  year={2024},
}

@article{kim2020agarnet,
  title={AGARNet: Adaptively gated JPEG compression artifacts removal network for a wide range quality factor},
  author={Kim, Yoonsik and Soh, Jae Woong and Cho, Nam Ik},
  journal={IEEE Access},
  year={2020}
}

@article{li2020learning,
  title={Learning a single model with a wide range of quality factors for JPEG image artifacts removal},
  author={Li, Jianwei and Wang, Yongtao and Xie, Haihua and Ma, Kai-Kuang},
  journal={IEEE TIP},
  year={2020},
}

@article{li2024promptcir,
  title={PromptCIR: Blind Compressed Image Restoration with Prompt Learning},
  author={Li, Bingchen and Li, Xin and Lu, Yiting and Feng, Ruoyu and Guo, Mengxi and Zhao, Shijie and Zhang, Li and Chen, Zhibo},
  journal={arXiv preprint arXiv:2404.17433},
  year={2024}
}

@inproceedings{liang2021swinir,
  title={Swinir: Image restoration using swin transformer},
  author={Liang, Jingyun and Cao, Jiezhang and Sun, Guolei and Zhang, Kai and Van Gool, Luc and Timofte, Radu},
  booktitle={ICCV},
  year={2021}
}

@inproceedings{lin2024diffbir,
  title={Diffbir: Toward blind image restoration with generative diffusion prior},
  author={Lin, Xinqi and He, Jingwen and Chen, Ziyan and Lyu, Zhaoyang and Dai, Bo and Yu, Fanghua and Qiao, Yu and Ouyang, Wanli and Dong, Chao},
  booktitle={ECCV},
  year={2024}
}

@inproceedings{rombach2022high,
  title={High-resolution image synthesis with latent diffusion models},
  author={Rombach, Robin and Blattmann, Andreas and Lorenz, Dominik and Esser, Patrick and Ommer, Bj{\"o}rn},
  booktitle={CVPR},
  year={2022}
}

@inproceedings{wang2021jpeg,
  title={JPEG artifacts removal via compression quality ranker-guided networks},
  author={Wang, Menglu and Fu, Xueyang and Sun, Zepei and Zha, Zheng-Jun},
  booktitle={IJCAI},
  year={2021}
}

@article{wang2024exploiting,
  title={Exploiting diffusion prior for real-world image super-resolution},
  author={Wang, Jianyi and Yue, Zongsheng and Zhou, Shangchen and Chan, Kelvin CK and Loy, Chen Change},
  journal={IJCV},
  year={2024}
}

@inproceedings{wang2024sinsr,
  title={SinSR: diffusion-based image super-resolution in a single step},
  author={Wang, Yufei and Yang, Wenhan and Chen, Xinyuan and Wang, Yaohui and Guo, Lanqing and Chau, Lap-Pui and Liu, Ziwei and Qiao, Yu and Kot, Alex C and Wen, Bihan},
  booktitle={CVPR},
  year={2024}
}

@article{wu2024one,
  title={One-Step Effective Diffusion Network for Real-World Image Super-Resolution},
  author={Wu, Rongyuan and Sun, Lingchen and Ma, Zhiyuan and Zhang, Lei},
  journal={arXiv preprint arXiv:2406.08177},
  year={2024}
}

@inproceedings{wu2024seesr,
  title={Seesr: Towards semantics-aware real-world image super-resolution},
  author={Wu, Rongyuan and Yang, Tao and Sun, Lingchen and Zhang, Zhengqiang and Li, Shuai and Zhang, Lei},
  booktitle={CVPR},
  year={2024}
}

@inproceedings{yang2024pixel,
  title={Pixel-aware stable diffusion for realistic image super-resolution and personalized stylization},
  author={Yang, Tao and Wu, Rongyuan and Ren, Peiran and Xie, Xuansong and Zhang, Lei},
  booktitle={ECCV},
  year={2024},
}

@inproceedings{yin2024dmd,
  title={One-step diffusion with distribution matching distillation},
  author={Yin, Tianwei and Gharbi, Micha{\"e}l and Zhang, Richard and Shechtman, Eli and Durand, Fredo and Freeman, William T and Park, Taesung},
  booktitle={CVPR},
  year={2024}
}

@article{yin2024dmd2,
  title={Improved Distribution Matching Distillation for Fast Image Synthesis},
  author={Yin, Tianwei and Gharbi, Micha{\"e}l and Park, Taesung and Zhang, Richard and Shechtman, Eli and Durand, Fredo and Freeman, William T},
  journal={arXiv preprint arXiv:2405.14867},
  year={2024}
}

@inproceedings{yu2024scaling,
  title={Scaling up to excellence: Practicing model scaling for photo-realistic image restoration in the wild},
  author={Yu, Fanghua and Gu, Jinjin and Li, Zheyuan and Hu, Jinfan and Kong, Xiangtao and Wang, Xintao and He, Jingwen and Qiao, Yu and Dong, Chao},
  booktitle={CVPR},
  year={2024}
}

@article{yue2024resshift,
  title={Resshift: Efficient diffusion model for image super-resolution by residual shifting},
  author={Yue, Zongsheng and Wang, Jianyi and Loy, Chen Change},
  journal={NeurIPS},
  year={2024}
}

@inproceedings{zhang2018dmcnn,
  title={DMCNN: Dual-domain multi-scale convolutional neural network for compression artifacts removal},
  author={Zhang, Xiaoshuai and Yang, Wenhan and Hu, Yueyu and Liu, Jiaying},
  booktitle={ICIP},
  year={2018}
}

@article{zhang2019residual,
  title={Residual non-local attention networks for image restoration},
  author={Zhang, Yulun and Li, Kunpeng and Li, Kai and Zhong, Bineng and Fu, Yun},
  journal={arXiv preprint arXiv:1903.10082},
  year={2019}
}

@article{zheng2019implicit,
  title={Implicit dual-domain convolutional network for robust color image compression artifact reduction},
  author={Zheng, Bolun and Chen, Yaowu and Tian, Xiang and Zhou, Fan and Liu, Xuesong},
  journal={IEEE TCSVT},
  year={2019}
}

