@String(PAMI = {IEEE Trans. Pattern Anal. Mach. Intell.})
@String(IJCV = {Int. J. Comput. Vis.})
@String(CVPR= {IEEE Conf. Comput. Vis. Pattern Recog.})
@String(ICCV= {Int. Conf. Comput. Vis.})
@String(ECCV= {Eur. Conf. Comput. Vis.})
@String(NIPS= {Adv. Neural Inform. Process. Syst.})
@String(ICPR = {Int. Conf. Pattern Recog.})
@String(BMVC= {Brit. Mach. Vis. Conf.})
@String(TOG= {ACM Trans. Graph.})
@String(TIP  = {IEEE Trans. Image Process.})
@String(TVCG  = {IEEE Trans. Vis. Comput. Graph.})
@String(TMM  = {IEEE Trans. Multimedia})
@String(ACMMM= {ACM Int. Conf. Multimedia})
@String(ICME = {Int. Conf. Multimedia and Expo})
@String(ICASSP=	{ICASSP})
@String(ICIP = {IEEE Int. Conf. Image Process.})
@String(ACCV  = {ACCV})
@String(ICLR = {Int. Conf. Learn. Represent.})
@String(IJCAI = {IJCAI})
@String(PR   = {Pattern Recognition})
@String(AAAI = {AAAI})
@String(CVPRW= {IEEE Conf. Comput. Vis. Pattern Recog. Worksh.})
@String(CSVT = {IEEE Trans. Circuit Syst. Video Technol.})

@String(SPL	= {IEEE Sign. Process. Letters})
@String(VR   = {Vis. Res.})
@String(JOV	 = {J. Vis.})
@String(TVC  = {The Vis. Comput.})
@String(JCST  = {J. Comput. Sci. Tech.})
@String(CGF  = {Comput. Graph. Forum})
@String(CVM = {Computational Visual Media})


@String(PAMI  = {IEEE TPAMI})
@String(IJCV  = {IJCV})
@String(CVPR  = {CVPR})
@String(ICCV  = {ICCV})
@String(ECCV  = {ECCV})
@String(NIPS  = {NeurIPS})
@String(ICPR  = {ICPR})
@String(BMVC  =	{BMVC})
@String(TOG   = {ACM TOG})
@String(TIP   = {IEEE TIP})
@String(TVCG  = {IEEE TVCG})
@String(TCSVT = {IEEE TCSVT})
@String(TMM   =	{IEEE TMM})
@String(ACMMM = {ACM MM})
@String(ICME  =	{ICME})
@String(ICASSP=	{ICASSP})
@String(ICIP  = {ICIP})
@String(ACCV  = {ACCV})
@String(ICLR  = {ICLR})
@String(IJCAI = {IJCAI})
@String(PR = {PR})
@String(AAAI = {AAAI})
@String(CVPRW= {CVPRW})
@String(CSVT = {IEEE TCSVT})

@article{wallace1991jpeg,
  title={The JPEG still picture compression standard},
  author={Wallace, Gregory K},
  journal={Communications of the ACM},
  year={1991}
}

@inproceedings{dong2015compression,
  title={Compression artifacts reduction by a deep convolutional network},
  author={Dong, Chao and Deng, Yubin and Loy, Chen Change and Tang, Xiaoou},
  booktitle={ICCV},
  year={2015}
}

@inproceedings{dong2014learning,
  title={Learning a deep convolutional network for image super-resolution},
  author={Dong, Chao and Loy, Chen Change and He, Kaiming and Tang, Xiaoou},
  booktitle={ECCV},
  year={2014},
}

@article{zhang2019residual,
  title={Residual non-local attention networks for image restoration},
  author={Zhang, Yulun and Li, Kunpeng and Li, Kai and Zhong, Bineng and Fu, Yun},
  journal={arXiv preprint arXiv:1903.10082},
  year={2019}
}

@inproceedings{liang2021swinir,
  title={Swinir: Image restoration using swin transformer},
  author={Liang, Jingyun and Cao, Jiezhang and Sun, Guolei and Zhang, Kai and Van Gool, Luc and Timofte, Radu},
  booktitle={ICCV},
  year={2021}
}

@inproceedings{wang2021jpeg,
  title={JPEG artifacts removal via compression quality ranker-guided networks},
  author={Wang, Menglu and Fu, Xueyang and Sun, Zepei and Zha, Zheng-Jun},
  booktitle={IJCAI},
  year={2021}
}

@article{li2020learning,
  title={Learning a single model with a wide range of quality factors for JPEG image artifacts removal},
  author={Li, Jianwei and Wang, Yongtao and Xie, Haihua and Ma, Kai-Kuang},
  journal={IEEE TIP},
  year={2020},
}

@inproceedings{galteri2017deep,
  title={Deep generative adversarial compression artifact removal},
  author={Galteri, Leonardo and Seidenari, Lorenzo and Bertini, Marco and Del Bimbo, Alberto},
  booktitle={ICCV},
  year={2017}
}

@article{galteri2019deep,
  title={Deep universal generative adversarial compression artifact removal},
  author={Galteri, Leonardo and Seidenari, Lorenzo and Bertini, Marco and Del Bimbo, Alberto},
  journal={IEEE TMM},
  year={2019},
}

@inproceedings{guo2016building,
  title={Building dual-domain representations for compression artifacts reduction},
  author={Guo, Jun and Chao, Hongyang},
  booktitle={ECCV},
  year={2016},
}

@inproceedings{ehrlich2020quantization,
  title={Quantization guided jpeg artifact correction},
  author={Ehrlich, Max and Davis, Larry and Lim, Ser-Nam and Shrivastava, Abhinav},
  booktitle={ECCV},
  year={2020}
}

@article{kim2020agarnet,
  title={AGARNet: Adaptively gated JPEG compression artifacts removal network for a wide range quality factor},
  author={Kim, Yoonsik and Soh, Jae Woong and Cho, Nam Ik},
  journal={IEEE Access},
  year={2020}
}

@inproceedings{zhang2018dmcnn,
  title={DMCNN: Dual-domain multi-scale convolutional neural network for compression artifacts removal},
  author={Zhang, Xiaoshuai and Yang, Wenhan and Hu, Yueyu and Liu, Jiaying},
  booktitle={ICIP},
  year={2018}
}

@article{zheng2019implicit,
  title={Implicit dual-domain convolutional network for robust color image compression artifact reduction},
  author={Zheng, Bolun and Chen, Yaowu and Tian, Xiang and Zhou, Fan and Liu, Xuesong},
  journal={IEEE TCSVT},
  year={2019}
}

@inproceedings{jiang2021towards,
  title={Towards flexible blind JPEG artifacts removal},
  author={Jiang, Jiaxi and Zhang, Kai and Timofte, Radu},
  booktitle={ICCV},
  year={2021}
}

@inproceedings{wang2022jpeg,
  title={Jpeg artifacts removal via contrastive representation learning},
  author={Wang, Xi and Fu, Xueyang and Zhu, Yurui and Zha, Zheng-Jun},
  booktitle={ECCV},
  year={2022}
}

@inproceedings{han2024jdec,
  title={JDEC: JPEG Decoding via Enhanced Continuous Cosine Coefficients},
  author={Han, Woo Kyoung and Im, Sunghoon and Kim, Jaedeok and Jin, Kyong Hwan},
  booktitle={CVPR},
  year={2024}
}

@article{li2024promptcir,
  title={PromptCIR: Blind Compressed Image Restoration with Prompt Learning},
  author={Li, Bingchen and Li, Xin and Lu, Yiting and Feng, Ruoyu and Guo, Mengxi and Zhao, Shijie and Zhang, Li and Chen, Zhibo},
  journal={arXiv preprint arXiv:2404.17433},
  year={2024}
}

@article{wang2024exploiting,
  title={Exploiting diffusion prior for real-world image super-resolution},
  author={Wang, Jianyi and Yue, Zongsheng and Zhou, Shangchen and Chan, Kelvin CK and Loy, Chen Change},
  journal={IJCV},
  year={2024}
}

@inproceedings{lin2024diffbir,
  title={Diffbir: Toward blind image restoration with generative diffusion prior},
  author={Lin, Xinqi and He, Jingwen and Chen, Ziyan and Lyu, Zhaoyang and Dai, Bo and Yu, Fanghua and Qiao, Yu and Ouyang, Wanli and Dong, Chao},
  booktitle={ECCV},
  year={2024}
}

@inproceedings{yu2024scaling,
  title={Scaling up to excellence: Practicing model scaling for photo-realistic image restoration in the wild},
  author={Yu, Fanghua and Gu, Jinjin and Li, Zheyuan and Hu, Jinfan and Kong, Xiangtao and Wang, Xintao and He, Jingwen and Qiao, Yu and Dong, Chao},
  booktitle={CVPR},
  year={2024}
}

@inproceedings{wu2024seesr,
  title={Seesr: Towards semantics-aware real-world image super-resolution},
  author={Wu, Rongyuan and Yang, Tao and Sun, Lingchen and Zhang, Zhengqiang and Li, Shuai and Zhang, Lei},
  booktitle={CVPR},
  year={2024}
}

@article{wu2024one,
  title={One-Step Effective Diffusion Network for Real-World Image Super-Resolution},
  author={Wu, Rongyuan and Sun, Lingchen and Ma, Zhiyuan and Zhang, Lei},
  journal={arXiv preprint arXiv:2406.08177},
  year={2024}
}

@inproceedings{yang2024pixel,
  title={Pixel-aware stable diffusion for realistic image super-resolution and personalized stylization},
  author={Yang, Tao and Wu, Rongyuan and Ren, Peiran and Xie, Xuansong and Zhang, Lei},
  booktitle={ECCV},
  year={2024},
}

@inproceedings{jiang2024autodir,
  title={Autodir: Automatic all-in-one image restoration with latent diffusion},
  author={Jiang, Yitong and Zhang, Zhaoyang and Xue, Tianfan and Gu, Jinwei},
  booktitle={ECCV},
  year={2024},
}

@article{yue2024resshift,
  title={Resshift: Efficient diffusion model for image super-resolution by residual shifting},
  author={Yue, Zongsheng and Wang, Jianyi and Loy, Chen Change},
  journal={NeurIPS},
  year={2024}
}

@inproceedings{wang2024sinsr,
  title={SinSR: diffusion-based image super-resolution in a single step},
  author={Wang, Yufei and Yang, Wenhan and Chen, Xinyuan and Wang, Yaohui and Guo, Lanqing and Chau, Lap-Pui and Liu, Ziwei and Qiao, Yu and Kot, Alex C and Wen, Bihan},
  booktitle={CVPR},
  year={2024}
}

@inproceedings{yin2024dmd,
  title={One-step diffusion with distribution matching distillation},
  author={Yin, Tianwei and Gharbi, Micha{\"e}l and Zhang, Richard and Shechtman, Eli and Durand, Fredo and Freeman, William T and Park, Taesung},
  booktitle={CVPR},
  year={2024}
}

@article{yin2024dmd2,
  title={Improved Distribution Matching Distillation for Fast Image Synthesis},
  author={Yin, Tianwei and Gharbi, Micha{\"e}l and Park, Taesung and Zhang, Richard and Shechtman, Eli and Durand, Fredo and Freeman, William T},
  journal={arXiv preprint arXiv:2405.14867},
  year={2024}
}

@inproceedings{rombach2022high,
  title={High-resolution image synthesis with latent diffusion models},
  author={Rombach, Robin and Blattmann, Andreas and Lorenz, Dominik and Esser, Patrick and Ommer, Bj{\"o}rn},
  booktitle={CVPR},
  year={2022}
}

@article{ho2020denoising,
  title={Denoising diffusion probabilistic models},
  author={Ho, Jonathan and Jain, Ajay and Abbeel, Pieter},
  journal={NeurIPS},
  year={2020}
}

@article{song2020denoising,
  title={Denoising diffusion implicit models},
  author={Song, Jiaming and Meng, Chenlin and Ermon, Stefano},
  journal={arXiv preprint arXiv:2010.02502},
  year={2020}
}

@article{song2020score,
  title={Score-based generative modeling through stochastic differential equations},
  author={Song, Yang and Sohl-Dickstein, Jascha and Kingma, Diederik P and Kumar, Abhishek and Ermon, Stefano and Poole, Ben},
  journal={arXiv preprint arXiv:2011.13456},
  year={2020}
}

@article{dhariwal2021diffusion,
  title={Diffusion models beat gans on image synthesis},
  author={Dhariwal, Prafulla and Nichol, Alexander},
  journal={NeurIPS},
  year={2021}
}

@article{podell2023sdxl,
  title={Sdxl: Improving latent diffusion models for high-resolution image synthesis},
  author={Podell, Dustin and English, Zion and Lacey, Kyle and Blattmann, Andreas and Dockhorn, Tim and M{\"u}ller, Jonas and Penna, Joe and Rombach, Robin},
  journal={arXiv preprint arXiv:2307.01952},
  year={2023}
}

@article{saharia2022photorealistic,
  title={Photorealistic text-to-image diffusion models with deep language understanding},
  author={Saharia, Chitwan and Chan, William and Saxena, Saurabh and Li, Lala and Whang, Jay and Denton, Emily L and Ghasemipour, Kamyar and Gontijo Lopes, Raphael and Karagol Ayan, Burcu and Salimans, Tim and others},
  journal={NeurIPS},
  year={2022}
}

@article{song2023consistency,
  title={Consistency models},
  author={Song, Yang and Dhariwal, Prafulla and Chen, Mark and Sutskever, Ilya},
  journal={arXiv preprint arXiv:2303.01469},
  year={2023}
}

@article{li2024distillation,
  title={Distillation-free one-step diffusion for real-world image super-resolution},
  author={Li, Jianze and Cao, Jiezhang and Zou, Zichen and Su, Xiongfei and Yuan, Xin and Zhang, Yulun and Guo, Yong and Yang, Xiaokang},
  journal={arXiv preprint arXiv:2410.04224},
  year={2024}
}

@inproceedings{ronneberger2015u,
  title={U-net: Convolutional networks for biomedical image segmentation},
  author={Ronneberger, Olaf and Fischer, Philipp and Brox, Thomas},
  booktitle={MICCAI},
  year={2015},
}

@article{van2008visualizing,
  title={Visualizing data using t-SNE.},
  author={Van der Maaten, Laurens and Hinton, Geoffrey},
  journal={JMLR},
  year={2008}
}

@article{hu2021lora,
  title={Lora: Low-rank adaptation of large language models},
  author={Hu, Edward J and Shen, Yelong and Wallis, Phillip and Allen-Zhu, Zeyuan and Li, Yuanzhi and Wang, Shean and Wang, Lu and Chen, Weizhu},
  journal={arXiv preprint arXiv:2106.09685},
  year={2021}
}

@article{goodfellow2020generative,
  title={Generative adversarial networks},
  author={Goodfellow, Ian and Pouget-Abadie, Jean and Mirza, Mehdi and Xu, Bing and Warde-Farley, David and Ozair, Sherjil and Courville, Aaron and Bengio, Yoshua},
  journal={Communications of the ACM},
  year={2020}
}

@article{ding2020image,
  title={Image quality assessment: Unifying structure and texture similarity},
  author={Ding, Keyan and Ma, Kede and Wang, Shiqi and Simoncelli, Eero P},
  journal={IEEE TPAMI},
  year={2020}
}

@inproceedings{agustsson2017ntire,
  title={Ntire 2017 challenge on single image super-resolution: Dataset and study},
  author={Agustsson, Eirikur and Timofte, Radu},
  booktitle={CVPRW},
  year={2017}
}

@inproceedings{timofte2017ntire,
  title={Ntire 2017 challenge on single image super-resolution: Methods and results},
  author={Timofte, Radu and Agustsson, Eirikur and Van Gool, Luc and Yang, Ming-Hsuan and Zhang, Lei},
  booktitle={CVPRW},
  year={2017}
}

@inproceedings{li2023lsdir,
  title={Lsdir: A large scale dataset for image restoration},
  author={Li, Yawei and Zhang, Kai and Liang, Jingyun and Cao, Jiezhang and Liu, Ce and Gong, Rui and Zhang, Yulun and Tang, Hao and Liu, Yun and Demandolx, Denis and others},
  booktitle={CVPR},
  year={2023}
}

@article{sheikh2005live,
  title={LIVE image quality assessment database release 2},
  author={Sheikh, H},
  journal={http://live. ece. utexas. edu/research/quality},
  year={2005}
}

@inproceedings{huang2015single,
  title={Single image super-resolution from transformed self-exemplars},
  author={Huang, Jia-Bin and Singh, Abhishek and Ahuja, Narendra},
  booktitle={CVPR},
  year={2015}
}

@inproceedings{zhang2018unreasonable,
  title={The unreasonable effectiveness of deep features as a perceptual metric},
  author={Zhang, Richard and Isola, Phillip and Efros, Alexei A and Shechtman, Eli and Wang, Oliver},
  booktitle={CVPR},
  year={2018}
}

@inproceedings{yang2022maniqa,
  title={Maniqa: Multi-dimension attention network for no-reference image quality assessment},
  author={Yang, Sidi and Wu, Tianhe and Shi, Shuwei and Lao, Shanshan and Gong, Yuan and Cao, Mingdeng and Wang, Jiahao and Yang, Yujiu},
  booktitle={CVPR},
  year={2022}
}

@inproceedings{ke2021musiq,
  title={Musiq: Multi-scale image quality transformer},
  author={Ke, Junjie and Wang, Qifei and Wang, Yilin and Milanfar, Peyman and Yang, Feng},
  booktitle={ICCV},
  year={2021}
}

@inproceedings{wang2023exploring,
  title={Exploring clip for assessing the look and feel of images},
  author={Wang, Jianyi and Chan, Kelvin CK and Loy, Chen Change},
  booktitle={AAAI},
  year={2023}
}

@article{kingma2014adam,
  title={Adam: A method for stochastic optimization},
  author={Kingma, Diederik P},
  journal={arXiv preprint arXiv:1412.6980},
  year={2014}
}

@article{loshchilov2017decoupled,
  title={Decoupled weight decay regularization},
  author={Loshchilov, I},
  journal={arXiv preprint arXiv:1711.05101},
  year={2017}
}

@inproceedings{zhang2023adding,
  title={Adding conditional control to text-to-image diffusion models},
  author={Zhang, Lvmin and Rao, Anyi and Agrawala, Maneesh},
  booktitle={ICCV},
  year={2023}
}

@inproceedings{paszke2019pytorch,
  title={Pytorch: An imperative style, high-performance deep learning library},
  author={Paszke, Adam and Gross, Sam and Massa, Francisco and Lerer, Adam and Bradbury, James and Chanan, Gregory and Killeen, Trevor and Lin, Zeming and Gimelshein, Natalia and Antiga, Luca and others},
  booktitle={NeurIPS},
  year={2019}
}

@inproceedings{radford2021learning,
  title={Learning transferable visual models from natural language supervision},
  author={Radford, Alec and Kim, Jong Wook and Hallacy, Chris and Ramesh, Aditya and Goh, Gabriel and Agarwal, Sandhini and Sastry, Girish and Askell, Amanda and Mishkin, Pamela and Clark, Jack and others},
  booktitle={ICML},
  year={2021},
}









