@article{Cheng2019AdaptiveFN,
  title={Adaptive Factorization Network: Learning Adaptive-Order Feature Interactions},
  author={Weiyu Cheng and Yanyan Shen and Linpeng Huang},
  journal={ArXiv},
  year={2019},
  volume={abs/1909.03276},
  url={https://api.semanticscholar.org/CorpusID:202539143}
}

@article{Guo2017DeepFMAF,
  title={DeepFM: A Factorization-Machine based Neural Network for CTR Prediction},
  author={Huifeng Guo and Ruiming Tang and Yunming Ye and Zhenguo Li and Xiuqiang He},
  journal={ArXiv},
  year={2017},
  volume={abs/1703.04247},
  url={https://api.semanticscholar.org/CorpusID:970388}
}

@misc{HLLMchen2024hll_paper,
      title={HLLM: Enhancing Sequential Recommendations via Hierarchical Large Language Models for Item and User Modeling}, 
      author={Junyi Chen and Lu Chi and Bingyue Peng and Zehuan Yuan},
      year={2024},
      eprint={2409.12740},
      archivePrefix={arXiv},
      primaryClass={cs.IR},
      url={https://arxiv.org/abs/2409.12740}, 
}

@InProceedings{HSTU_paper_zhai24a,
  title = 	 {Actions Speak Louder than Words: Trillion-Parameter Sequential Transducers for Generative Recommendations},
  author =       {Zhai, Jiaqi and Liao, Lucy and Liu, Xing and Wang, Yueming and Li, Rui and Cao, Xuan and Gao, Leon and Gong, Zhaojie and Gu, Fangda and He, Jiayuan and Lu, Yinghai and Shi, Yu},
  booktitle = 	 {ICML},
  year = 	 {2024}
}

@inproceedings{LiRank_paper,
author = {Borisyuk, Fedor and Zhou, Mingzhou and Song, Qingquan and Zhu, Siyu and Tiwana, Birjodh and Parameswaran, Ganesh and Dangi, Siddharth and Hertel, Lars and Xiao, Qiang Charles and Hou, Xiaochen and Ouyang, Yunbo and Gupta, Aman and Singh, Sheallika and Liu, Dan and Cheng, Hailing and Le, Lei and Hung, Jonathan and Keerthi, Sathiya and Wang, Ruoyan and Zhang, Fengyu and Kothari, Mohit and Zhu, Chen and Sun, Daqi and Dai, Yun and Luan, Xun and Zhu, Sirou and Wang, Zhiwei and Daftary, Neil and Shen, Qianqi and Jiang, Chengming and Wei, Haichao and Varshney, Maneesh and Ghoting, Amol and Ghosh, Souvik},
title = {LiRank: Industrial Large Scale Ranking Models at LinkedIn},
year = {2024},
publisher = {KDD}
}

@article{Lian2018xDeepFMCE,
  title={xDeepFM: Combining Explicit and Implicit Feature Interactions for Recommender Systems},
  author={Jianxun Lian and Xiaohuan Zhou and Fuzheng Zhang and Zhongxia Chen and Xing Xie and Guangzhong Sun},
  journal={KDD},
  year={2018},
  url={https://api.semanticscholar.org/CorpusID:3930042}
}

@inproceedings{Linr_paper,
author = {Borisyuk, Fedor and Song, Qingquan and Zhou, Mingzhou and Parameswaran, Ganesh and Arun, Madhu and Popuri, Siva and Bingol, Tugrul and Pei, Zhuotao and Lee, Kuang-Hsuan and Zheng, Lu and Shao, Qizhan and Naqvi, Ali and Zhou, Sen and Gupta, Aman},
title = {LiNR: Model Based Neural Retrieval on GPUs at LinkedIn},
year = {2024},
publisher = {CIKM}
}

@inproceedings{Mao2023FinalMLPAE,
  title={FinalMLP: An Enhanced Two-Stream MLP Model for CTR Prediction},
  author={Kelong Mao and Jieming Zhu and Liangcai Su and Guohao Cai and Yuru Li and Zhenhua Dong},
  booktitle={AAAI Conference on Artificial Intelligence},
  year={2023},
  url={https://api.semanticscholar.org/CorpusID:257913572}
}

@inproceedings{Non_autoregressive_paper,
author = {Ren, Yuxin and Yang, Qiya and Wu, Yichun and Xu, Wei and Wang, Yalong and Zhang, Zhiqiang},
title = {Non-autoregressive Generative Models for Reranking Recommendation},
year = {2024},
publisher = {KDD}
}

@inproceedings{PRM_paper,
author = {Pei, Changhua and Zhang, Yi and Zhang, Yongfeng and Sun, Fei and Lin, Xiao and Sun, Hanxiao and Wu, Jian and Jiang, Peng and Ge, Junfeng and Ou, Wenwu and Pei, Dan},
title = {Personalized re-ranking for recommendation},
year = {2019},
publisher = {RecSys}
}

@inproceedings{Pear_paper,
author = {Li, Yi and Zhu, Jieming and Liu, Weiwen and Su, Liangcai and Cai, Guohao and Zhang, Qi and Tang, Ruiming and Xiao, Xi and He, Xiuqiang},
title = {PEAR: Personalized Re-ranking with Contextualized Transformer for Recommendation},
year = {2022},
publisher = {WWW}
}

@inproceedings{RankFormer_paper,
author = {Buyl, Maarten and Missault, Paul and Sondag, Pierre-Antoine},
title = {RankFormer: Listwise Learning-to-Rank Using Listwide Labels},
year = {2023},
publisher = {KDD}
}

@misc{Scaling_Law_LLM_kaplan2020scalinglawsneurallanguage,
      title={Scaling Laws for Neural Language Models}, 
      author={Jared Kaplan and Sam McCandlish and Tom Henighan and Tom B. Brown and Benjamin Chess and Rewon Child and Scott Gray and Alec Radford and Jeffrey Wu and Dario Amodei},
      year={2020},
      eprint={2001.08361},
      archivePrefix={arXiv},
      primaryClass={cs.LG},
      url={https://arxiv.org/abs/2001.08361}, 
}

@inproceedings{SetRank_paper,
author = {Pang, Liang and Xu, Jun and Ai, Qingyao and Lan, Yanyan and Cheng, Xueqi and Wen, Jirong},
title = {SetRank: Learning a Permutation-Invariant Ranking Model for Information Retrieval},
year = {2020},
publisher = {SIGIR}
}

@article{Song2018AutoIntAF,
  title={AutoInt: Automatic Feature Interaction Learning via Self-Attentive Neural Networks},
  author={Weiping Song and Chence Shi and Zhiping Xiao and Zhijian Duan and Yewen Xu and Ming Zhang and Jian Tang},
  journal={Proceedings of the 28th ACM International Conference on Information and Knowledge Management},
  year={2018},
  url={https://api.semanticscholar.org/CorpusID:53100214}
}

@article{Wang2017DeepC,
  title={Deep \& Cross Network for Ad Click Predictions},
  author={Ruoxi Wang and Bin Fu and G. Fu and Mingliang Wang},
  journal={Proceedings of the ADKDD'17},
  year={2017},
  url={https://api.semanticscholar.org/CorpusID:6011288}
}

@article{Wang2020DCNVI,
  title={DCN V2: Improved Deep \& Cross Network and Practical Lessons for Web-scale Learning to Rank Systems},
  author={Ruoxi Wang and Rakesh Shivanna and Derek Zhiyuan Cheng and Sagar Jain and Dong Lin and Lichan Hong and Ed H. Chi},
  journal={Proceedings of the Web Conference 2021},
  year={2020},
  url={https://api.semanticscholar.org/CorpusID:224845398}
}

@misc{feng2021grngenerativereranknetwork,
      title={GRN: Generative Rerank Network for Context-wise Recommendation}, 
      author={Yufei Feng and Binbin Hu and Yu Gong and Fei Sun and Qingwen Liu and Wenwu Ou},
      year={2021},
      eprint={2104.00860},
      archivePrefix={arXiv},
      primaryClass={cs.IR},
      url={https://arxiv.org/abs/2104.00860}, 
}

@article{wideDeep2016, title={Wide \& Deep Learning for Recommender Systems}, DOI={10.1145/2988450.2988454}, journal={Proceedings of the 1st Workshop on Deep Learning for Recommender Systems}, author={Cheng, Heng-Tze and Koc, Levent and Harmsen, Jeremiah and Shaked, Tal and Chandra, Tushar and Aradhye, Hrishi and Anderson, Glen and Corrado, Greg and Chai, Wei and Ispir, Mustafa and et al.}, year={2016}}

@misc{zeng2024interformer,
      title={InterFormer: Towards Effective Heterogeneous Interaction Learning for Click-Through Rate Prediction}, 
      author={Zhichen Zeng and Xiaolong Liu and Mengyue Hang and Xiaoyi Liu and Qinghai Zhou and Chaofei Yang and Yiqun Liu and Yichen Ruan and Laming Chen and Yuxin Chen and Yujia Hao and Jiaqi Xu and Jade Nie and Xi Liu and Buyun Zhang and Wei Wen and Siyang Yuan and Kai Wang and Wen-Yen Chen and Yiping Han and Huayu Li and Chunzhi Yang and Bo Long and Philip S. Yu and Hanghang Tong and Jiyan Yang},
      year={2024},
      eprint={2411.09852},
      archivePrefix={arXiv},
      primaryClass={cs.IR},
      url={https://arxiv.org/abs/2411.09852}, 
}

@misc{zhang2024wukongscalinglawlargescale,
      title={Wukong: Towards a Scaling Law for Large-Scale Recommendation}, 
      author={Buyun Zhang and Liang Luo and Yuxin Chen and Jade Nie and Xi Liu and Daifeng Guo and Yanli Zhao and Shen Li and Yuchen Hao and Yantao Yao and Guna Lakshminarayanan and Ellie Dingqiao Wen and Jongsoo Park and Maxim Naumov and Wenlin Chen},
      year={2024},
      eprint={2403.02545},
      archivePrefix={arXiv},
      primaryClass={cs.LG},
      url={https://arxiv.org/abs/2403.02545}, 
}

