@article{cho2023,
	author = {Cho, Hyun Jae and Shu, Mia and Bekiranov, Stefan and Zang, Chongzhi and Zhang, Aidong},
	doi = {10.1093/bioinformatics/btad113},
	issn = {1367-4811},
	journal = {Bioinformatics},
	month = {03},
	number = {4},
	pages = {btad113},
	title = {Interpretable meta-learning of multi-omics data for survival analysis and pathway enrichment},
	volume = {39},
	year = {2023},
	bdsk-url-1 = {https://doi.org/10.1093/bioinformatics/btad113}}

@article{cox1972,
  title={Regression models and life-tables},
  author={Cox, David R},
  journal={Journal of the Royal Statistical Society: Series B (Methodological)},
  volume={34},
  number={2},
  pages={187--220},
  year={1972},
  publisher={Wiley Online Library}
}

@inproceedings{hao2019page,
  title={{PAGE-Net}: Interpretable and integrative deep learning for survival analysis using histopathological images and genomic data},
  author={Hao, Jie and Kosaraju, Sai Chandra and Tsaku, Nelson Zange and Song, Dae Hyun and Kang, Mingon},
  booktitle={Pacific Symposium on Biocomputing 2020},
  pages={355--366},
  year={2019},
  organization={World Scientific},
  doi={10.1142/9789811215636_0032}
}

@article{katzman_deepsurv_2018,
	title = {{DeepSurv}: Personalized treatment recommender system using a {Cox} proportional hazards deep neural network},
	volume = {18},
	issn = {1471-2288},
	doi = {10.1186/s12874-018-0482-1},
	language = {en},
	number = {1},
	journal = {BMC Medical Research Methodology},
	author = {Katzman, Jared L. and Shaham, Uri and Cloninger, Alexander and Bates, Jonathan and Jiang, Tingting and Kluger, Yuval},
	month = feb,
	year = {2018},
	pages = {24},
}

@article{kvamme_coxtime_2019,
	title = {Time-to-event prediction with neural networks and {Cox} regression},
	volume = {20},
	issn = {1533-7928},
	number = {129},
	journal = {Journal of Machine Learning Research},
	author = {Kvamme, H{\aa}vard and Borgan, {\O}rnulf and Scheel, Ida},
	year = {2019},
	pages = {1--30}
}

@article{langbein2024,
      title={Interpretable machine learning for survival analysis}, 
      author={Sophie Hanna Langbein and Mateusz Krzyziński and Mikołaj Spytek and Hubert Baniecki and Przemysław Biecek and Marvin N. Wright},
      year={2024},
      volume={ arXiv:2403.10250},
      journal={arXiv preprint} 
}

@article{lee_deephit_2018,
	title = {DeepHit: A deep learning approach to survival analysis with competing risks},
	volume = {32},
	copyright = {Copyright (c)},
	issn = {2374-3468},
	shorttitle = {{DeepHit}},
	doi = {10.1609/aaai.v32i1.11842},
	language = {en},
	number = {1},
	journal = {Proceedings of the AAAI Conference on Artificial Intelligence},
	author = {Lee, Changhee and Zame, William and Yoon, Jinsung and Schaar, Mihaela van der},
	month = apr,
	year = {2018},
	note = {Number: 1}
}

@article{mobadersany2018predicting,
  title={Predicting cancer outcomes from histology and genomics using convolutional networks},
  author={Mobadersany, Pooya and Yousefi, Safoora and Amgad, Mohamed and Gutman, David A and Barnholtz-Sloan, Jill S and Vel{\'a}zquez Vega, Jos{\'e} E and Brat, Daniel J and Cooper, Lee AD},
  journal={Proceedings of the National Academy of Sciences},
  volume={115},
  number={13},
  pages={E2970--E2979},
  year={2018},
  publisher={National Acad Sciences},
  doi={10.1073/pnas.1717139115}
}

@article{wiegrebe2024deep,
  title={Deep learning for survival analysis: A review},
  author={Wiegrebe, Simon and Kopper, Philipp and Sonabend, Raphael and Bischl, Bernd and Bender, Andreas},
  journal={Artificial Intelligence Review},
  volume={57},
  number={3},
  pages={65},
  year={2024},
  publisher={Springer},
  doi = {10.1007/s10462-023-10681-3}
}

