% Introduction
@article{zhang_personalized_2019,
  author={Zhang, Sushen and Bamakan, Seyed Mojtaba Hosseini and Qu, Qiang and Li, Sha},
  journal={IEEE Reviews in Biomedical Engineering}, 
  title={Learning for personalized medicine: A comprehensive review from a deep learning perspective}, 
  year={2019},
  volume={12},
  number={},
  pages={194--208},
  doi={10.1109/RBME.2018.2864254}}

@article{vellido2020importance,
  title={The importance of interpretability and visualization in machine learning for applications in medicine and health care},
  author={Vellido, Alfredo},
  journal={Neural Computing and Applications},
  volume={32},
  number={24},
  pages={18069--18083},
  year={2020},
  publisher={Springer}
}

@inproceedings{rahman2022fair,
  title={Fair and interpretable models for survival analysis},
  author={Rahman, Md Mahmudur and Purushotham, Sanjay},
  booktitle={Proceedings of the 28th ACM SIGKDD Conference on Knowledge Discovery and Data Mining},
  pages={1452--1462},
  year={2022}
}

@article{langbein2024,
      title={Interpretable machine learning for survival analysis}, 
      author={Sophie Hanna Langbein and Mateusz Krzyziński and Mikołaj Spytek and Hubert Baniecki and Przemysław Biecek and Marvin N. Wright},
      year={2024},
      volume={ arXiv:2403.10250},
      journal={arXiv preprint} 
}

@inproceedings{ribeiro2016should,
  title={" Why should i trust you?" explaining the predictions of any classifier},
  author={Ribeiro, Marco Tulio and Singh, Sameer and Guestrin, Carlos},
  booktitle={Proceedings of the 22nd ACM SIGKDD International Conference on Knowledge Discovery and Data Mining},
  pages={1135--1144},
  year={2016}
}

@inproceedings{lundberg2017unified,
 author = {Lundberg, Scott M and Lee, Su-In},
 booktitle = {Advances in Neural Information Processing Systems},
 editor = {I. Guyon and U. Von Luxburg and S. Bengio and H. Wallach and R. Fergus and S. Vishwanathan and R. Garnett},
 pages = {},
 publisher = {Curran Associates, Inc.},
 title = {A unified approach to interpreting model predictions},
 volume = {30},
 year = {2017}
}


% Survival Notation and Key Concepts
@article{cox1972,
  title={Regression models and life-tables},
  author={Cox, David R},
  journal={Journal of the Royal Statistical Society: Series B (Methodological)},
  volume={34},
  number={2},
  pages={187--220},
  year={1972},
  publisher={Wiley Online Library}
}


% Survival Neural Networks
@inproceedings{ferreira2021predictive,
  title={Predictive medicine using interpretable recurrent neural networks},
  author={Ferreira, Andr{\'e} and Madeira, Sara C and Gromicho, Marta and de Carvalho, Mamede and Vinga, Susana and Carvalho, Alexandra M},
  booktitle={International Conference on Pattern Recognition},
  pages={187--202},
  year={2021},
  organization={Springer},
  doi = {10.1007/978-3-030-68763-2_14}
}

@inproceedings{hao2019page,
  title={{PAGE-Net}: Interpretable and integrative deep learning for survival analysis using histopathological images and genomic data},
  author={Hao, Jie and Kosaraju, Sai Chandra and Tsaku, Nelson Zange and Song, Dae Hyun and Kang, Mingon},
  booktitle={Pacific Symposium on Biocomputing 2020},
  pages={355--366},
  year={2019},
  organization={World Scientific},
  doi={10.1142/9789811215636_0032}
}

@article{ching2018cox,
  title={{Cox-nnet}: An artificial neural network method for prognosis prediction of high-throughput omics data},
  author={Ching, Travers and Zhu, Xun and Garmire, Lana X},
  journal={PLoS Computational Biology},
  volume={14},
  number={4},
  pages={e1006076},
  year={2018},
  publisher={Public Library of Science San Francisco, CA USA}, 
  doi={10.1371/journal.pcbi.1006076}
}

@inproceedings{hao2018cox,
  title={{Cox-PASNet}: Pathway-based sparse deep neural network for survival analysis},
  author={Hao, Jie and Kim, Youngsoon and Mallavarapu, Tejaswini and Oh, Jung Hun and Kang, Mingon},
  booktitle={2018 IEEE International Conference on Bioinformatics and Biomedicine (BIBM)},
  pages={381--386},
  year={2018},
  organization={IEEE},
  doi={10.1109/BIBM.2018.8621345}
}

@article{mobadersany2018predicting,
  title={Predicting cancer outcomes from histology and genomics using convolutional networks},
  author={Mobadersany, Pooya and Yousefi, Safoora and Amgad, Mohamed and Gutman, David A and Barnholtz-Sloan, Jill S and Vel{\'a}zquez Vega, Jos{\'e} E and Brat, Daniel J and Cooper, Lee AD},
  journal={Proceedings of the National Academy of Sciences},
  volume={115},
  number={13},
  pages={E2970--E2979},
  year={2018},
  publisher={National Acad Sciences},
  doi={10.1073/pnas.1717139115}
}

@inproceedings{zhu2016deep,
  author={Zhu, Xinliang and Yao, Jiawen and Huang, Junzhou},
  booktitle={2016 IEEE International Conference on Bioinformatics and Biomedicine (BIBM)}, 
  title={Deep convolutional neural network for survival analysis with pathological images}, 
  year={2016},
  volume={},
  number={},
  pages={544-547},
  doi={10.1109/BIBM.2016.7822579}}


@article{tang2019capsurv,
  title={CapSurv: Capsule network for survival analysis with whole slide pathological images},
  author={Tang, Bo and Li, Ao and Li, Bin and Wang, Minghui},
  journal={IEEE Access},
  volume={7},
  pages={26022--26030},
  year={2019},
  publisher={IEEE}
}

@article{katzman_deepsurv_2018,
	title = {{DeepSurv}: Personalized treatment recommender system using a {Cox} proportional hazards deep neural network},
	volume = {18},
	issn = {1471-2288},
	doi = {10.1186/s12874-018-0482-1},
	language = {en},
	number = {1},
	journal = {BMC Medical Research Methodology},
	author = {Katzman, Jared L. and Shaham, Uri and Cloninger, Alexander and Bates, Jonathan and Jiang, Tingting and Kluger, Yuval},
	month = feb,
	year = {2018},
	pages = {24},
}


@article{kvamme_coxtime_2019,
	title = {Time-to-event prediction with neural networks and {Cox} regression},
	volume = {20},
	issn = {1533-7928},
	number = {129},
	journal = {Journal of Machine Learning Research},
	author = {Kvamme, H{\aa}vard and Borgan, {\O}rnulf and Scheel, Ida},
	year = {2019},
	pages = {1--30}
}


@article{lee_deephit_2018,
	title = {DeepHit: A deep learning approach to survival analysis with competing risks},
	volume = {32},
	copyright = {Copyright (c)},
	issn = {2374-3468},
	shorttitle = {{DeepHit}},
	doi = {10.1609/aaai.v32i1.11842},
	language = {en},
	number = {1},
	journal = {Proceedings of the AAAI Conference on Artificial Intelligence},
	author = {Lee, Changhee and Zame, William and Yoon, Jinsung and Schaar, Mihaela van der},
	month = apr,
	year = {2018},
	note = {Number: 1}
}


@article{zhao_deep_2020,
	title = {Deep neural networks for survival analysis using pseudo values},
	volume = {24},
	issn = {2168-2208},
	doi = {10.1109/JBHI.2020.2980204},
	number = {11},
	journal = {IEEE Journal of Biomedical and Health Informatics},
	author = {Zhao, Lili and Feng, Dai},
	month = nov,
	year = {2020},
	note = {Conference Name: IEEE Journal of Biomedical and Health Informatics},
	pages = {3308--3314}
}


@inproceedings{giunchiglia_rnnsurv_2018,
	address = {Cham},
	title = {RNN-Surv: A deep recurrent model for survival analysis},
	isbn = {978-3-030-01424-7},
	shorttitle = {{RNN}-{SURV}},
	doi = {10.1007/978-3-030-01424-7_3},
	language = {en},
	booktitle = {Artificial {Neural} {Networks} and {Machine} {Learning} – {ICANN} 2018},
	publisher = {Springer International Publishing},
	author = {Giunchiglia, Eleonora and Nemchenko, Anton and van der Schaar, Mihaela},
	editor = {Kůrková, Věra and Manolopoulos, Yannis and Hammer, Barbara and Iliadis, Lazaros and Maglogiannis, Ilias},
	year = {2018},
	pages = {23--32},
	file = {RNN-Surv.pdf:/Users/sophielangbein/Desktop/PhD/Literature/Survival ML/RNN-Surv.pdf:application/pdf},
}

@article{wiegrebe2024deep,
  title={Deep learning for survival analysis: A review},
  author={Wiegrebe, Simon and Kopper, Philipp and Sonabend, Raphael and Bischl, Bernd and Bender, Andreas},
  journal={Artificial Intelligence Review},
  volume={57},
  number={3},
  pages={65},
  year={2024},
  publisher={Springer},
  doi = {10.1007/s10462-023-10681-3}
}

@article{kovalev2021counterfactual,
  title={Counterfactual explanation of machine learning survival models},
  author={Kovalev, Maxim and Utkin, Lev and Coolen, Frank and Konstantinov, Andrei},
  journal={Informatica},
  volume={32},
  number={4},
  pages={817--847},
  year={2021},
  publisher={Vilnius University}, 
  doi={10.15388/21-INFOR468}
}


@article{cho2023,
	author = {Cho, Hyun Jae and Shu, Mia and Bekiranov, Stefan and Zang, Chongzhi and Zhang, Aidong},
	doi = {10.1093/bioinformatics/btad113},
	issn = {1367-4811},
	journal = {Bioinformatics},
	month = {03},
	number = {4},
	pages = {btad113},
	title = {Interpretable meta-learning of multi-omics data for survival analysis and pathway enrichment},
	volume = {39},
	year = {2023},
	bdsk-url-1 = {https://doi.org/10.1093/bioinformatics/btad113}}


% Gradient-based Feature Attribution Methods

@inproceedings{koenen2024toward,
  title={Toward understanding the disagreement problem in neural network feature attribution},
  author={Koenen, Niklas and Wright, Marvin N},
  booktitle={World Conference on Explainable Artificial Intelligence},
  pages={247--269},
  year={2024},
  organization={Springer}
}

@article{koenen2023interpreting,
 title={Interpreting deep neural networks with the package innsight},
 volume={111},
 doi={10.18637/jss.v111.i08},
 number={8},
 journal={Journal of Statistical Software},
 author={Koenen, Niklas and Wright, Marvin N.},
 year={2024},
 pages={1–52}
}


@article{simonyan_deep_2014,
	title = {Deep inside convolutional networks: Visualising image classification models and saliency maps},
	doi = {10.48550/arXiv.1312.6034},
	journal = {arXiv preprint},
	author = {Simonyan, Karen and Vedaldi, Andrea and Zisserman, Andrew},
	month = apr,
	year = {2014},
	number = {arXiv:1312.6034}
}


@article{smilkov_smoothgrad_2017,
	title = {SmoothGrad: Removing noise by adding noise},
	shorttitle = {SmoothGrad},
	doi = {10.48550/arXiv.1706.03825},
	journal = {arXiv preprint},
	author = {Smilkov, Daniel and Thorat, Nikhil and Kim, Been and Viégas, Fernanda and Wattenberg, Martin},
	month = jun,
	year = {2017},
	number = {arXiv:1706.03825}
}


@inproceedings{sundararajan_axiomatic_2017,
	title = {Axiomatic attribution for deep networks},
	booktitle = {Proceedings of the 34th International Conference on Machine Learning},
	publisher = {PMLR},
	author = {Sundararajan, Mukund and Taly, Ankur and Yan, Qiqi},
	month = jul,
	year = {2017},
	note = {ISSN: 2640-3498},
	pages = {3319--3328}
}


@incollection{ancona_gradient_based_2019,
	address = {Cham},
	title = {Gradient-based attribution methods},
	isbn = {978-3-030-28954-6},
	language = {en},
	booktitle = {Explainable AI: Interpreting, Explaining and Visualizing Deep Learning},
	publisher = {Springer International Publishing},
	author = {Ancona, Marco and Ceolini, Enea and Öztireli, Cengiz and Gross, Markus},
	editor = {Samek, Wojciech and Montavon, Grégoire and Vedaldi, Andrea and Hansen, Lars Kai and Müller, Klaus-Robert},
	year = {2019},
	doi = {10.1007/978-3-030-28954-6_9},
	pages = {169--191}
}


@article{shrikumar_not_2017,
	title = {Not just a black box: Learning important features through propagating activation differences},
	doi = {10.48550/arXiv.1605.01713},
	journal = {arXiv preprint},
	author = {Shrikumar, Avanti and Greenside, Peyton and Shcherbina, Anna and Kundaje, Anshul},
	month = apr,
	year = {2017},
    number={arXiv 1605.01713}
}


@article{montavon_explaining_2017,
	title = {Explaining nonlinear classification decisions with deep Taylor decomposition},
	volume = {65},
	issn = {0031-3203},
	doi = {10.1016/j.patcog.2016.11.008},
	journal = {Pattern Recognition},
	author = {Montavon, Grégoire and Lapuschkin, Sebastian and Binder, Alexander and Samek, Wojciech and Müller, Klaus-Robert},
	month = may,
	year = {2017}
}


@inproceedings{hesse_fast_2021,
	title = {Fast axiomatic attribution for neural networks},
	volume = {34},
	booktitle = {Advances in Neural Information Processing Systems},
	publisher = {Curran Associates, Inc.},
	author = {Hesse, Robin and Schaub-Meyer, Simone and Roth, Stefan},
	year = {2021},
	pages = {19513--19524}
}


@article{wang_gradient_2024,
	title = {Gradient based feature attribution in explainable AI: A technical review},
	doi = {10.48550/arXiv.2403.10415},
	journal = {arXiv preprint},
	author = {Wang, Yongjie and Zhang, Tong and Guo, Xu and Shen, Zhiqi},
	month = mar,
	year = {2024},
    eprint={arXiv 2403.10415},
}


@article{erion_improving_2021,
	title = {Improving performance of deep learning models with axiomatic attribution priors and expected gradients},
	volume = {3},
	copyright = {2021 The Author(s), under exclusive licence to Springer Nature Limited},
	issn = {2522-5839},
	doi = {10.1038/s42256-021-00343-w},
	language = {en},
	number = {7},
	journal = {Nature Machine Intelligence},
	author = {Erion, Gabriel and Janizek, Joseph D. and Sturmfels, Pascal and Lundberg, Scott M. and Lee, Su-In},
	month = jul,
	year = {2021},
	note = {Publisher: Nature Publishing Group},
	pages = {620--631}
}

@incollection{pytorch,
title = {PyTorch: An imperative style, high-performance deep learning library},
author = {Paszke, Adam and Gross, Sam and Massa, Francisco and Lerer, Adam and Bradbury, James and Chanan, Gregory and Killeen, Trevor and Lin, Zeming and Gimelshein, Natalia and Antiga, Luca and Desmaison, Alban and Kopf, Andreas and Yang, Edward and DeVito, Zachary and Raison, Martin and Tejani, Alykhan and Chilamkurthy, Sasank and Steiner, Benoit and Fang, Lu and Bai, Junjie and Chintala, Soumith},
booktitle = {Advances in Neural Information Processing Systems 32},
pages = {8024--8035},
year = {2019},
publisher = {Curran Associates, Inc.}
}

@misc{chollet2015keras,
  title={Keras},
  author={Chollet, Fran\c{c}ois and others},
  year={2015},
  howpublished={\url{https://keras.io}},
}

% Experiments

@inproceedings{liu2021synthetic,
 author = {Liu, Yang and Khandagale, Sujay and Khandagale, Sujay and White, Colin and Neiswanger, Willie},
 booktitle = {Proceedings of the Neural Information Processing Systems Track on Datasets and Benchmarks},
 editor = {J. Vanschoren and S. Yeung},
 pages = {},
 title = {Synthetic Benchmarks for Scientific Research in Explainable Machine Learning},
 volume = {1},
 year = {2021}
}

@article{vilone2021notions,
  title={Notions of explainability and evaluation approaches for explainable artificial intelligence},
  author={Vilone, Giulia and Longo, Luca},
  journal={Information Fusion},
  volume={76},
  pages={89--106},
  year={2021},
  publisher={Elsevier},
  doi={10.1016/j.inffus.2021.05.009}
}

@article{antoniadi2021current,
  title={Current challenges and future opportunities for XAI in machine learning-based clinical decision support systems: A systematic review},
  author={Antoniadi, Anna Markella and Du, Yuhan and Guendouz, Yasmine and Wei, Lan and Mazo, Claudia and Becker, Brett A and Mooney, Catherine},
  journal={Applied Sciences},
  volume={11},
  number={11},
  pages={5088},
  year={2021},
  publisher={MDPI},
  doi={10.3390/app11115088}
}

@article{krzyzinski2023survshap,
  title={{SurvSHAP (t)}: Time-dependent explanations of machine learning survival models},
  author={Krzyzi{\'n}ski, Mateusz and Spytek, Miko{\l}aj and Baniecki, Hubert and Biecek, Przemys{\l}aw},
  journal={Knowledge-Based Systems},
  volume={262},
  pages={110234},
  year={2023},
  publisher={Elsevier},
  issn = {0950-7051},
  doi = {10.1016/j.knosys.2022.110234}
}

@article{kovalev2020survlime,
  title={{SurvLIME}: A method for explaining machine learning survival models},
  author={Kovalev, Maxim S and Utkin, Lev V and Kasimov, Ernest M},
  journal={Knowledge-Based Systems},
  volume={203},
  pages={106164},
  year={2020},
  publisher={Elsevier},
  issn = {0950-7051},
  doi = {10.1016/j.knosys.2020.106164}
}

% Appendix

@article{bender2005generating,
  title={Generating survival times to simulate Cox proportional hazards models},
  author={Bender, Ralf and Augustin, Thomas and Blettner, Maria},
  journal={Statistics in Medicine},
  volume={24},
  number={11},
  pages={1713--1723},
  year={2005},
  publisher={Wiley Online Library},
  doi={doi: 10.1002/sim.2059}
}

@article{brillemann2020simsurv,
    title = {Simulating Survival Data Using the {simsurv} {R} Package},
    author = {Samuel L. Brilleman and Rory Wolfe and Margarita
      Moreno-Betancur and Michael J. Crowther},
    journal = {Journal of Statistical Software},
    year = {2020},
    volume = {97},
    number = {3},
    pages = {1--27},
    doi = {10.18637/jss.v097.i03},
  }

@INPROCEEDINGS{he_resnet,
  author={He, Kaiming and Zhang, Xiangyu and Ren, Shaoqing and Sun, Jian},
  booktitle={2016 IEEE Conference on Computer Vision and Pattern Recognition (CVPR)}, 
  title={Deep residual learning for image recognition}, 
  year={2016},
  volume={},
  number={},
  pages={770-778},
  doi={10.1109/CVPR.2016.90}}

@article{who_classification,
author = {Park, Yae Won and Vollmuth, Philipp and Foltyn-Dumitru, Martha and Sahm, Felix and Ahn, Sung Soo and Chang, Jong Hee and Kim, Se Hoon},
title = {The 2021 WHO classification for gliomas and implications on imaging diagnosis: Part 1—key points of the fifth edition and summary of imaging findings on adult-type diffuse gliomas},
journal = {Journal of Magnetic Resonance Imaging},
volume = {58},
number = {3},
pages = {677-689},
doi = {https://doi.org/10.1002/jmri.28743},
year = {2023}
}


@article{chen2023algorithms,
  title={Algorithms to estimate Shapley value feature attributions},
  author={Chen, Hugh and Covert, Ian C and Lundberg, Scott M and Lee, Su-In},
  journal={Nature Machine Intelligence},
  volume={5},
  number={6},
  pages={590--601},
  year={2023},
  publisher={Nature Publishing Group UK London}
}