@Article{Ansari2024Chronos,
 author = {Abdul Fatir Ansari and Lorenzo Stella and Caner Turkmen and Xiyuan Zhang and Pedro Mercado and Huibin Shen and Oleksandr Shchur and Syama Rangapuram and Sebastian Pineda Arango and Shubham Kapoor and Jasper Zschiegner and Danielle Maddix Robinson and Hao Wang and Michael Mahoney and Kari Torkkola and Andrew Wilson and Michael Bohlke-Schneider and Yuyang (Bernie) Wang},
 title = {{C}hronos: {L}earning the {L}anguage of {T}ime {S}eries},
 year = {2024},
 journal = {Transactions of Machine Learning Research},
}

@inproceedings{Das2024TimesFM,
  title = {{A} {D}ecoder-only {F}oundation {M}odel for {T}ime-series {F}orecasting},
  author={Das, Abhimanyu and Kong, Weihao and Sen, Rajat and Zhou, Yichen},
  booktitle = {Proceedings of the {F}orty-first {I}nternational {C}onference {O}n {M}achine {L}earning},
  year={2024},
}

@article{Ekambaram2024Tiny,
  title = {{T}iny {T}ime {M}ixers {(TTMs)}: {F}ast {P}re-trained {M}odels for {E}nhanced {Z}ero/few-shot {F}orecasting of {M}ultivariate {T}ime {S}eries.},
  author={Ekambaram, Vijay and Jati, Arindam and Dayama, Pankaj and Mukherjee, Sumanta and Nguyen, Nam H and Gifford, Wesley M and Reddy, Chandra and Kalagnanam, Jayant},
  journal={CoRR},
  year={2024},
}

@inproceedings{Woo2024moirai,
  title = {{U}nified {T}raining of {U}niversal {T}ime {S}eries {F}orecasting {T}ransformers},
  author={Woo, Gerald and Liu, Chenghao and Kumar, Akshat and Xiong, Caiming and Savarese, Silvio and Sahoo, Doyen},
  booktitle = {{F}orty-First {I}nternational {C}onference {O}n {M}achine {L}earning},
  year={2024},
}

@inproceedings{aljundi2019task,
  title = {{T}ask-free {C}ontinual {L}earning},
  author={Aljundi, Rahaf and Kelchtermans, Klaas and Tuytelaars, Tinne},
  booktitle = {{P}roceedings of the {IEEE/CVF} {C}onference {O}n {C}omputer {V}ision and {P}attern {R}ecognition},
  pages={11254--11263},
  year={2019}
}

@article{ao2023continual,
  title = {{C}ontinual {D}eep {L}earning for {T}ime {S}eries {M}odeling},
  author={Ao, Sio-Iong and Fayek, Haytham},
  journal={Sensors},
  volume={23},
  number={16},
  pages={7167},
  year={2023}
}

@article{besnard2024continual,
  title = {{C}ontinual {L}earning for {T}ime {S}eries {F}orecasting: a {F}irst {S}urvey},
  author={Besnard, Quentin and Ragot, Nicolas},
  journal={Engineering Proceedings},
  volume={68},
  number={1},
  pages={49},
  year={2024}
}

@article{bottou2003large,
  title = {{L}arge {S}cale {O}nline {L}earning},
  author={Bottou, L{\'e}on and Cun, Yann},
  journal={Proceedings of the 16th Conference on the Advances in Neural Information Processing Systems},
  year={2003}
}

@article{chen2024visionts,
  title = {{V}isionts: {V}isual {M}asked {A}utoencoders {A}re {F}ree-lunch {Z}ero-shot {T}ime {S}eries {F}orecasters},
  author={Chen, Mouxiang and Shen, Lefei and Li, Zhuo and Wang, Xiaoyun Joy and Sun, Jianling and Liu, Chenghao},
  journal={arXiv preprint arXiv:2408.17253},
  year={2024}
}

@article{de2021continual,
  title = {{A} {C}ontinual {L}earning {S}urvey: {D}efying {F}orgetting in {C}lassification {T}asks},
  author={De Lange, Matthias and Aljundi, Rahaf and Masana, Marc and Parisot, Sarah and Jia, Xu and Leonardis, Ale{\v{s}} and Slabaugh, Gregory and Tuytelaars, Tinne},
  journal={IEEE Transactions on Pattern Analysis and Machine Intelligence},
  volume={44},
  number={7},
  pages={3366--3385},
  year={2021},
  publisher={IEEE}
}

@inproceedings{diao2024forecasting,
  title = {{F}orecasting {A}lgorithms for {I}ntelligent {R}esource {S}caling: an {E}xperimental {A}nalysis},
  author={Diao, Yanlei and Horn, Dominik and Kipf, Andreas and Shchur, Oleksandr and Benito, Ines and Dong, Wenjian and Pagano, Davide and Pfeil, Pascal and Nathan, Vikram and Narayanaswamy, Balakrishnan and others},
  booktitle = {{P}roceedings of the {2}024 {ACM} {S}ymposium {O}n {C}loud {C}omputing},
  pages={126--143},
  year={2024}
}

@article{dohare2023maintaining,
  title = {{M}aintaining {P}lasticity in {D}eep {C}ontinual {L}earning},
  author={Dohare, Shibhansh and Hernandez-Garcia, J Fernando and Rahman, Parash and Mahmood, A Rupam and Sutton, Richard S},
  journal={arXiv preprint arXiv:2306.13812},
  year={2023}
}

@inproceedings{ekambaram2023tsmixer,
  title = {{T}smixer: {L}ightweight {M}lp-mixer {M}odel for {M}ultivariate {T}ime {S}eries {F}orecasting},
  author={Ekambaram, Vijay and Jati, Arindam and Nguyen, Nam and Sinthong, Phanwadee and Kalagnanam, Jayant},
  booktitle = {{P}roceedings of the {2}9th {ACM} {S}igkdd {C}onference {O}n {K}nowledge {D}iscovery and {D}ata {M}ining},
  pages={459--469},
  year={2023}
}

@inproceedings{he2022masked,
  title={Masked {A}utoencoders are {S}calable {V}ision {L}earners},
  author={He, Kaiming and Chen, Xinlei and Xie, Saining and Li, Yanghao and Doll{\'a}r, Piotr and Girshick, Ross},
  booktitle={Proceedings of the IEEE/CVF Conference on Computer Vision and Pattern Recognition},
  pages={16000--16009},
  year={2022}
}

@article{hoi2021online,
  title = {{O}nline {L}earning: a {C}omprehensive {S}urvey},
  author={Hoi, Steven CH and Sahoo, Doyen and Lu, Jing and Zhao, Peilin},
  journal={Neurocomputing},
  volume={459},
  pages={249--289},
  year={2021},
}

@article{kirkpatrick2017overcoming,
  title = {{O}vercoming {C}atastrophic {F}orgetting in {N}eural {N}etworks},
  author={Kirkpatrick, James and Pascanu, Razvan and Rabinowitz, Neil and Veness, Joel and Desjardins, Guillaume and Rusu, Andrei A and Milan, Kieran and Quan, John and Ramalho, Tiago and Grabska-Barwinska, Agnieszka and others},
  journal={Proceedings of the National Academy of Sciences},
  volume={114},
  number={13},
  pages={3521--3526},
  year={2017},
}

@inproceedings{lee2024chunking,
  title = {{C}hunking: {C}ontinual {L}earning {I}s {N}ot {J}ust {A}bout {D}istribution {S}hift},
  author={Lee, Thomas L. and Storkey, Amos },
  booktitle = {{P}roceedings of the Third {C}onference {O}n {L}ifelong {L}earning {A}gents},
  year={2024}
}

@inproceedings{liang2024foundation,
  title = {{F}oundation {M}odels for {T}ime {S}eries {A}nalysis: a {T}utorial and {S}urvey},
  author={Liang, Yuxuan and Wen, Haomin and Nie, Yuqi and Jiang, Yushan and Jin, Ming and Song, Dongjin and Pan, Shirui and Wen, Qingsong},
  booktitle = {{P}roceedings of the {3}0th {ACM} {S}igkdd {C}onference {O}n {K}nowledge {D}iscovery and {D}ata {M}ining},
  pages={6555--6565},
  year={2024}
}

@article{pham2022learning,
  title = {{L}earning {F}ast and {S}low for {O}nline {T}ime {S}eries {F}orecasting},
  author={Pham, Quang and Liu, Chenghao and Sahoo, Doyen and Hoi, Steven CH},
  journal={arXiv preprint arXiv:2202.11672},
  year={2022}
}

@article{polikar2001learn++,
  title = {{L}earn++: an {I}ncremental {L}earning {A}lgorithm for {S}upervised {N}eural {N}etworks},
  author={Polikar, Robi and Upda, Lalita and Upda, Satish S and Honavar, Vasant},
  journal={IEEE transactions on Systems, Man, and Cybernetics, part C (applications and reviews)},
  volume={31},
  number={4},
  pages={497--508},
  year={2001},
}

@article{qu2021recent,
  title = {{R}ecent {A}dvances of {C}ontinual {L}earning in {C}omputer {V}ision: an {O}verview},
  author={Qu, Haoxuan and Rahmani, Hossein and Xu, Li and Williams, Bryan and Liu, Jun},
  journal={arXiv preprint arXiv:2109.11369},
  year={2021}
}

@inproceedings{rasul2023lag,
  title = {{L}ag-llama: {T}owards {F}oundation {M}odels for {T}ime {S}eries {F}orecasting},
  author={Rasul, Kashif and Ashok, Arjun and Williams, Andrew Robert and Khorasani, Arian and Adamopoulos, George and Bhagwatkar, Rishika and Bilo{\v{s}}, Marin and Ghonia, Hena and Hassen, Nadhir and Schneider, Anderson and others},
  booktitle = {{R}0-fomo: {R}obustness of {F}ew-shot and {Z}ero-shot {L}earning in {L}arge {F}oundation {M}odels},
  year ={2023}
}

@article{roberts2019exploring,
  title = {{E}xploring the {L}imits of {T}ransfer {L}earning with a {U}nified {T}ext-to-text {T}ransformer},
  author={Roberts, Adam and Raffel, Colin and Lee, Katherine and Matena, Michael and Shazeer, Noam and Liu, Peter J and Narang, Sharan and Li, Wei and Zhou, Yanqi},
  journal={Google, Tech. Rep.},
  year={2019}
}

@article{wang2024comprehensive,
  title = {{A} {C}omprehensive {S}urvey of {C}ontinual {L}earning: {T}heory, {M}ethod and {A}pplication},
  author={Wang, Liyuan and Zhang, Xingxing and Su, Hang and Zhu, Jun},
  journal={IEEE Transactions on Pattern Analysis and Machine Intelligence},
  year={2024},
  publisher={IEEE}
}

@article{wu2024continual,
  title = {{C}ontinual {L}earning for {L}arge {L}anguage {M}odels: a {S}urvey},
  author={Wu, Tongtong and Luo, Linhao and Li, Yuan-Fang and Pan, Shirui and Vu, Thuy-Trang and Haffari, Gholamreza},
  journal={arXiv preprint arXiv:2402.01364},
  year={2024}
}

@article{yang2024recent,
  title = {{R}ecent {A}dvances of {F}oundation {L}anguage {M}odels-based {C}ontinual {L}earning: a {S}urvey},
  author={Yang, Yutao and Zhou, Jie and Ding, Xuanwen and Huai, Tianyu and Liu, Shunyu and Chen, Qin and Xie, Yuan and He, Liang},
  journal={ACM Computing Surveys},
  year={2024},
}

@article{zhang2024addressing,
  title = {{A}ddressing {C}oncept {S}hift in {O}nline {T}ime {S}eries {F}orecasting: {D}etect-then-adapt},
  author={Zhang, YiFan and Chen, Weiqi and Zhu, Zhaoyang and Qin, Dalin and Sun, Liang and Wang, Xue and Wen, Qingsong and Zhang, Zhang and Wang, Liang and Jin, Rong},
  journal={arXiv preprint arXiv:2403.14949},
  year={2024}
}

