
@inproceedings{xu2024fits,
  title = {{F}{its}: Modeling {T}ime {S}eries with 10k {P}arameters},
  author={Xu, Zhijian and Zeng, Ailing and Xu, Qiang},
  booktitle = {{P}rocceding of the {T}welfth {I}nternational {C}onference {O}n {L}earning {R}epresentations},
  year=2023,
}

%Foundation Models
@Article{Ansari2024Chronos,
 author = {Abdul Fatir Ansari and Lorenzo Stella and Caner Turkmen and Xiyuan Zhang and Pedro Mercado and Huibin Shen and Oleksandr Shchur and Syama Rangapuram and Sebastian Pineda Arango and Shubham Kapoor and Jasper Zschiegner and Danielle Maddix Robinson and Hao Wang and Michael Mahoney and Kari Torkkola and Andrew Wilson and Michael Bohlke-Schneider and Yuyang (Bernie) Wang},
 title = {{C}hronos: {L}earning the {L}anguage of {T}ime {S}eries},
 year = {2024},
 journal = {Transactions of Machine Learning Research},
}

@inproceedings{rasul2023lag,
  title = {{L}ag-llama: {T}owards {F}oundation {M}odels for {T}ime {S}eries {F}orecasting},
  author={Rasul, Kashif and Ashok, Arjun and Williams, Andrew Robert and Khorasani, Arian and Adamopoulos, George and Bhagwatkar, Rishika and Bilo{\v{s}}, Marin and Ghonia, Hena and Hassen, Nadhir and Schneider, Anderson and others},
  booktitle = {{R}0-fomo: {R}obustness of {F}ew-shot and {Z}ero-shot {L}earning in {L}arge {F}oundation {M}odels},
  year ={2023}
}

@article{Ekambaram2024Tiny,
  title = {{T}iny {T}ime {M}ixers {(TTMs)}: {F}ast {P}re-trained {M}odels for {E}nhanced {Z}ero/few-shot {F}orecasting of {M}ultivariate {T}ime {S}eries.},
  author={Ekambaram, Vijay and Jati, Arindam and Dayama, Pankaj and Mukherjee, Sumanta and Nguyen, Nam H and Gifford, Wesley M and Reddy, Chandra and Kalagnanam, Jayant},
  journal={CoRR},
  year={2024},
}

@inproceedings{Das2024TimesFM,
  title = {{A} {D}ecoder-only {F}oundation {M}odel for {T}ime-series {F}orecasting},
  author={Das, Abhimanyu and Kong, Weihao and Sen, Rajat and Zhou, Yichen},
  booktitle = {Proceedings of the {F}orty-first {I}nternational {C}onference {O}n {M}achine {L}earning},
  year={2024},
}

@inproceedings{Woo2024moirai,
  title = {{U}nified {T}raining of {U}niversal {T}ime {S}eries {F}orecasting {T}ransformers},
  author={Woo, Gerald and Liu, Chenghao and Kumar, Akshat and Xiong, Caiming and Savarese, Silvio and Sahoo, Doyen},
  booktitle = {{F}orty-First {I}nternational {C}onference {O}n {M}achine {L}earning},
  year={2024},
}

@article{chen2024visionts,
  title = {{V}isionts: {V}isual {M}asked {A}utoencoders {A}re {F}ree-lunch {Z}ero-shot {T}ime {S}eries {F}orecasters},
  author={Chen, Mouxiang and Shen, Lefei and Li, Zhuo and Wang, Xiaoyun Joy and Sun, Jianling and Liu, Chenghao},
  journal={arXiv preprint arXiv:2408.17253},
  year={2024}
}

@inproceedings{liang2024foundation,
  title = {{F}oundation {M}odels for {T}ime {S}eries {A}nalysis: a {T}utorial and {S}urvey},
  author={Liang, Yuxuan and Wen, Haomin and Nie, Yuqi and Jiang, Yushan and Jin, Ming and Song, Dongjin and Pan, Shirui and Wen, Qingsong},
  booktitle = {{P}roceedings of the {3}0th {ACM} {S}igkdd {C}onference {O}n {K}nowledge {D}iscovery and {D}ata {M}ining},
  pages={6555--6565},
  year={2024}
}

@article{ye2024survey,
  title = {{A} {S}urvey of {T}ime {S}eries {F}oundation {M}odels: {G}eneralizing {T}ime {S}eries {R}epresentation with {L}arge {L}anguage {M}ode},
  author={Ye, Jiexia and Zhang, Weiqi and Yi, Ke and Yu, Yongzi and Li, Ziyue and Li, Jia and Tsung, Fugee},
  journal={arXiv preprint arXiv:2405.02358},
  year={2024}
}

@article{aksu2024gift,
  title = {{G}ift-eval: a {B}enchmark for {G}eneral {T}ime {S}eries {F}orecasting {M}odel {E}valuation},
  author={Aksu, Taha and Woo, Gerald and Liu, Juncheng and Liu, Xu and Liu, Chenghao and Savarese, Silvio and Xiong, Caiming and Sahoo, Doyen},
  journal={arXiv preprint arXiv:2410.10393},
  year={2024}
}

@article{li2024foundts,
  title = {{F}oundts: {C}omprehensive and {U}nified {B}enchmarking of {F}oundation {M}odels for {T}ime {S}eries {F}orecasting},
  author={Li, Zhe and Qiu, Xiangfei and Chen, Peng and Wang, Yihang and Cheng, Hanyin and Shu, Yang and Hu, Jilin and Guo, Chenjuan and Zhou, Aoying and Wen, Qingsong and others},
  journal={arXiv preprint arXiv:2410.11802},
  year={2024}
}

@inproceedings{joosen2023does,
  title = {{H}ow {D}oes {I}t {F}unction? {C}haracterizing {L}ong-term {T}rends in {P}roduction {S}erverless {W}orkloads},
  author={Joosen, Artjom and Hassan, Ahmed and Asenov, Martin and Singh, Rajkarn and Darlow, Luke and Wang, Jianfeng and Barker, Adam},
  booktitle = {{P}roceedings of the {2}023 {ACM} {S}ymposium {O}n {C}loud {C}omputing},
  pages={443--458},
  year={2023}
}

@inproceedings{diao2024forecasting,
  title = {{F}orecasting {A}lgorithms for {I}ntelligent {R}esource {S}caling: an {E}xperimental {A}nalysis},
  author={Diao, Yanlei and Horn, Dominik and Kipf, Andreas and Shchur, Oleksandr and Benito, Ines and Dong, Wenjian and Pagano, Davide and Pfeil, Pascal and Nathan, Vikram and Narayanaswamy, Balakrishnan and others},
  booktitle = {{P}roceedings of the {2}024 {ACM} {S}ymposium {O}n {C}loud {C}omputing},
  pages={126--143},
  year={2024}
}

@inproceedings{ekambaram2023tsmixer,
  title = {{T}smixer: {L}ightweight {M}lp-mixer {M}odel for {M}ultivariate {T}ime {S}eries {F}orecasting},
  author={Ekambaram, Vijay and Jati, Arindam and Nguyen, Nam and Sinthong, Phanwadee and Kalagnanam, Jayant},
  booktitle = {{P}roceedings of the {2}9th {ACM} {S}igkdd {C}onference {O}n {K}nowledge {D}iscovery and {D}ata {M}ining},
  pages={459--469},
  year={2023}
}

@article{roberts2019exploring,
  title = {{E}xploring the {L}imits of {T}ransfer {L}earning with a {U}nified {T}ext-to-text {T}ransformer},
  author={Roberts, Adam and Raffel, Colin and Lee, Katherine and Matena, Michael and Shazeer, Noam and Liu, Peter J and Narang, Sharan and Li, Wei and Zhou, Yanqi},
  journal={Google, Tech. Rep.},
  year={2019}
}

@book{cesa2006prediction,
  title = {{P}rediction, {L}earning, and {G}ames},
  author={Cesa-Bianchi, Nicolo and Lugosi, G{\'a}bor},
  year={2006},
  publisher={Cambridge university press}
}

@article{Rakhlin2008Online,
  title = {{O}nline {L}earning: {H}alving {A}lgorithm and {E}xponential {W}eights},
  author={Rakhlin, Sasha and Kleiner, Ariel},
  journal={UC berkeley, CS281B/Stat241B (Spring 2008) Statistical Learning Theory Leacture Notes},
  year={2008}
}

@article{hoi2021online,
  title = {{O}nline {L}earning: a {C}omprehensive {S}urvey},
  author={Hoi, Steven CH and Sahoo, Doyen and Lu, Jing and Zhao, Peilin},
  journal={Neurocomputing},
  volume={459},
  pages={249--289},
  year={2021},
}

@article{polikar2001learn++,
  title = {{L}earn++: an {I}ncremental {L}earning {A}lgorithm for {S}upervised {N}eural {N}etworks},
  author={Polikar, Robi and Upda, Lalita and Upda, Satish S and Honavar, Vasant},
  journal={IEEE transactions on Systems, Man, and Cybernetics, part C (applications and reviews)},
  volume={31},
  number={4},
  pages={497--508},
  year={2001},
}

@article{bottou2003large,
  title = {{L}arge {S}cale {O}nline {L}earning},
  author={Bottou, L{\'e}on and Cun, Yann},
  journal={Proceedings of the 16th Conference on the Advances in Neural Information Processing Systems},
  year={2003}
}

@article{de2021continual,
  title = {{A} {C}ontinual {L}earning {S}urvey: {D}efying {F}orgetting in {C}lassification {T}asks},
  author={De Lange, Matthias and Aljundi, Rahaf and Masana, Marc and Parisot, Sarah and Jia, Xu and Leonardis, Ale{\v{s}} and Slabaugh, Gregory and Tuytelaars, Tinne},
  journal={IEEE Transactions on Pattern Analysis and Machine Intelligence},
  volume={44},
  number={7},
  pages={3366--3385},
  year={2021},
  publisher={IEEE}
}

@article{wang2024comprehensive,
  title = {{A} {C}omprehensive {S}urvey of {C}ontinual {L}earning: {T}heory, {M}ethod and {A}pplication},
  author={Wang, Liyuan and Zhang, Xingxing and Su, Hang and Zhu, Jun},
  journal={IEEE Transactions on Pattern Analysis and Machine Intelligence},
  year={2024},
  publisher={IEEE}
}

@inproceedings{nietime2022,
  title = {{A} {T}ime {S}eries {I}s {W}orth {6}4 {W}ords: {L}ong-term {F}orecasting with {T}ransformers},
  author={Nie, Yuqi and Nguyen, Nam H and Sinthong, Phanwadee and Kalagnanam, Jayant},
  booktitle={The Eleventh International Conference on Learning Representations},
    year = {2022}
}

@inproceedings{aljundi2019task,
  title = {{T}ask-free {C}ontinual {L}earning},
  author={Aljundi, Rahaf and Kelchtermans, Klaas and Tuytelaars, Tinne},
  booktitle = {{P}roceedings of the {IEEE/CVF} {C}onference {O}n {C}omputer {V}ision and {P}attern {R}ecognition},
  pages={11254--11263},
  year={2019}
}

@inproceedings{lee2024chunking,
  title = {{C}hunking: {C}ontinual {L}earning {I}s {N}ot {J}ust {A}bout {D}istribution {S}hift},
  author={Lee, Thomas L. and Storkey, Amos },
  booktitle = {{P}roceedings of the Third {C}onference {O}n {L}ifelong {L}earning {A}gents},
  year={2024}
}

@article{qu2021recent,
  title = {{R}ecent {A}dvances of {C}ontinual {L}earning in {C}omputer {V}ision: an {O}verview},
  author={Qu, Haoxuan and Rahmani, Hossein and Xu, Li and Williams, Bryan and Liu, Jun},
  journal={arXiv preprint arXiv:2109.11369},
  year={2021}
}

@article{wu2024continual,
  title = {{C}ontinual {L}earning for {L}arge {L}anguage {M}odels: a {S}urvey},
  author={Wu, Tongtong and Luo, Linhao and Li, Yuan-Fang and Pan, Shirui and Vu, Thuy-Trang and Haffari, Gholamreza},
  journal={arXiv preprint arXiv:2402.01364},
  year={2024}
}

@article{dohare2023maintaining,
  title = {{M}aintaining {P}lasticity in {D}eep {C}ontinual {L}earning},
  author={Dohare, Shibhansh and Hernandez-Garcia, J Fernando and Rahman, Parash and Mahmood, A Rupam and Sutton, Richard S},
  journal={arXiv preprint arXiv:2306.13812},
  year={2023}
}

@article{kirkpatrick2017overcoming,
  title = {{O}vercoming {C}atastrophic {F}orgetting in {N}eural {N}etworks},
  author={Kirkpatrick, James and Pascanu, Razvan and Rabinowitz, Neil and Veness, Joel and Desjardins, Guillaume and Rusu, Andrei A and Milan, Kieran and Quan, John and Ramalho, Tiago and Grabska-Barwinska, Agnieszka and others},
  journal={Proceedings of the National Academy of Sciences},
  volume={114},
  number={13},
  pages={3521--3526},
  year={2017},
}

@article{yang2024recent,
  title = {{R}ecent {A}dvances of {F}oundation {L}anguage {M}odels-based {C}ontinual {L}earning: a {S}urvey},
  author={Yang, Yutao and Zhou, Jie and Ding, Xuanwen and Huai, Tianyu and Liu, Shunyu and Chen, Qin and Xie, Yuan and He, Liang},
  journal={ACM Computing Surveys},
  year={2024},
}

@article{ao2023continual,
  title = {{C}ontinual {D}eep {L}earning for {T}ime {S}eries {M}odeling},
  author={Ao, Sio-Iong and Fayek, Haytham},
  journal={Sensors},
  volume={23},
  number={16},
  pages={7167},
  year={2023}
}

@article{besnard2024continual,
  title = {{C}ontinual {L}earning for {T}ime {S}eries {F}orecasting: a {F}irst {S}urvey},
  author={Besnard, Quentin and Ragot, Nicolas},
  journal={Engineering Proceedings},
  volume={68},
  number={1},
  pages={49},
  year={2024}
}

@article{pham2022learning,
  title = {{L}earning {F}ast and {S}low for {O}nline {T}ime {S}eries {F}orecasting},
  author={Pham, Quang and Liu, Chenghao and Sahoo, Doyen and Hoi, Steven CH},
  journal={arXiv preprint arXiv:2202.11672},
  year={2022}
}

@article{mcclelland1995there,
  title = {{W}hy {T}here {A}re {C}omplementary {L}earning {S}ystems in the {H}ippocampus and {N}eocortex: {I}nsights {F}rom the {S}uccesses and {F}ailures of {C}onnectionist {M}odels of {L}earning and {M}emory.},
  author={McClelland, James L and McNaughton, Bruce L and O'Reilly, Randall C},
  journal={Psychological review},
  volume={102},
  number={3},
  pages={419},
  year={1995}
}

@article{kumaran2016learning,
  title = {{W}hat {L}earning {S}ystems {D}o {I}ntelligent {A}gents {N}eed? {C}omplementary {L}earning {S}ystems {T}heory {U}pdated},
  author={Kumaran, Dharshan and Hassabis, Demis and McClelland, James L},
  journal={Trends in Cognitive Sciences},
  volume={20},
  number={7},
  pages={512--534},
  year={2016},
  publisher={Elsevier}
}

@article{zhang2024addressing,
  title = {{A}ddressing {C}oncept {S}hift in {O}nline {T}ime {S}eries {F}orecasting: {D}etect-then-adapt},
  author={Zhang, YiFan and Chen, Weiqi and Zhu, Zhaoyang and Qin, Dalin and Sun, Liang and Wang, Xue and Wen, Qingsong and Zhang, Zhang and Wang, Liang and Jin, Rong},
  journal={arXiv preprint arXiv:2403.14949},
  year={2024}
}

@inproceedings{zhou2021informer,
  title = {{I}nformer: {B}eyond {E}fficient {T}ransformer for {L}ong {S}equence {T}ime-series {F}orecasting},
  author={Zhou, Haoyi and Zhang, Shanghang and Peng, Jieqi and Zhang, Shuai and Li, Jianxin and Xiong, Hui and Zhang, Wancai},
  booktitle = {{P}roceedings of the {T}hirty-{F}ith {AAAI} {C}onference {O}n {A}rtificial {I}ntelligence},
  pages={11106--11115},
  year={2021}
}

@article{wu2021autoformer,
  title = {{A}utoformer: {D}ecomposition {T}ransformers with {A}uto-correlation for {L}ong-term {S}eries {F}orecasting},
  author={Wu, Haixu and Xu, Jiehui and Wang, Jianmin and Long, Mingsheng},
  journal={Proceedings of the Thirty-Fourth Conference on the Advances in Neural Information Processing Systems},
  pages={22419--22430},
  year={2021}
}

@inproceedings{liu2022pyraformer,
  title = {{P}yraformer: {L}ow-complexity {P}yramidal {A}ttention for {L}ong-range {T}ime {S}eries {M}odeling and {F}orecasting},
  author={Liu, Shizhan and Yu, Hang and Liao, Cong and Li, Jianguo and Lin, Weiyao and Liu, Alex X and Dustdar, Schahram},
  booktitle = {{P}roceedings of the {T}enth {I}nternational {C}onference {O}n {L}earning {R}epresentations},
  year={2022}
}

@inproceedings{darlow2024dam,
  title = {{Dam}: {T}owards a {F}oundation {M}odel for {T}ime {S}eries {F}orecasting},
  author={Darlow, Luke and Deng, Qiwen and Hassan, Ahmed and Asenov, Martin and Singh, Rajkarn and Joosen, Artjom and Barker, Adam and Storkey, Amos},
  booktitle={Proceeding of the Twelfth International Conference on Learning Representations},
  year={2024}
}

@article{hyndman2006another,
  title = {{A}nother {L}ook {A}t {M}easures of {F}orecast {A}ccuracy},
  author={Hyndman, Rob J and Koehler, Anne B},
  journal={International Journal of Forecasting},
  volume={22},
  number={4},
  pages={679--688},
  year={2006},
}

@inproceedings{lee2024approximate,
  title = {{A}pproximate {B}ayesian {C}lass-conditional {M}odels {U}nder {C}ontinuous {R}epresentation {S}hift},
  author={Lee, Thomas L and Storkey, Amos},
  booktitle = {Proceeding of the Twenty-Second {I}nternational {C}onference {O}n {A}rtificial {I}ntelligence and {S}tatistics},
  pages={3628--3636},
  year={2024},
}

@article{chaudhry2019tiny,
  title = {{O}n {T}iny {E}pisodic {M}emories in {C}ontinual {L}earning},
  author={Chaudhry, Arslan and Rohrbach, Marcus and Elhoseiny, Mohamed and Ajanthan, Thalaiyasingam and Dokania, Puneet K and Torr, Philip HS and Ranzato, Marc'Aurelio},
  journal={arXiv preprint arXiv:1902.10486},
  year={2019}
}

@inproceedings{ostapenko2022continual,
  title = {{C}ontinual {L}earning with {F}oundation {M}odels: an {E}mpirical {S}tudy of {L}atent {R}eplay},
  author={Ostapenko, Oleksiy and Lesort, Timothee and Rodriguez, Pau and Arefin, Md Rifat and Douillard, Arthur and Rish, Irina and Charlin, Laurent},
  booktitle = {Proceedings of the First {C}onference {O}n {L}ifelong {L}earning {A}gents},
  pages={60--91},
  year={2022},
  organization={PMLR}
}

@inproceedings{jadbabaie2015online,
  title = {{O}nline {O}ptimization: {C}ompeting with {D}ynamic {C}omparators},
  author={Jadbabaie, Ali and Rakhlin, Alexander and Shahrampour, Shahin and Sridharan, Karthik},
  booktitle = {Proceedings of the Eighteenth Conference on {A}rtificial {I}ntelligence and {S}tatistics},
  pages={398--406},
  year={2015},
}

@article{zhao2020dynamic,
  title = {{D}ynamic {R}egret of {C}onvex and {S}mooth {F}unctions},
  author={Zhao, Peng and Zhang, Yu-Jie and Zhang, Lijun and Zhou, Zhi-Hua},
  journal={Proceedings of the Thirty-Third Conference on the Advances in Neural Information Processing Systems},
  pages={12510--12520},
  year={2020}
}

@article{cesa2012new,
  title = {{A} {N}ew {L}ook {A}t {S}hifting {R}egret},
  author={Cesa-Bianchi, Nicolo and Gaillard, Pierre and Lugosi, G{\'a}bor and Stoltz, Gilles},
  journal={arXiv preprint arXiv:1202.3323},
  year={2012}
}

@article{miller2024survey,
  title = {{A} {S}urvey of {D}eep {L}earning and {F}oundation {M}odels for {T}ime {S}eries {F}orecasting},
  author={Miller, John A and Aldosari, Mohammed and Saeed, Farah and Barna, Nasid Habib and Rana, Subas and Arpinar, I Budak and Liu, Ninghao},
  journal={arXiv preprint arXiv:2401.13912},
  year={2024}
}

@article{lim2021time,
  title = {{T}ime-series {F}orecasting with {D}eep {L}earning: a {S}urvey},
  author={Lim, Bryan and Zohren, Stefan},
  journal={Philosophical Transactions of the Royal Society A},
  volume={379},
  number={2194},
  pages={20200209},
  year={2021},
}


@inproceedings{toneranalysis,
  title = {{A}n {A}nalysis of {L}inear {T}ime {S}eries {F}orecasting {M}odels},
  author={Toner, William and Darlow, Luke Nicholas},
  booktitle = {{P}roceeding of the {F}orty-first {I}nternational {C}onference {O}n {M}achine {L}earning},
  year={2024}
}

@inproceedings{darlow2023foldformer,
  title = {{F}oldformer: {S}equence {F}olding and {S}easonal {A}ttention for {F}ine-grained {L}ong-term {F}aas {F}orecasting},
  author={Darlow, Luke Nicholas and Joosen, Artjom and Asenov, Martin and Deng, Qiwen and Wang, Jianfeng and Barker, Adam},
  booktitle = {{P}roceedings of the {3}rd {W}orkshop {O}n {M}achine {L}earning and {S}ystems},
  pages={71--77},
  year={2023}
}

@article{mercier2021evaluating,
  title = {{E}valuating {P}rivacy-preserving {M}achine {L}earning in {C}ritical {I}nfrastructures: a {C}ase {S}tudy {O}n {T}ime-series {C}lassification},
  author={Mercier, Dominique and Lucieri, Adriano and Munir, Mohsin and Dengel, Andreas and Ahmed, Sheraz},
  journal={IEEE Transactions on Industrial Informatics},
  volume={18},
  number={11},
  pages={7834--7842},
  year={2021},
}

@article{verwimp2023continual,
  title = {{C}ontinual {L}earning: {A}pplications and the {R}oad {F}orward},
  author={Verwimp, Eli and Aljundi, Rahaf and Ben-David, Shai and Bethge, Matthias and Cossu, Andrea and Gepperth, Alexander and Hayes, Tyler L and H{\"u}llermeier, Eyke and Kanan, Christopher and Kudithipudi, Dhireesha and others},
  journal={arXiv preprint arXiv:2311.11908},
  year={2023}
}

@inproceedings{prabhu2023computationally,
  title = {{C}omputationally {B}udgeted {C}ontinual {L}earning: {W}hat {D}oes {M}atter?},
  author={Prabhu, Ameya and Al Kader Hammoud, Hasan Abed and Dokania, Puneet K and Torr, Philip HS and Lim, Ser-Nam and Ghanem, Bernard and Bibi, Adel},
  booktitle = {{P}roceedings of the {IEEE/CVF} {C}onference {O}n {C}omputer {V}ision and {P}attern {R}ecognition},
  pages={3698--3707},
  year={2023}
}

@article{welford1962note,
  title = {{N}ote {O}n a {M}ethod for {C}alculating {C}orrected {S}ums of {S}quares and {P}roducts},
  author={Welford, Barry Payne},
  journal={Technometrics},
  volume={4},
  number={3},
  pages={419--420},
  year={1962},
}

@article{ba2016using,
  title={Using {F}ast {W}eights to {A}ttend to the {R}ecent {P}ast},
  author={Ba, Jimmy and Hinton, Geoffrey E and Mnih, Volodymyr and Leibo, Joel Z and Ionescu, Catalin},
  journal={Proceedings of the Twenty-Ninth Conference on the Advances in Neural Information Processing Systems},
  volume={29},
  year={2016}
}

@inproceedings{zeng2023transformers,
  title={Are {T}ransformers {E}ffective for {T}ime {S}eries {F}orecasting?},
  author={Zeng, Ailing and Chen, Muxi and Zhang, Lei and Xu, Qiang},
  booktitle={Proceedings of the Thirty-Seventh AAAI conference on artificial intelligence},
  pages={11121--11128},
  year={2023}
}

@article{joosen2024serverless,
  title={Serverless {C}old {S}tarts and {W}here to {F}ind {T}hem},
  author={Joosen, Artjom and Hassan, Ahmed and Asenov, Martin and Singh, Rajkarn and Darlow, Luke and Wang, Jianfeng and Deng, Qiwen and Barker, Adam},
  journal={arXiv preprint arXiv:2410.06145},
  year={2024}
}

@book{woodbury1950inverting,
  title={Inverting {M}odified {M}atrices},
  author={Woodbury, Max A},
  year={1950},
  publisher={Department of Statistics, Princeton University}
}

@inproceedings{bhethanabhotlamamba4cast,
title={Mamba4{C}ast: Efficient {Z}ero-{S}hot {T}ime {S}eries {F}orecasting with {S}tate {S}pace {M}odels},
  author={Bhethanabhotla, Sathya Kamesh and Swelam, Omar and Siems, Julien and Salinas, David and Hutter, Frank},
  booktitle={Proceedings of the 2024 NeurIPS Workshop on Time Series in the Age of Large Models},
  year={2024}
}

@inproceedings{he2022masked,
  title={Masked {A}utoencoders are {S}calable {V}ision {L}earners},
  author={He, Kaiming and Chen, Xinlei and Xie, Saining and Li, Yanghao and Doll{\'a}r, Piotr and Girshick, Ross},
  booktitle={Proceedings of the IEEE/CVF Conference on Computer Vision and Pattern Recognition},
  pages={16000--16009},
  year={2022}
}