@article{chen2018shapley,
  title={L-shapley and c-shapley: Efficient model interpretation for structured data},
  author={Chen, Jianbo and Song, Le and Wainwright, Martin J and Jordan, Michael I},
  journal={arXiv preprint arXiv:1808.02610},
  year={2018}
}

@article{frye2020shapley,
  title={Shapley explainability on the data manifold},
  author={Frye, Christopher and de Mijolla, Damien and Begley, Tom and Cowton, Laurence and Stanley, Megan and Feige, Ilya},
  journal={arXiv preprint arXiv:2006.01272},
  year={2020}
}

@article{hooker2021unrestricted,
  title={Unrestricted permutation forces extrapolation: variable importance requires at least one more model, or there is no free variable importance},
  author={Hooker, Giles and Mentch, Lucas and Zhou, Siyu},
  journal={Statistics and Computing},
  volume={31},
  pages={1--16},
  year={2021},
  publisher={Springer}
}

@inproceedings{janzing2020feature,
  title={Feature relevance quantification in explainable AI: A causal problem},
  author={Janzing, Dominik and Minorics, Lenon and Bl{\"o}baum, Patrick},
  booktitle={International Conference on artificial intelligence and statistics},
  pages={2907--2916},
  year={2020},
  organization={PMLR}
}

@inproceedings{koh2017understanding,
  title={Understanding black-box predictions via influence functions},
  author={Koh, Pang Wei and Liang, Percy},
  booktitle={International conference on machine learning},
  pages={1885--1894},
  year={2017},
  organization={PMLR}
}

@inproceedings{kumar2020problems,
  title={Problems with Shapley-value-based explanations as feature importance measures},
  author={Kumar, I Elizabeth and Venkatasubramanian, Suresh and Scheidegger, Carlos and Friedler, Sorelle},
  booktitle={International Conference on Machine Learning},
  pages={5491--5500},
  year={2020},
  organization={PMLR}
}

@article{kwon2022weightedshap,
  title={WeightedSHAP: analyzing and improving Shapley based feature attributions},
  author={Kwon, Yongchan and Zou, James Y},
  journal={Advances in Neural Information Processing Systems},
  volume={35},
  pages={34363--34376},
  year={2022}
}

@article{lundberg2017unified,
  title={A unified approach to interpreting model predictions},
  author={Lundberg, Scott M and Lee, Su-In},
  journal={Advances in neural information processing systems},
  volume={30},
  year={2017}
}

@article{pruthi2020estimating,
  title={Estimating training data influence by tracing gradient descent},
  author={Pruthi, Garima and Liu, Frederick and Kale, Satyen and Sundararajan, Mukund},
  journal={Advances in Neural Information Processing Systems},
  volume={33},
  pages={19920--19930},
  year={2020}
}

@inproceedings{ribeiro2016should,
  title={" Why should i trust you?" Explaining the predictions of any classifier},
  author={Ribeiro, Marco Tulio and Singh, Sameer and Guestrin, Carlos},
  booktitle={Proceedings of the 22nd ACM SIGKDD international conference on knowledge discovery and data mining},
  pages={1135--1144},
  year={2016}
}

@article{shapley1953value,
  title={A value for n-person games},
  author={Shapley, Lloyd S and others},
  year={1953},
  publisher={Princeton University Press Princeton}
}

@inproceedings{sundararajan2017axiomatic,
  title={Axiomatic attribution for deep networks},
  author={Sundararajan, Mukund and Taly, Ankur and Yan, Qiqi},
  booktitle={International conference on machine learning},
  pages={3319--3328},
  year={2017},
  organization={PMLR}
}

@article{vstrumbelj2014explaining,
  title={Explaining prediction models and individual predictions with feature contributions},
  author={{\v{S}}trumbelj, Erik and Kononenko, Igor},
  journal={Knowledge and information systems},
  volume={41},
  pages={647--665},
  year={2014},
  publisher={Springer}
}

@inproceedings{watson2022rational,
  title={Rational shapley values},
  author={Watson, David},
  booktitle={2022 ACM Conference on Fairness, Accountability, and Transparency},
  pages={1083--1094},
  year={2022}
}

