@article{hooker2021unrestricted,
  title={Unrestricted permutation forces extrapolation: variable importance requires at least one more model, or there is no free variable importance},
  author={Hooker, Giles and Mentch, Lucas and Zhou, Siyu},
  journal={Statistics and Computing},
  volume={31},
  pages={1--16},
  year={2021},
  publisher={Springer}
}

@inproceedings{janzing2020feature,
  title={Feature relevance quantification in explainable AI: A causal problem},
  author={Janzing, Dominik and Minorics, Lenon and Bl{\"o}baum, Patrick},
  booktitle={International Conference on artificial intelligence and statistics},
  pages={2907--2916},
  year={2020},
  organization={PMLR}
}
@article{deyoung2019eraser,
  title={ERASER: A benchmark to evaluate rationalized NLP models},
  author={DeYoung, Jay and Jain, Sarthak and Rajani, Nazneen Fatema and Lehman, Eric and Xiong, Caiming and Socher, Richard and Wallace, Byron C},
  journal={arXiv preprint arXiv:1911.03429},
  year={2019}
}
@article{das2017human,
  title={Human attention in visual question answering: Do humans and deep networks look at the same regions?},
  author={Das, Abhishek and Agrawal, Harsh and Zitnick, Larry and Parikh, Devi and Batra, Dhruv},
  journal={Computer Vision and Image Understanding},
  volume={163},
  pages={90--100},
  year={2017},
  publisher={Elsevier}
}

@article{jain2020learning,
  title={Learning to faithfully rationalize by construction},
  author={Jain, Sarthak and Wiegreffe, Sarah and Pinter, Yuval and Wallace, Byron C},
  journal={arXiv preprint arXiv:2005.00115},
  year={2020}
}


@inproceedings{shrikumar2017learning,
  title={Learning important features through propagating activation differences},
  author={Shrikumar, Avanti and Greenside, Peyton and Kundaje, Anshul},
  booktitle={International conference on machine learning},
  pages={3145--3153},
  year={2017},
  organization={PMLR}
}

@inproceedings{nguyen2018comparing,
  title={Comparing automatic and human evaluation of local explanations for text classification},
  author={Nguyen, Dong},
  booktitle={Proceedings of the 2018 Conference of the North American Chapter of the Association for Computational Linguistics: Human Language Technologies, Volume 1 (Long Papers)},
  pages={1069--1078},
  year={2018}
}

@inproceedings{masoomi2021explanations,
  title={Explanations of Black-Box Models based on Directional Feature Interactions},
  author={Masoomi, Aria and Hill, Davin and Xu, Zhonghui and Hersh, Craig P and Silverman, Edwin K and Castaldi, Peter J and Ioannidis, Stratis and Dy, Jennifer},
  booktitle={International Conference on Learning Representations},
  year={2021}
}

@inproceedings{watson2022rational,
  title={Rational shapley values},
  author={Watson, David},
  booktitle={2022 ACM Conference on Fairness, Accountability, and Transparency},
  pages={1083--1094},
  year={2022}
}

@inproceedings{socher2013recursive,
  title={Recursive deep models for semantic compositionality over a sentiment treebank},
  author={Socher, Richard and Perelygin, Alex and Wu, Jean and Chuang, Jason and Manning, Christopher D and Ng, Andrew Y and Potts, Christopher},
  booktitle={Proceedings of the 2013 conference on empirical methods in natural language processing},
  pages={1631--1642},
  year={2013}
}

@article{devlin2018bert,
  title={Bert: Pre-training of deep bidirectional transformers for language understanding},
  author={Devlin, Jacob and Chang, Ming-Wei and Lee, Kenton and Toutanova, Kristina},
  journal={arXiv preprint arXiv:1810.04805},
  year={2018}
}
@article{liu2019roberta,
  title={Roberta: A robustly optimized bert pretraining approach},
  author={Liu, Yinhan and Ott, Myle and Goyal, Naman and Du, Jingfei and Joshi, Mandar and Chen, Danqi and Levy, Omer and Lewis, Mike and Zettlemoyer, Luke and Stoyanov, Veselin},
  journal={arXiv preprint arXiv:1907.11692},
  year={2019}
}
@article{zhang2015character,
  title={Character-level convolutional networks for text classification},
  author={Zhang, Xiang and Zhao, Junbo and LeCun, Yann},
  journal={Advances in neural information processing systems},
  volume={28},
  year={2015}
}

@article{bowman2015large,
  title={A large annotated corpus for learning natural language inference},
  author={Bowman, Samuel R and Angeli, Gabor and Potts, Christopher and Manning, Christopher D},
  journal={arXiv preprint arXiv:1508.05326},
  year={2015}
}

@article{vstrumbelj2014explaining,
  title={Explaining prediction models and individual predictions with feature contributions},
  author={{\v{S}}trumbelj, Erik and Kononenko, Igor},
  journal={Knowledge and information systems},
  volume={41},
  pages={647--665},
  year={2014},
  publisher={Springer}
}

@misc{openai2023gpt4,
      title={GPT-4 Technical Report}, 
      author={OpenAI},
      year={2023},
      eprint={2303.08774},
      archivePrefix={arXiv},
      primaryClass={cs.CL}
}

@article{chowdhery2022palm,
  title={Palm: Scaling language modeling with pathways},
  author={Chowdhery, Aakanksha and Narang, Sharan and Devlin, Jacob and Bosma, Maarten and Mishra, Gaurav and Roberts, Adam and Barham, Paul and Chung, Hyung Won and Sutton, Charles and Gehrmann, Sebastian and others},
  journal={arXiv preprint arXiv:2204.02311},
  year={2022}
}

@article{thoppilan2022lamda,
  title={Lamda: Language models for dialog applications},
  author={Thoppilan, Romal and De Freitas, Daniel and Hall, Jamie and Shazeer, Noam and Kulshreshtha, Apoorv and Cheng, Heng-Tze and Jin, Alicia and Bos, Taylor and Baker, Leslie and Du, Yu and others},
  journal={arXiv preprint arXiv:2201.08239},
  year={2022}
}

@article{shapley1953value,
  title={A value for n-person games},
  author={Shapley, Lloyd S and others},
  year={1953},
  publisher={Princeton University Press Princeton}
}

@article{lundberg2017unified,
  title={A unified approach to interpreting model predictions},
  author={Lundberg, Scott M and Lee, Su-In},
  journal={Advances in neural information processing systems},
  volume={30},
  year={2017}
}



@article{frye2020shapley,
  title={Shapley explainability on the data manifold},
  author={Frye, Christopher and de Mijolla, Damien and Begley, Tom and Cowton, Laurence and Stanley, Megan and Feige, Ilya},
  journal={arXiv preprint arXiv:2006.01272},
  year={2020}
}

@inproceedings{kumar2020problems,
  title={Problems with Shapley-value-based explanations as feature importance measures},
  author={Kumar, I Elizabeth and Venkatasubramanian, Suresh and Scheidegger, Carlos and Friedler, Sorelle},
  booktitle={International Conference on Machine Learning},
  pages={5491--5500},
  year={2020},
  organization={PMLR}
}

@article{chen2018shapley,
  title={L-shapley and c-shapley: Efficient model interpretation for structured data},
  author={Chen, Jianbo and Song, Le and Wainwright, Martin J and Jordan, Michael I},
  journal={arXiv preprint arXiv:1808.02610},
  year={2018}
}
@article{kwon2022weightedshap,
  title={WeightedSHAP: analyzing and improving Shapley based feature attributions},
  author={Kwon, Yongchan and Zou, James Y},
  journal={Advances in Neural Information Processing Systems},
  volume={35},
  pages={34363--34376},
  year={2022}
}

@inproceedings{kim2018interpretability,
  title={Interpretability beyond feature attribution: Quantitative testing with concept activation vectors (tcav)},
  author={Kim, Been and Wattenberg, Martin and Gilmer, Justin and Cai, Carrie and Wexler, James and Viegas, Fernanda and others},
  booktitle={International conference on machine learning},
  pages={2668--2677},
  year={2018},
  organization={PMLR}
}



@inproceedings{sundararajan2017axiomatic,
  title={Axiomatic attribution for deep networks},
  author={Sundararajan, Mukund and Taly, Ankur and Yan, Qiqi},
  booktitle={International conference on machine learning},
  pages={3319--3328},
  year={2017},
  organization={PMLR}
}
@inproceedings{ribeiro2016should,
  title={" Why should i trust you?" Explaining the predictions of any classifier},
  author={Ribeiro, Marco Tulio and Singh, Sameer and Guestrin, Carlos},
  booktitle={Proceedings of the 22nd ACM SIGKDD international conference on knowledge discovery and data mining},
  pages={1135--1144},
  year={2016}
}
@article{pruthi2020estimating,
  title={Estimating training data influence by tracing gradient descent},
  author={Pruthi, Garima and Liu, Frederick and Kale, Satyen and Sundararajan, Mukund},
  journal={Advances in Neural Information Processing Systems},
  volume={33},
  pages={19920--19930},
  year={2020}
}

@inproceedings{koh2017understanding,
  title={Understanding black-box predictions via influence functions},
  author={Koh, Pang Wei and Liang, Percy},
  booktitle={International conference on machine learning},
  pages={1885--1894},
  year={2017},
  organization={PMLR}
}

@article{chen2020generating,
  title={Generating hierarchical explanations on text classification via feature interaction detection},
  author={Chen, Hanjie and Zheng, Guangtao and Ji, Yangfeng},
  journal={arXiv preprint arXiv:2004.02015},
  year={2020}
}
@article{lu2023asymmetric,
  title={Asymmetric feature interaction for interpreting model predictions},
  author={Lu, Xiaolei and Ma, Jianghong and Zhang, Haode},
  journal={arXiv preprint arXiv:2305.07224},
  year={2023}
}
@article{keenan2023mind,
  title={Mind the gap! Bridging explainable artificial intelligence and human understanding with Luhmann's Functional Theory of Communication},
  author={Keenan, Bernard and Sokol, Kacper},
  journal={arXiv preprint arXiv:2302.03460},
  year={2023}
}

@article{grabisch1997k,
  title={K-order additive discrete fuzzy measures and their representation},
  author={Grabisch, Michel},
  journal={Fuzzy sets and systems},
  volume={92},
  number={2},
  pages={167--189},
  year={1997},
  publisher={Elsevier}
}
@article{jin2019towards,
  title={Towards hierarchical importance attribution: Explaining compositional semantics for neural sequence models},
  author={Jin, Xisen and Wei, Zhongyu and Du, Junyi and Xue, Xiangyang and Ren, Xiang},
  journal={arXiv preprint arXiv:1911.06194},
  year={2019}
}
@article{coucke2018snips,
  title={Snips voice platform: an embedded spoken language understanding system for private-by-design voice interfaces},
  author={Coucke, Alice and Saade, Alaa and Ball, Adrien and Bluche, Th{\'e}odore and Caulier, Alexandre and Leroy, David and Doumouro, Cl{\'e}ment and Gisselbrecht, Thibault and Caltagirone, Francesco and Lavril, Thibaut and others},
  journal={arXiv preprint arXiv:1805.10190},
  year={2018}
}



@article{tornberg2023chatgpt,
  title={Chatgpt-4 outperforms experts and crowd workers in annotating political twitter messages with zero-shot learning},
  author={T{\"o}rnberg, Petter},
  journal={arXiv preprint arXiv:2304.06588},
  year={2023}
}
@inproceedings{feng2023investigating,
  title={Investigating Code Generation Performance of ChatGPT with Crowdsourcing Social Data},
  author={Feng, Yunhe and Vanam, Sreecharan and Cherukupally, Manasa and Zheng, Weijian and Qiu, Meikang and Chen, Haihua},
  booktitle={Proceedings of the 47th IEEE Computer Software and Applications Conference},
  pages={1--10},
  year={2023}
}

