@inproceedings{DBLP:conf/icml/GuuLTPC20,
  author       = {Kelvin Guu and
                  Kenton Lee and
                  Zora Tung and
                  Panupong Pasupat and
                  Ming{-}Wei Chang},
  title        = {Retrieval Augmented Language Model Pre-Training},
  booktitle    = {Proceedings of the 37th International Conference on Machine Learning,
                  {ICML} 2020, 13-18 July 2020, Virtual Event},
  series       = {Proceedings of Machine Learning Research},
  volume       = {119},
  pages        = {3929--3938},
  publisher    = {{PMLR}},
  year         = {2020},
  url          = {http://proceedings.mlr.press/v119/guu20a.html},
  timestamp    = {Tue, 15 Dec 2020 17:40:18 +0100},
  biburl       = {https://dblp.org/rec/conf/icml/GuuLTPC20.bib},
  bibsource    = {dblp computer science bibliography, https://dblp.org}
}

@inproceedings{DBLP:conf/acl/RatnerLBRMAKSLS23,
  author       = {Nir Ratner and
                  Yoav Levine and
                  Yonatan Belinkov and
                  Ori Ram and
                  Inbal Magar and
                  Omri Abend and
                  Ehud Karpas and
                  Amnon Shashua and
                  Kevin Leyton{-}Brown and
                  Yoav Shoham},
  editor       = {Anna Rogers and
                  Jordan L. Boyd{-}Graber and
                  Naoaki Okazaki},
  title        = {Parallel Context Windows for Large Language Models},
  booktitle    = {Proceedings of the 61st Annual Meeting of the Association for Computational
                  Linguistics (Volume 1: Long Papers), {ACL} 2023, Toronto, Canada,
                  July 9-14, 2023},
  pages        = {6383--6402},
  publisher    = {Association for Computational Linguistics},
  year         = {2023},
  url          = {https://doi.org/10.18653/v1/2023.acl-long.352},
  doi          = {10.18653/V1/2023.ACL-LONG.352},
  timestamp    = {Thu, 10 Aug 2023 12:36:03 +0200},
  biburl       = {https://dblp.org/rec/conf/acl/RatnerLBRMAKSLS23.bib},
  bibsource    = {dblp computer science bibliography, https://dblp.org}
}

@inproceedings{DBLP:conf/acl/YenG024,
  author       = {Howard Yen and
                  Tianyu Gao and
                  Danqi Chen},
  editor       = {Lun{-}Wei Ku and
                  Andre Martins and
                  Vivek Srikumar},
  title        = {Long-Context Language Modeling with Parallel Context Encoding},
  booktitle    = {Proceedings of the 62nd Annual Meeting of the Association for Computational
                  Linguistics (Volume 1: Long Papers), {ACL} 2024, Bangkok, Thailand,
                  August 11-16, 2024},
  pages        = {2588--2610},
  publisher    = {Association for Computational Linguistics},
  year         = {2024},
  url          = {https://doi.org/10.18653/v1/2024.acl-long.142},
  doi          = {10.18653/V1/2024.ACL-LONG.142},
  timestamp    = {Sun, 19 Jan 2025 13:20:29 +0100},
  biburl       = {https://dblp.org/rec/conf/acl/YenG024.bib},
  bibsource    = {dblp computer science bibliography, https://dblp.org}
}

@inproceedings{DBLP:conf/icml/BorgeaudMHCRM0L22,
  author       = {Sebastian Borgeaud and
                  Arthur Mensch and
                  Jordan Hoffmann and
                  Trevor Cai and
                  Eliza Rutherford and
                  Katie Millican and
                  George van den Driessche and
                  Jean{-}Baptiste Lespiau and
                  Bogdan Damoc and
                  Aidan Clark and
                  Diego de Las Casas and
                  Aurelia Guy and
                  Jacob Menick and
                  Roman Ring and
                  Tom Hennigan and
                  Saffron Huang and
                  Loren Maggiore and
                  Chris Jones and
                  Albin Cassirer and
                  Andy Brock and
                  Michela Paganini and
                  Geoffrey Irving and
                  Oriol Vinyals and
                  Simon Osindero and
                  Karen Simonyan and
                  Jack W. Rae and
                  Erich Elsen and
                  Laurent Sifre},
  editor       = {Kamalika Chaudhuri and
                  Stefanie Jegelka and
                  Le Song and
                  Csaba Szepesv{\'{a}}ri and
                  Gang Niu and
                  Sivan Sabato},
  title        = {Improving Language Models by Retrieving from Trillions of Tokens},
  booktitle    = {International Conference on Machine Learning, {ICML} 2022, 17-23 July
                  2022, Baltimore, Maryland, {USA}},
  series       = {Proceedings of Machine Learning Research},
  volume       = {162},
  pages        = {2206--2240},
  publisher    = {{PMLR}},
  year         = {2022},
  url          = {https://proceedings.mlr.press/v162/borgeaud22a.html},
  timestamp    = {Tue, 12 Jul 2022 17:36:52 +0200},
  biburl       = {https://dblp.org/rec/conf/icml/BorgeaudMHCRM0L22.bib},
  bibsource    = {dblp computer science bibliography, https://dblp.org}
}

@inproceedings{DBLP:conf/eacl/IzacardG21,
  author       = {Gautier Izacard and
                  Edouard Grave},
  editor       = {Paola Merlo and
                  J{\"{o}}rg Tiedemann and
                  Reut Tsarfaty},
  title        = {Leveraging Passage Retrieval with Generative Models for Open Domain
                  Question Answering},
  booktitle    = {Proceedings of the 16th Conference of the European Chapter of the
                  Association for Computational Linguistics: Main Volume, {EACL} 2021,
                  Online, April 19 - 23, 2021},
  pages        = {874--880},
  publisher    = {Association for Computational Linguistics},
  year         = {2021},
  url          = {https://doi.org/10.18653/v1/2021.eacl-main.74},
  doi          = {10.18653/V1/2021.EACL-MAIN.74},
  timestamp    = {Thu, 20 Jan 2022 10:02:52 +0100},
  biburl       = {https://dblp.org/rec/conf/eacl/IzacardG21.bib},
  bibsource    = {dblp computer science bibliography, https://dblp.org}
}

@article{DBLP:journals/jd/Jones04,
  author       = {Karen Sp{\"{a}}rck Jones},
  title        = {A statistical interpretation of term specificity and its application
                  in retrieval},
  journal      = {J. Documentation},
  volume       = {60},
  number       = {5},
  pages        = {493--502},
  year         = {2004},
  url          = {https://doi.org/10.1108/00220410410560573},
  doi          = {10.1108/00220410410560573},
  timestamp    = {Sun, 06 Sep 2020 16:55:45 +0200},
  biburl       = {https://dblp.org/rec/journals/jd/Jones04.bib},
  bibsource    = {dblp computer science bibliography, https://dblp.org}
}


@inproceedings{DBLP:conf/acl/KimKK19,
  author       = {Daesik Kim and
                  Seonhoon Kim and
                  Nojun Kwak},
  editor       = {Anna Korhonen and
                  David R. Traum and
                  Llu{\'{\i}}s M{\`{a}}rquez},
  title        = {Textbook Question Answering with Multi-modal Context Graph Understanding
                  and Self-supervised Open-set Comprehension},
  booktitle    = {Proceedings of the 57th Conference of the Association for Computational
                  Linguistics, {ACL} 2019, Florence, Italy, July 28- August 2, 2019,
                  Volume 1: Long Papers},
  pages        = {3568--3584},
  publisher    = {Association for Computational Linguistics},
  year         = {2019},
  url          = {https://doi.org/10.18653/v1/p19-1347},
  doi          = {10.18653/V1/P19-1347},
  timestamp    = {Fri, 06 Aug 2021 00:41:01 +0200},
  biburl       = {https://dblp.org/rec/conf/acl/KimKK19.bib},
  bibsource    = {dblp computer science bibliography, https://dblp.org}
}

@article{DBLP:journals/tacl/KwiatkowskiPRCP19,
  author       = {Tom Kwiatkowski and
                  Jennimaria Palomaki and
                  Olivia Redfield and
                  Michael Collins and
                  Ankur P. Parikh and
                  Chris Alberti and
                  Danielle Epstein and
                  Illia Polosukhin and
                  Jacob Devlin and
                  Kenton Lee and
                  Kristina Toutanova and
                  Llion Jones and
                  Matthew Kelcey and
                  Ming{-}Wei Chang and
                  Andrew M. Dai and
                  Jakob Uszkoreit and
                  Quoc Le and
                  Slav Petrov},
  title        = {Natural Questions: a Benchmark for Question Answering Research},
  journal      = {Trans. Assoc. Comput. Linguistics},
  volume       = {7},
  pages        = {452--466},
  year         = {2019},
  url          = {https://doi.org/10.1162/tacl\_a\_00276},
  doi          = {10.1162/TACL\_A\_00276},
  timestamp    = {Wed, 19 Jun 2024 17:28:03 +0200},
  biburl       = {https://dblp.org/rec/journals/tacl/KwiatkowskiPRCP19.bib},
  bibsource    = {dblp computer science bibliography, https://dblp.org}
}

@inproceedings{DBLP:conf/emnlp/Yang0ZBCSM18,
  author       = {Zhilin Yang and
                  Peng Qi and
                  Saizheng Zhang and
                  Yoshua Bengio and
                  William W. Cohen and
                  Ruslan Salakhutdinov and
                  Christopher D. Manning},
  editor       = {Ellen Riloff and
                  David Chiang and
                  Julia Hockenmaier and
                  Jun'ichi Tsujii},
  title        = {HotpotQA: {A} Dataset for Diverse, Explainable Multi-hop Question
                  Answering},
  booktitle    = {Proceedings of the 2018 Conference on Empirical Methods in Natural
                  Language Processing, Brussels, Belgium, October 31 - November 4, 2018},
  pages        = {2369--2380},
  publisher    = {Association for Computational Linguistics},
  year         = {2018},
  url          = {https://doi.org/10.18653/v1/d18-1259},
  doi          = {10.18653/V1/D18-1259},
  timestamp    = {Fri, 06 Aug 2021 00:40:21 +0200},
  biburl       = {https://dblp.org/rec/conf/emnlp/Yang0ZBCSM18.bib},
  bibsource    = {dblp computer science bibliography, https://dblp.org}
}

@inproceedings{DBLP:conf/coling/HoNSA20,
  author       = {Xanh Ho and
                  Anh{-}Khoa Duong Nguyen and
                  Saku Sugawara and
                  Akiko Aizawa},
  editor       = {Donia Scott and
                  N{\'{u}}ria Bel and
                  Chengqing Zong},
  title        = {Constructing {A} Multi-hop {QA} Dataset for Comprehensive Evaluation
                  of Reasoning Steps},
  booktitle    = {Proceedings of the 28th International Conference on Computational
                  Linguistics, {COLING} 2020, Barcelona, Spain (Online), December 8-13,
                  2020},
  pages        = {6609--6625},
  publisher    = {International Committee on Computational Linguistics},
  year         = {2020},
  url          = {https://doi.org/10.18653/v1/2020.coling-main.580},
  doi          = {10.18653/V1/2020.COLING-MAIN.580},
  timestamp    = {Fri, 06 Aug 2021 00:39:51 +0200},
  biburl       = {https://dblp.org/rec/conf/coling/HoNSA20.bib},
  bibsource    = {dblp computer science bibliography, https://dblp.org}
}

@article{DBLP:journals/tacl/TrivediBKS22,
  author       = {Harsh Trivedi and
                  Niranjan Balasubramanian and
                  Tushar Khot and
                  Ashish Sabharwal},
  title        = {MuSiQue: Multihop Questions via Single-hop Question
                  Composition},
  journal      = {Trans. Assoc. Comput. Linguistics},
  volume       = {10},
  pages        = {539--554},
  year         = {2022},
  url          = {https://doi.org/10.1162/tacl\_a\_00475},
  doi          = {10.1162/TACL\_A\_00475},
  timestamp    = {Wed, 19 Jun 2024 17:28:03 +0200},
  biburl       = {https://dblp.org/rec/journals/tacl/TrivediBKS22.bib},
  bibsource    = {dblp computer science bibliography, https://dblp.org}
}


@inproceedings{DBLP:conf/naacl/GlassRCNCG22,
  author       = {Michael R. Glass and
                  Gaetano Rossiello and
                  Md. Faisal Mahbub Chowdhury and
                  Ankita Naik and
                  Pengshan Cai and
                  Alfio Gliozzo},
  editor       = {Marine Carpuat and
                  Marie{-}Catherine de Marneffe and
                  Iv{\'{a}}n Vladimir Meza Ru{\'{\i}}z},
  title        = {Re2G: Retrieve, Rerank, Generate},
  booktitle    = {Proceedings of the 2022 Conference of the North American Chapter of
                  the Association for Computational Linguistics: Human Language Technologies,
                  {NAACL} 2022, Seattle, WA, United States, July 10-15, 2022},
  pages        = {2701--2715},
  publisher    = {Association for Computational Linguistics},
  year         = {2022},
  url          = {https://doi.org/10.18653/v1/2022.naacl-main.194},
  doi          = {10.18653/V1/2022.NAACL-MAIN.194},
  timestamp    = {Mon, 26 Jun 2023 20:46:58 +0200},
  biburl       = {https://dblp.org/rec/conf/naacl/GlassRCNCG22.bib},
  bibsource    = {dblp computer science bibliography, https://dblp.org}
}


@misc{xiao2023bge,
  title={BAAI General Embedding},
  author={Xiao, Shitao and
         Liu, Zheng},
  url = {https://github.com/FlagOpen/FlagEmbedding},
  year={2023}
} 


@article{DBLP:journals/ftir/RobertsonZ09,
  author       = {Stephen E. Robertson and
                  Hugo Zaragoza},
  title        = {The Probabilistic Relevance Framework: {BM25} and Beyond},
  journal      = {Found. Trends Inf. Retr.},
  volume       = {3},
  number       = {4},
  pages        = {333--389},
  year         = {2009},
  url          = {https://doi.org/10.1561/1500000019},
  doi          = {10.1561/1500000019},
  timestamp    = {Thu, 14 Oct 2021 08:51:12 +0200},
  biburl       = {https://dblp.org/rec/journals/ftir/RobertsonZ09.bib},
  bibsource    = {dblp computer science bibliography, https://dblp.org}
}


@inproceedings{DBLP:conf/sigir/Zhuang0J0MLNWB23,
  author       = {Honglei Zhuang and
                  Zhen Qin and
                  Rolf Jagerman and
                  Kai Hui and
                  Ji Ma and
                  Jing Lu and
                  Jianmo Ni and
                  Xuanhui Wang and
                  Michael Bendersky},
  editor       = {Hsin{-}Hsi Chen and
                  Wei{-}Jou (Edward) Duh and
                  Hen{-}Hsen Huang and
                  Makoto P. Kato and
                  Josiane Mothe and
                  Barbara Poblete},
  title        = {RankT5: Fine-Tuning {T5} for Text Ranking with Ranking Losses},
  booktitle    = {Proceedings of the 46th International {ACM} {SIGIR} Conference on
                  Research and Development in Information Retrieval, {SIGIR} 2023, Taipei,
                  Taiwan, July 23-27, 2023},
  pages        = {2308--2313},
  publisher    = {{ACM}},
  year         = {2023},
  url          = {https://doi.org/10.1145/3539618.3592047},
  doi          = {10.1145/3539618.3592047},
  timestamp    = {Sun, 19 Jan 2025 13:11:12 +0100},
  biburl       = {https://dblp.org/rec/conf/sigir/Zhuang0J0MLNWB23.bib},
  bibsource    = {dblp computer science bibliography, https://dblp.org}
}

@article{DBLP:journals/jmlr/IzacardLLHPSDJRG23,
  author       = {Gautier Izacard and
                  Patrick S. H. Lewis and
                  Maria Lomeli and
                  Lucas Hosseini and
                  Fabio Petroni and
                  Timo Schick and
                  Jane Dwivedi{-}Yu and
                  Armand Joulin and
                  Sebastian Riedel and
                  Edouard Grave},
  title        = {Atlas: Few-shot Learning with Retrieval Augmented Language Models},
  journal      = {J. Mach. Learn. Res.},
  volume       = {24},
  pages        = {251:1--251:43},
  year         = {2023},
  url          = {https://jmlr.org/papers/v24/23-0037.html},
  timestamp    = {Wed, 11 Sep 2024 14:41:28 +0200},
  biburl       = {https://dblp.org/rec/journals/jmlr/IzacardLLHPSDJRG23.bib},
  bibsource    = {dblp computer science bibliography, https://dblp.org}
}

@inproceedings{DBLP:conf/iclr/Lin0CSL00KSLZY24,
  author       = {Xi Victoria Lin and
                  Xilun Chen and
                  Mingda Chen and
                  Weijia Shi and
                  Maria Lomeli and
                  Richard James and
                  Pedro Rodriguez and
                  Jacob Kahn and
                  Gergely Szilvasy and
                  Mike Lewis and
                  Luke Zettlemoyer and
                  Wen{-}tau Yih},
  title        = {{RA-DIT:} Retrieval-Augmented Dual Instruction Tuning},
  booktitle    = {The Twelfth International Conference on Learning Representations,
                  {ICLR} 2024, Vienna, Austria, May 7-11, 2024},
  publisher    = {OpenReview.net},
  year         = {2024},
  url          = {https://openreview.net/forum?id=22OTbutug9},
  timestamp    = {Wed, 07 Aug 2024 17:11:53 +0200},
  biburl       = {https://dblp.org/rec/conf/iclr/Lin0CSL00KSLZY24.bib},
  bibsource    = {dblp computer science bibliography, https://dblp.org}
}

@inproceedings{DBLP:conf/acl/LeeCT19,
  author       = {Kenton Lee and
                  Ming{-}Wei Chang and
                  Kristina Toutanova},
  editor       = {Anna Korhonen and
                  David R. Traum and
                  Llu{\'{\i}}s M{\`{a}}rquez},
  title        = {Latent Retrieval for Weakly Supervised Open Domain Question Answering},
  booktitle    = {Proceedings of the 57th Conference of the Association for Computational
                  Linguistics, {ACL} 2019, Florence, Italy, July 28- August 2, 2019,
                  Volume 1: Long Papers},
  pages        = {6086--6096},
  publisher    = {Association for Computational Linguistics},
  year         = {2019},
  url          = {https://doi.org/10.18653/v1/p19-1612},
  doi          = {10.18653/V1/P19-1612},
  timestamp    = {Fri, 06 Aug 2021 00:41:01 +0200},
  biburl       = {https://dblp.org/rec/conf/acl/LeeCT19.bib},
  bibsource    = {dblp computer science bibliography, https://dblp.org}
}


@article{DBLP:journals/tacl/SachanLYZPZ23,
  author       = {Devendra Singh Sachan and
                  Mike Lewis and
                  Dani Yogatama and
                  Luke Zettlemoyer and
                  Joelle Pineau and
                  Manzil Zaheer},
  title        = {Questions Are All You Need to Train a Dense Passage Retriever},
  journal      = {Trans. Assoc. Comput. Linguistics},
  volume       = {11},
  pages        = {600--616},
  year         = {2023},
  url          = {https://doi.org/10.1162/tacl\_a\_00564},
  doi          = {10.1162/TACL\_A\_00564},
  timestamp    = {Wed, 19 Jun 2024 17:28:03 +0200},
  biburl       = {https://dblp.org/rec/journals/tacl/SachanLYZPZ23.bib},
  bibsource    = {dblp computer science bibliography, https://dblp.org}
}


@inproceedings{DBLP:conf/naacl/ShiMYS0LZY24,
  author       = {Weijia Shi and
                  Sewon Min and
                  Michihiro Yasunaga and
                  Minjoon Seo and
                  Richard James and
                  Mike Lewis and
                  Luke Zettlemoyer and
                  Wen{-}tau Yih},
  editor       = {Kevin Duh and
                  Helena G{\'{o}}mez{-}Adorno and
                  Steven Bethard},
  title        = {{REPLUG:} Retrieval-Augmented Black-Box Language Models},
  booktitle    = {Proceedings of the 2024 Conference of the North American Chapter of
                  the Association for Computational Linguistics: Human Language Technologies
                  (Volume 1: Long Papers), {NAACL} 2024, Mexico City, Mexico, June 16-21,
                  2024},
  pages        = {8371--8384},
  publisher    = {Association for Computational Linguistics},
  year         = {2024},
  url          = {https://doi.org/10.18653/v1/2024.naacl-long.463},
  doi          = {10.18653/V1/2024.NAACL-LONG.463},
  timestamp    = {Thu, 29 Aug 2024 17:13:57 +0200},
  biburl       = {https://dblp.org/rec/conf/naacl/ShiMYS0LZY24.bib},
  bibsource    = {dblp computer science bibliography, https://dblp.org}
}


@inproceedings{DBLP:conf/iclr/IzacardG21,
  author       = {Gautier Izacard and
                  Edouard Grave},
  title        = {Distilling Knowledge from Reader to Retriever for Question Answering},
  booktitle    = {9th International Conference on Learning Representations, {ICLR} 2021,
                  Virtual Event, Austria, May 3-7, 2021},
  publisher    = {OpenReview.net},
  year         = {2021},
  url          = {https://openreview.net/forum?id=NTEz-6wysdb},
  timestamp    = {Wed, 23 Jun 2021 17:36:39 +0200},
  biburl       = {https://dblp.org/rec/conf/iclr/IzacardG21.bib},
  bibsource    = {dblp computer science bibliography, https://dblp.org}
}

@inproceedings{DBLP:conf/nips/SachanRHDY21,
  author       = {Devendra Singh Sachan and
                  Siva Reddy and
                  William L. Hamilton and
                  Chris Dyer and
                  Dani Yogatama},
  editor       = {Marc'Aurelio Ranzato and
                  Alina Beygelzimer and
                  Yann N. Dauphin and
                  Percy Liang and
                  Jennifer Wortman Vaughan},
  title        = {End-to-End Training of Multi-Document Reader and Retriever for Open-Domain
                  Question Answering},
  booktitle    = {Advances in Neural Information Processing Systems 34: Annual Conference
                  on Neural Information Processing Systems 2021, NeurIPS 2021, December
                  6-14, 2021, virtual},
  pages        = {25968--25981},
  year         = {2021},
  url          = {https://proceedings.neurips.cc/paper/2021/hash/da3fde159d754a2555eaa198d2d105b2-Abstract.html},
  timestamp    = {Tue, 03 May 2022 16:20:49 +0200},
  biburl       = {https://dblp.org/rec/conf/nips/SachanRHDY21.bib},
  bibsource    = {dblp computer science bibliography, https://dblp.org}
}


@article{DBLP:journals/jmlr/RaffelSRLNMZLL20,
  author       = {Colin Raffel and
                  Noam Shazeer and
                  Adam Roberts and
                  Katherine Lee and
                  Sharan Narang and
                  Michael Matena and
                  Yanqi Zhou and
                  Wei Li and
                  Peter J. Liu},
  title        = {Exploring the Limits of Transfer Learning with a Unified Text-to-Text
                  Transformer},
  journal      = {J. Mach. Learn. Res.},
  volume       = {21},
  pages        = {140:1--140:67},
  year         = {2020},
  url          = {https://jmlr.org/papers/v21/20-074.html},
  timestamp    = {Wed, 11 Sep 2024 14:41:27 +0200},
  biburl       = {https://dblp.org/rec/journals/jmlr/RaffelSRLNMZLL20.bib},
  bibsource    = {dblp computer science bibliography, https://dblp.org}
}


@article{DBLP:journals/corr/abs-2401-15391,
  author       = {Yixuan Tang and
                  Yi Yang},
  title        = {MultiHop-RAG: Benchmarking Retrieval-Augmented Generation for Multi-Hop
                  Queries},
  journal      = {CoRR},
  volume       = {abs/2401.15391},
  year         = {2024},
  url          = {https://doi.org/10.48550/arXiv.2401.15391},
  doi          = {10.48550/ARXIV.2401.15391},
  eprinttype    = {arXiv},
  eprint       = {2401.15391},
  timestamp    = {Tue, 06 Feb 2024 14:15:49 +0100},
  biburl       = {https://dblp.org/rec/journals/corr/abs-2401-15391.bib},
  bibsource    = {dblp computer science bibliography, https://dblp.org}
}

@inproceedings{DBLP:conf/naacl/ZhangZ00H24,
  author       = {Jiahao Zhang and
                  Haiyang Zhang and
                  Dongmei Zhang and
                  Yong Liu and
                  Shen Huang},
  editor       = {Kevin Duh and
                  Helena G{\'{o}}mez{-}Adorno and
                  Steven Bethard},
  title        = {End-to-End Beam Retrieval for Multi-Hop Question Answering},
  booktitle    = {Proceedings of the 2024 Conference of the North American Chapter of
                  the Association for Computational Linguistics: Human Language Technologies
                  (Volume 1: Long Papers), {NAACL} 2024, Mexico City, Mexico, June 16-21,
                  2024},
  pages        = {1718--1731},
  publisher    = {Association for Computational Linguistics},
  year         = {2024},
  url          = {https://doi.org/10.18653/v1/2024.naacl-long.96},
  doi          = {10.18653/V1/2024.NAACL-LONG.96},
  timestamp    = {Fri, 30 Aug 2024 14:40:22 +0200},
  biburl       = {https://dblp.org/rec/conf/naacl/ZhangZ00H24.bib},
  bibsource    = {dblp computer science bibliography, https://dblp.org}
}

@inproceedings{DBLP:conf/cncl/YinWHWYZCHQ23,
  author       = {Zhangyue Yin and
                  Yuxin Wang and
                  Xiannian Hu and
                  Yiguang Wu and
                  Hang Yan and
                  Xinyu Zhang and
                  Zhao Cao and
                  Xuanjing Huang and
                  Xipeng Qiu},
  editor       = {Maosong Sun and
                  Bing Qin and
                  Xipeng Qiu and
                  Jing Jiang and
                  Xianpei Han and
                  Gaoqi Rao and
                  Yubo Chen},
  title        = {Rethinking Label Smoothing on Multi-Hop Question Answering},
  booktitle    = {Chinese Computational Linguistics - 22nd China National Conference,
                  {CCL} 2023, Harbin, China, August 3-5, 2023, Proceedings},
  series       = {Lecture Notes in Computer Science},
  volume       = {14232},
  pages        = {72--87},
  publisher    = {Springer},
  year         = {2023},
  url          = {https://doi.org/10.1007/978-981-99-6207-5\_5},
  doi          = {10.1007/978-981-99-6207-5\_5},
  timestamp    = {Tue, 01 Oct 2024 16:56:09 +0200},
  biburl       = {https://dblp.org/rec/conf/cncl/YinWHWYZCHQ23.bib},
  bibsource    = {dblp computer science bibliography, https://dblp.org}
}

@inproceedings{DBLP:conf/icassp/LiLY23,
  author       = {Xin{-}Yi Li and
                  Wei{-}Jun Lei and
                  Yu{-}Bin Yang},
  title        = {From Easy to Hard: Two-Stage Selector and Reader for Multi-Hop Question
                  Answering},
  booktitle    = {{IEEE} International Conference on Acoustics, Speech and Signal Processing
                  {ICASSP} 2023, Rhodes Island, Greece, June 4-10, 2023},
  pages        = {1--5},
  publisher    = {{IEEE}},
  year         = {2023},
  url          = {https://doi.org/10.1109/ICASSP49357.2023.10096119},
  doi          = {10.1109/ICASSP49357.2023.10096119},
  timestamp    = {Sun, 19 Jan 2025 13:18:24 +0100},
  biburl       = {https://dblp.org/rec/conf/icassp/LiLY23.bib},
  bibsource    = {dblp computer science bibliography, https://dblp.org}
}

@article{DBLP:journals/corr/abs-2107-11823,
  author       = {Bohong Wu and
                  Zhuosheng Zhang and
                  Hai Zhao},
  title        = {Graph-free Multi-hop Reading Comprehension: {A} Select-to-Guide Strategy},
  journal      = {CoRR},
  volume       = {abs/2107.11823},
  year         = {2021},
  url          = {https://arxiv.org/abs/2107.11823},
  eprinttype    = {arXiv},
  eprint       = {2107.11823},
  timestamp    = {Thu, 21 Mar 2024 16:25:19 +0100},
  biburl       = {https://dblp.org/rec/journals/corr/abs-2107-11823.bib},
  bibsource    = {dblp computer science bibliography, https://dblp.org}
}

@inproceedings{DBLP:conf/aaai/TuHW0HZ20,
  author       = {Ming Tu and
                  Kevin Huang and
                  Guangtao Wang and
                  Jing Huang and
                  Xiaodong He and
                  Bowen Zhou},
  title        = {Select, Answer and Explain: Interpretable Multi-Hop Reading Comprehension
                  over Multiple Documents},
  booktitle    = {The Thirty-Fourth {AAAI} Conference on Artificial Intelligence, {AAAI}
                  2020, The Thirty-Second Innovative Applications of Artificial Intelligence
                  Conference, {IAAI} 2020, The Tenth {AAAI} Symposium on Educational
                  Advances in Artificial Intelligence, {EAAI} 2020, New York, NY, USA,
                  February 7-12, 2020},
  pages        = {9073--9080},
  publisher    = {{AAAI} Press},
  year         = {2020},
  url          = {https://doi.org/10.1609/aaai.v34i05.6441},
  doi          = {10.1609/AAAI.V34I05.6441},
  timestamp    = {Wed, 13 Nov 2024 20:00:49 +0100},
  biburl       = {https://dblp.org/rec/conf/aaai/TuHW0HZ20.bib},
  bibsource    = {dblp computer science bibliography, https://dblp.org}
}

@inproceedings{DBLP:conf/naacl/ZhaoXBD21,
  author       = {Chen Zhao and
                  Chenyan Xiong and
                  Jordan L. Boyd{-}Graber and
                  Hal Daum{\'{e}} III},
  editor       = {Kristina Toutanova and
                  Anna Rumshisky and
                  Luke Zettlemoyer and
                  Dilek Hakkani{-}T{\"{u}}r and
                  Iz Beltagy and
                  Steven Bethard and
                  Ryan Cotterell and
                  Tanmoy Chakraborty and
                  Yichao Zhou},
  title        = {Multi-Step Reasoning Over Unstructured Text with Beam Dense Retrieval},
  booktitle    = {Proceedings of the 2021 Conference of the North American Chapter of
                  the Association for Computational Linguistics: Human Language Technologies,
                  {NAACL-HLT} 2021, Online, June 6-11, 2021},
  pages        = {4635--4641},
  publisher    = {Association for Computational Linguistics},
  year         = {2021},
  url          = {https://doi.org/10.18653/v1/2021.naacl-main.368},
  doi          = {10.18653/V1/2021.NAACL-MAIN.368},
  timestamp    = {Mon, 27 Dec 2021 16:31:50 +0100},
  biburl       = {https://dblp.org/rec/conf/naacl/ZhaoXBD21.bib},
  bibsource    = {dblp computer science bibliography, https://dblp.org}
}

@inproceedings{DBLP:conf/iclr/XiongLIDLWMY0KO21,
  author       = {Wenhan Xiong and
                  Xiang Lorraine Li and
                  Srini Iyer and
                  Jingfei Du and
                  Patrick S. H. Lewis and
                  William Yang Wang and
                  Yashar Mehdad and
                  Scott Yih and
                  Sebastian Riedel and
                  Douwe Kiela and
                  Barlas Oguz},
  title        = {Answering Complex Open-Domain Questions with Multi-Hop Dense Retrieval},
  booktitle    = {9th International Conference on Learning Representations, {ICLR} 2021,
                  Virtual Event, Austria, May 3-7, 2021},
  publisher    = {OpenReview.net},
  year         = {2021},
  url          = {https://openreview.net/forum?id=EMHoBG0avc1},
  timestamp    = {Tue, 09 May 2023 21:48:33 +0200},
  biburl       = {https://dblp.org/rec/conf/iclr/XiongLIDLWMY0KO21.bib},
  bibsource    = {dblp computer science bibliography, https://dblp.org}
}

@inproceedings{DBLP:conf/naacl/ChoiLL24,
  author       = {Eunseong Choi and
                  Hyeri Lee and
                  Jongwuk Lee},
  editor       = {Kevin Duh and
                  Helena G{\'{o}}mez{-}Adorno and
                  Steven Bethard},
  title        = {Multi-Granularity Guided Fusion-in-Decoder},
  booktitle    = {Findings of the Association for Computational Linguistics: {NAACL}
                  2024, Mexico City, Mexico, June 16-21, 2024},
  pages        = {2201--2212},
  publisher    = {Association for Computational Linguistics},
  year         = {2024},
  url          = {https://doi.org/10.18653/v1/2024.findings-naacl.142},
  doi          = {10.18653/V1/2024.FINDINGS-NAACL.142},
  timestamp    = {Thu, 12 Sep 2024 13:29:32 +0200},
  biburl       = {https://dblp.org/rec/conf/naacl/ChoiLL24.bib},
  bibsource    = {dblp computer science bibliography, https://dblp.org}
}


@inproceedings{DBLP:conf/acl/WangY023,
  author       = {Cunxiang Wang and
                  Haofei Yu and
                  Yue Zhang},
  editor       = {Anna Rogers and
                  Jordan L. Boyd{-}Graber and
                  Naoaki Okazaki},
  title        = {RFiD: Towards Rational Fusion-in-Decoder for Open-Domain Question
                  Answering},
  booktitle    = {Findings of the Association for Computational Linguistics: {ACL} 2023,
                  Toronto, Canada, July 9-14, 2023},
  pages        = {2473--2481},
  publisher    = {Association for Computational Linguistics},
  year         = {2023},
  url          = {https://doi.org/10.18653/v1/2023.findings-acl.155},
  doi          = {10.18653/V1/2023.FINDINGS-ACL.155},
  timestamp    = {Tue, 22 Aug 2023 11:12:15 +0200},
  biburl       = {https://dblp.org/rec/conf/acl/WangY023.bib},
  bibsource    = {dblp computer science bibliography, https://dblp.org}
}

@inproceedings{DBLP:conf/sigir/HofstatterC0Z23,
  author       = {Sebastian Hofst{\"{a}}tter and
                  Jiecao Chen and
                  Karthik Raman and
                  Hamed Zamani},
  editor       = {Hsin{-}Hsi Chen and
                  Wei{-}Jou (Edward) Duh and
                  Hen{-}Hsen Huang and
                  Makoto P. Kato and
                  Josiane Mothe and
                  Barbara Poblete},
  title        = {FiD-Light: Efficient and Effective Retrieval-Augmented Text Generation},
  booktitle    = {Proceedings of the 46th International {ACM} {SIGIR} Conference on
                  Research and Development in Information Retrieval, {SIGIR} 2023, Taipei,
                  Taiwan, July 23-27, 2023},
  pages        = {1437--1447},
  publisher    = {{ACM}},
  year         = {2023},
  url          = {https://doi.org/10.1145/3539618.3591687},
  doi          = {10.1145/3539618.3591687},
  timestamp    = {Sun, 19 Jan 2025 13:11:15 +0100},
  biburl       = {https://dblp.org/rec/conf/sigir/HofstatterC0Z23.bib},
  bibsource    = {dblp computer science bibliography, https://dblp.org}
}

@inproceedings{DBLP:conf/acl/JongZAFSSC23,
  author       = {Michiel de Jong and
                  Yury Zemlyanskiy and
                  Joshua Ainslie and
                  Nicholas FitzGerald and
                  Sumit Sanghai and
                  Fei Sha and
                  William W. Cohen},
  editor       = {Anna Rogers and
                  Jordan L. Boyd{-}Graber and
                  Naoaki Okazaki},
  title        = {FiDO: Fusion-in-Decoder optimized for stronger performance and faster
                  inference},
  booktitle    = {Findings of the Association for Computational Linguistics: {ACL} 2023,
                  Toronto, Canada, July 9-14, 2023},
  pages        = {11534--11547},
  publisher    = {Association for Computational Linguistics},
  year         = {2023},
  url          = {https://doi.org/10.18653/v1/2023.findings-acl.732},
  doi          = {10.18653/V1/2023.FINDINGS-ACL.732},
  timestamp    = {Thu, 10 Aug 2023 12:36:06 +0200},
  biburl       = {https://dblp.org/rec/conf/acl/JongZAFSSC23.bib},
  bibsource    = {dblp computer science bibliography, https://dblp.org}
}


@inproceedings{DBLP:conf/acl/Yu0F0WXRY022,
  author       = {Donghan Yu and
                  Chenguang Zhu and
                  Yuwei Fang and
                  Wenhao Yu and
                  Shuohang Wang and
                  Yichong Xu and
                  Xiang Ren and
                  Yiming Yang and
                  Michael Zeng},
  editor       = {Smaranda Muresan and
                  Preslav Nakov and
                  Aline Villavicencio},
  title        = {KG-FiD: Infusing Knowledge Graph in Fusion-in-Decoder for Open-Domain
                  Question Answering},
  booktitle    = {Proceedings of the 60th Annual Meeting of the Association for Computational
                  Linguistics (Volume 1: Long Papers), {ACL} 2022, Dublin, Ireland,
                  May 22-27, 2022},
  pages        = {4961--4974},
  publisher    = {Association for Computational Linguistics},
  year         = {2022},
  url          = {https://doi.org/10.18653/v1/2022.acl-long.340},
  doi          = {10.18653/V1/2022.ACL-LONG.340},
  timestamp    = {Mon, 02 Jan 2023 15:00:33 +0100},
  biburl       = {https://dblp.org/rec/conf/acl/Yu0F0WXRY022.bib},
  bibsource    = {dblp computer science bibliography, https://dblp.org}
}


@article{DBLP:journals/corr/abs-2101-00774,
  author       = {Fengbin Zhu and
                  Wenqiang Lei and
                  Chao Wang and
                  Jianming Zheng and
                  Soujanya Poria and
                  Tat{-}Seng Chua},
  title        = {Retrieving and Reading: {A} Comprehensive Survey on Open-domain Question
                  Answering},
  journal      = {CoRR},
  volume       = {abs/2101.00774},
  year         = {2021},
  url          = {https://arxiv.org/abs/2101.00774},
  eprinttype    = {arXiv},
  eprint       = {2101.00774},
  timestamp    = {Thu, 31 Aug 2023 11:16:31 +0200},
  biburl       = {https://dblp.org/rec/journals/corr/abs-2101-00774.bib},
  bibsource    = {dblp computer science bibliography, https://dblp.org}
}

@inproceedings{DBLP:conf/emnlp/KarpukhinOMLWEC20,
  author       = {Vladimir Karpukhin and
                  Barlas Oguz and
                  Sewon Min and
                  Patrick S. H. Lewis and
                  Ledell Wu and
                  Sergey Edunov and
                  Danqi Chen and
                  Wen{-}tau Yih},
  editor       = {Bonnie Webber and
                  Trevor Cohn and
                  Yulan He and
                  Yang Liu},
  title        = {Dense Passage Retrieval for Open-Domain Question Answering},
  booktitle    = {Proceedings of the 2020 Conference on Empirical Methods in Natural
                  Language Processing, {EMNLP} 2020, Online, November 16-20, 2020},
  pages        = {6769--6781},
  publisher    = {Association for Computational Linguistics},
  year         = {2020},
  url          = {https://doi.org/10.18653/v1/2020.emnlp-main.550},
  doi          = {10.18653/V1/2020.EMNLP-MAIN.550},
  timestamp    = {Sun, 19 Jan 2025 13:09:51 +0100},
  biburl       = {https://dblp.org/rec/conf/emnlp/KarpukhinOMLWEC20.bib},
  bibsource    = {dblp computer science bibliography, https://dblp.org}
}

@inproceedings{DBLP:conf/sigir/KhattabZ20,
  author       = {Omar Khattab and
                  Matei Zaharia},
  editor       = {Jimmy X. Huang and
                  Yi Chang and
                  Xueqi Cheng and
                  Jaap Kamps and
                  Vanessa Murdock and
                  Ji{-}Rong Wen and
                  Yiqun Liu},
  title        = {ColBERT: Efficient and Effective Passage Search via Contextualized
                  Late Interaction over {BERT}},
  booktitle    = {Proceedings of the 43rd International {ACM} {SIGIR} conference on
                  research and development in Information Retrieval, {SIGIR} 2020, Virtual
                  Event, China, July 25-30, 2020},
  pages        = {39--48},
  publisher    = {{ACM}},
  year         = {2020},
  url          = {https://doi.org/10.1145/3397271.3401075},
  doi          = {10.1145/3397271.3401075},
  timestamp    = {Sun, 19 Jan 2025 13:11:15 +0100},
  biburl       = {https://dblp.org/rec/conf/sigir/KhattabZ20.bib},
  bibsource    = {dblp computer science bibliography, https://dblp.org}
}


@article{DBLP:journals/corr/abs-2405-18414,
  author       = {Jialin Dong and
                  Bahare Fatemi and
                  Bryan Perozzi and
                  Lin F. Yang and
                  Anton Tsitsulin},
  title        = {Don't Forget to Connect! Improving {RAG} with Graph-based Reranking},
  journal      = {CoRR},
  volume       = {abs/2405.18414},
  year         = {2024},
  url          = {https://doi.org/10.48550/arXiv.2405.18414},
  doi          = {10.48550/ARXIV.2405.18414},
  eprinttype    = {arXiv},
  eprint       = {2405.18414},
  timestamp    = {Fri, 21 Jun 2024 22:39:11 +0200},
  biburl       = {https://dblp.org/rec/journals/corr/abs-2405-18414.bib},
  bibsource    = {dblp computer science bibliography, https://dblp.org}
}

@inproceedings{DBLP:conf/sigir/SalemiZ24a,
  author       = {Alireza Salemi and
                  Hamed Zamani},
  editor       = {Grace Hui Yang and
                  Hongning Wang and
                  Sam Han and
                  Claudia Hauff and
                  Guido Zuccon and
                  Yi Zhang},
  title        = {Evaluating Retrieval Quality in Retrieval-Augmented Generation},
  booktitle    = {Proceedings of the 47th International {ACM} {SIGIR} Conference on
                  Research and Development in Information Retrieval, {SIGIR} 2024, Washington
                  DC, USA, July 14-18, 2024},
  pages        = {2395--2400},
  publisher    = {{ACM}},
  year         = {2024},
  url          = {https://doi.org/10.1145/3626772.3657957},
  doi          = {10.1145/3626772.3657957},
  timestamp    = {Sun, 19 Jan 2025 13:11:15 +0100},
  biburl       = {https://dblp.org/rec/conf/sigir/SalemiZ24a.bib},
  bibsource    = {dblp computer science bibliography, https://dblp.org}
}

@inproceedings{DBLP:conf/naacl/Asai0H22,
  author       = {Akari Asai and
                  Matt Gardner and
                  Hannaneh Hajishirzi},
  editor       = {Marine Carpuat and
                  Marie{-}Catherine de Marneffe and
                  Iv{\'{a}}n Vladimir Meza Ru{\'{\i}}z},
  title        = {Evidentiality-guided Generation for Knowledge-Intensive {NLP} Tasks},
  booktitle    = {Proceedings of the 2022 Conference of the North American Chapter of
                  the Association for Computational Linguistics: Human Language Technologies,
                  {NAACL} 2022, Seattle, WA, United States, July 10-15, 2022},
  pages        = {2226--2243},
  publisher    = {Association for Computational Linguistics},
  year         = {2022},
  url          = {https://doi.org/10.18653/v1/2022.naacl-main.162},
  doi          = {10.18653/V1/2022.NAACL-MAIN.162},
  timestamp    = {Mon, 01 Aug 2022 16:28:03 +0200},
  biburl       = {https://dblp.org/rec/conf/naacl/Asai0H22.bib},
  bibsource    = {dblp computer science bibliography, https://dblp.org}
}


@article{DBLP:journals/corr/abs-2408-11745,
  author       = {Zhenyu Li and
                  Yike Zhang and
                  Tengyu Pan and
                  Yutao Sun and
                  Zhichao Duan and
                  Junjie Fang and
                  Rong Han and
                  Zixuan Wang and
                  Jianyong Wang},
  title        = {FocusLLM: Scaling LLM's Context by Parallel Decoding},
  journal      = {CoRR},
  volume       = {abs/2408.11745},
  year         = {2024},
  url          = {https://doi.org/10.48550/arXiv.2408.11745},
  doi          = {10.48550/ARXIV.2408.11745},
  eprinttype    = {arXiv},
  eprint       = {2408.11745},
  timestamp    = {Fri, 04 Oct 2024 15:46:10 +0200},
  biburl       = {https://dblp.org/rec/journals/corr/abs-2408-11745.bib},
  bibsource    = {dblp computer science bibliography, https://dblp.org}
}

@inproceedings{DBLP:conf/acl/KeK00MB24,
  author       = {Zixuan Ke and
                  Weize Kong and
                  Cheng Li and
                  Mingyang Zhang and
                  Qiaozhu Mei and
                  Michael Bendersky},
  editor       = {Lun{-}Wei Ku and
                  Andre Martins and
                  Vivek Srikumar},
  title        = {Bridging the Preference Gap between Retrievers and LLMs},
  booktitle    = {Proceedings of the 62nd Annual Meeting of the Association for Computational
                  Linguistics (Volume 1: Long Papers), {ACL} 2024, Bangkok, Thailand,
                  August 11-16, 2024},
  pages        = {10438--10451},
  publisher    = {Association for Computational Linguistics},
  year         = {2024},
  url          = {https://doi.org/10.18653/v1/2024.acl-long.562},
  doi          = {10.18653/V1/2024.ACL-LONG.562},
  timestamp    = {Tue, 24 Sep 2024 10:55:43 +0200},
  biburl       = {https://dblp.org/rec/conf/acl/KeK00MB24.bib},
  bibsource    = {dblp computer science bibliography, https://dblp.org}
}

@inproceedings{DBLP:conf/nips/LewisPPPKGKLYR020,
  author       = {Patrick S. H. Lewis and
                  Ethan Perez and
                  Aleksandra Piktus and
                  Fabio Petroni and
                  Vladimir Karpukhin and
                  Naman Goyal and
                  Heinrich K{\"{u}}ttler and
                  Mike Lewis and
                  Wen{-}tau Yih and
                  Tim Rockt{\"{a}}schel and
                  Sebastian Riedel and
                  Douwe Kiela},
  editor       = {Hugo Larochelle and
                  Marc'Aurelio Ranzato and
                  Raia Hadsell and
                  Maria{-}Florina Balcan and
                  Hsuan{-}Tien Lin},
  title        = {Retrieval-Augmented Generation for Knowledge-Intensive {NLP} Tasks},
  booktitle    = {Advances in Neural Information Processing Systems 33: Annual Conference
                  on Neural Information Processing Systems 2020, NeurIPS 2020, December
                  6-12, 2020, virtual},
  year         = {2020},
  url          = {https://proceedings.neurips.cc/paper/2020/hash/6b493230205f780e1bc26945df7481e5-Abstract.html},
  timestamp    = {Tue, 11 Feb 2025 12:43:01 +0100},
  biburl       = {https://dblp.org/rec/conf/nips/LewisPPPKGKLYR020.bib},
  bibsource    = {dblp computer science bibliography, https://dblp.org}
}

@inproceedings{DBLP:conf/nips/FangYMHPK0W24,
  author       = {Gongfan Fang and
                  Hongxu Yin and
                  Saurav Muralidharan and
                  Greg Heinrich and
                  Jeff Pool and
                  Jan Kautz and
                  Pavlo Molchanov and
                  Xinchao Wang},
  editor       = {Amir Globersons and
                  Lester Mackey and
                  Danielle Belgrave and
                  Angela Fan and
                  Ulrich Paquet and
                  Jakub M. Tomczak and
                  Cheng Zhang},
  title        = {MaskLLM: Learnable Semi-Structured Sparsity for Large Language Models},
  booktitle    = {Advances in Neural Information Processing Systems 38: Annual Conference
                  on Neural Information Processing Systems 2024, NeurIPS 2024, Vancouver,
                  BC, Canada, December 10 - 15, 2024},
  year         = {2024},
  url          = {http://papers.nips.cc/paper\_files/paper/2024/hash/0e9a05f5ce62284c91e4a33498899124-Abstract-Conference.html},
  timestamp    = {Wed, 05 Feb 2025 17:21:59 +0100},
  biburl       = {https://dblp.org/rec/conf/nips/FangYMHPK0W24.bib},
  bibsource    = {dblp computer science bibliography, https://dblp.org}
}


@inproceedings{DBLP:conf/ijcai/XieE19,
  author       = {Sang Michael Xie and
                  Stefano Ermon},
  editor       = {Sarit Kraus},
  title        = {Reparameterizable Subset Sampling via Continuous Relaxations},
  booktitle    = {Proceedings of the Twenty-Eighth International Joint Conference on
                  Artificial Intelligence, {IJCAI} 2019, Macao, China, August 10-16,
                  2019},
  pages        = {3919--3925},
  publisher    = {ijcai.org},
  year         = {2019},
  url          = {https://doi.org/10.24963/ijcai.2019/544},
  doi          = {10.24963/IJCAI.2019/544},
  timestamp    = {Tue, 15 Oct 2024 16:43:28 +0200},
  biburl       = {https://dblp.org/rec/conf/ijcai/XieE19.bib},
  bibsource    = {dblp computer science bibliography, https://dblp.org}
}


@inproceedings{DBLP:conf/nips/XieDCDZZ0P20,
  author       = {Yujia Xie and
                  Hanjun Dai and
                  Minshuo Chen and
                  Bo Dai and
                  Tuo Zhao and
                  Hongyuan Zha and
                  Wei Wei and
                  Tomas Pfister},
  editor       = {Hugo Larochelle and
                  Marc'Aurelio Ranzato and
                  Raia Hadsell and
                  Maria{-}Florina Balcan and
                  Hsuan{-}Tien Lin},
  title        = {Differentiable Top-k with Optimal Transport},
  booktitle    = {Advances in Neural Information Processing Systems 33: Annual Conference
                  on Neural Information Processing Systems 2020, NeurIPS 2020, December
                  6-12, 2020, virtual},
  year         = {2020},
  url          = {https://proceedings.neurips.cc/paper/2020/hash/ec24a54d62ce57ba93a531b460fa8d18-Abstract.html},
  timestamp    = {Thu, 29 Jun 2023 16:58:02 +0200},
  biburl       = {https://dblp.org/rec/conf/nips/XieDCDZZ0P20.bib},
  bibsource    = {dblp computer science bibliography, https://dblp.org}
}

@inproceedings{DBLP:conf/icml/ChenSWJ18,
  author       = {Jianbo Chen and
                  Le Song and
                  Martin J. Wainwright and
                  Michael I. Jordan},
  editor       = {Jennifer G. Dy and
                  Andreas Krause},
  title        = {Learning to Explain: An Information-Theoretic Perspective on Model
                  Interpretation},
  booktitle    = {Proceedings of the 35th International Conference on Machine Learning,
                  {ICML} 2018, Stockholmsm{\"{a}}ssan, Stockholm, Sweden, July
                  10-15, 2018},
  series       = {Proceedings of Machine Learning Research},
  volume       = {80},
  pages        = {882--891},
  publisher    = {{PMLR}},
  year         = {2018},
  url          = {http://proceedings.mlr.press/v80/chen18j.html},
  timestamp    = {Wed, 03 Apr 2019 18:17:30 +0200},
  biburl       = {https://dblp.org/rec/conf/icml/ChenSWJ18.bib},
  bibsource    = {dblp computer science bibliography, https://dblp.org}
}

@inproceedings{DBLP:conf/naacl/FanGLWWJDZH21,
  author       = {Zhihao Fan and
                  Yeyun Gong and
                  Dayiheng Liu and
                  Zhongyu Wei and
                  Siyuan Wang and
                  Jian Jiao and
                  Nan Duan and
                  Ruofei Zhang and
                  Xuanjing Huang},
  editor       = {Kristina Toutanova and
                  Anna Rumshisky and
                  Luke Zettlemoyer and
                  Dilek Hakkani{-}T{\"{u}}r and
                  Iz Beltagy and
                  Steven Bethard and
                  Ryan Cotterell and
                  Tanmoy Chakraborty and
                  Yichao Zhou},
  title        = {Mask Attention Networks: Rethinking and Strengthen Transformer},
  booktitle    = {Proceedings of the 2021 Conference of the North American Chapter of
                  the Association for Computational Linguistics: Human Language Technologies,
                  {NAACL-HLT} 2021, Online, June 6-11, 2021},
  pages        = {1692--1701},
  publisher    = {Association for Computational Linguistics},
  year         = {2021},
  url          = {https://doi.org/10.18653/v1/2021.naacl-main.135},
  doi          = {10.18653/V1/2021.NAACL-MAIN.135},
  timestamp    = {Thu, 23 Mar 2023 16:22:18 +0100},
  biburl       = {https://dblp.org/rec/conf/naacl/FanGLWWJDZH21.bib},
  bibsource    = {dblp computer science bibliography, https://dblp.org}
}

@inproceedings{DBLP:conf/cvpr/YangZNLLZT19,
  author       = {Jiancheng Yang and
                  Qiang Zhang and
                  Bingbing Ni and
                  Linguo Li and
                  Jinxian Liu and
                  Mengdie Zhou and
                  Qi Tian},
  title        = {Modeling Point Clouds With Self-Attention and Gumbel Subset Sampling},
  booktitle    = {{IEEE} Conference on Computer Vision and Pattern Recognition, {CVPR}
                  2019, Long Beach, CA, USA, June 16-20, 2019},
  pages        = {3323--3332},
  publisher    = {Computer Vision Foundation / {IEEE}},
  year         = {2019},
  url          = {http://openaccess.thecvf.com/content\_CVPR\_2019/html/Yang\_Modeling\_Point\_Clouds\_With\_Self-Attention\_and\_Gumbel\_Subset\_Sampling\_CVPR\_2019\_paper.html},
  doi          = {10.1109/CVPR.2019.00344},
  timestamp    = {Mon, 05 Feb 2024 20:27:10 +0100},
  biburl       = {https://dblp.org/rec/conf/cvpr/YangZNLLZT19.bib},
  bibsource    = {dblp computer science bibliography, https://dblp.org}
}

@inproceedings{DBLP:conf/iclr/JangGP17,
  author       = {Eric Jang and
                  Shixiang Gu and
                  Ben Poole},
  title        = {Categorical Reparameterization with Gumbel-Softmax},
  booktitle    = {5th International Conference on Learning Representations, {ICLR} 2017,
                  Toulon, France, April 24-26, 2017, Conference Track Proceedings},
  publisher    = {OpenReview.net},
  year         = {2017},
  url          = {https://openreview.net/forum?id=rkE3y85ee},
  timestamp    = {Thu, 25 Jul 2019 14:26:04 +0200},
  biburl       = {https://dblp.org/rec/conf/iclr/JangGP17.bib},
  bibsource    = {dblp computer science bibliography, https://dblp.org}
}