@inproceedings{DBLP:conf/acl/KeK00MB24,
  author       = {Zixuan Ke and
                  Weize Kong and
                  Cheng Li and
                  Mingyang Zhang and
                  Qiaozhu Mei and
                  Michael Bendersky},
  editor       = {Lun{-}Wei Ku and
                  Andre Martins and
                  Vivek Srikumar},
  title        = {Bridging the Preference Gap between Retrievers and LLMs},
  booktitle    = {Proceedings of the 62nd Annual Meeting of the Association for Computational
                  Linguistics (Volume 1: Long Papers), {ACL} 2024, Bangkok, Thailand,
                  August 11-16, 2024},
  pages        = {10438--10451},
  publisher    = {Association for Computational Linguistics},
  year         = {2024},
  url          = {https://doi.org/10.18653/v1/2024.acl-long.562},
  doi          = {10.18653/V1/2024.ACL-LONG.562},
  timestamp    = {Tue, 24 Sep 2024 10:55:43 +0200},
  biburl       = {https://dblp.org/rec/conf/acl/KeK00MB24.bib},
  bibsource    = {dblp computer science bibliography, https://dblp.org}
}

@inproceedings{DBLP:conf/coling/HoNSA20,
  author       = {Xanh Ho and
                  Anh{-}Khoa Duong Nguyen and
                  Saku Sugawara and
                  Akiko Aizawa},
  editor       = {Donia Scott and
                  N{\'{u}}ria Bel and
                  Chengqing Zong},
  title        = {Constructing {A} Multi-hop {QA} Dataset for Comprehensive Evaluation
                  of Reasoning Steps},
  booktitle    = {Proceedings of the 28th International Conference on Computational
                  Linguistics, {COLING} 2020, Barcelona, Spain (Online), December 8-13,
                  2020},
  pages        = {6609--6625},
  publisher    = {International Committee on Computational Linguistics},
  year         = {2020},
  url          = {https://doi.org/10.18653/v1/2020.coling-main.580},
  doi          = {10.18653/V1/2020.COLING-MAIN.580},
  timestamp    = {Fri, 06 Aug 2021 00:39:51 +0200},
  biburl       = {https://dblp.org/rec/conf/coling/HoNSA20.bib},
  bibsource    = {dblp computer science bibliography, https://dblp.org}
}

@inproceedings{DBLP:conf/cvpr/YangZNLLZT19,
  author       = {Jiancheng Yang and
                  Qiang Zhang and
                  Bingbing Ni and
                  Linguo Li and
                  Jinxian Liu and
                  Mengdie Zhou and
                  Qi Tian},
  title        = {Modeling Point Clouds With Self-Attention and Gumbel Subset Sampling},
  booktitle    = {{IEEE} Conference on Computer Vision and Pattern Recognition, {CVPR}
                  2019, Long Beach, CA, USA, June 16-20, 2019},
  pages        = {3323--3332},
  publisher    = {Computer Vision Foundation / {IEEE}},
  year         = {2019},
  url          = {http://openaccess.thecvf.com/content\_CVPR\_2019/html/Yang\_Modeling\_Point\_Clouds\_With\_Self-Attention\_and\_Gumbel\_Subset\_Sampling\_CVPR\_2019\_paper.html},
  doi          = {10.1109/CVPR.2019.00344},
  timestamp    = {Mon, 05 Feb 2024 20:27:10 +0100},
  biburl       = {https://dblp.org/rec/conf/cvpr/YangZNLLZT19.bib},
  bibsource    = {dblp computer science bibliography, https://dblp.org}
}

@inproceedings{DBLP:conf/emnlp/KarpukhinOMLWEC20,
  author       = {Vladimir Karpukhin and
                  Barlas Oguz and
                  Sewon Min and
                  Patrick S. H. Lewis and
                  Ledell Wu and
                  Sergey Edunov and
                  Danqi Chen and
                  Wen{-}tau Yih},
  editor       = {Bonnie Webber and
                  Trevor Cohn and
                  Yulan He and
                  Yang Liu},
  title        = {Dense Passage Retrieval for Open-Domain Question Answering},
  booktitle    = {Proceedings of the 2020 Conference on Empirical Methods in Natural
                  Language Processing, {EMNLP} 2020, Online, November 16-20, 2020},
  pages        = {6769--6781},
  publisher    = {Association for Computational Linguistics},
  year         = {2020},
  url          = {https://doi.org/10.18653/v1/2020.emnlp-main.550},
  doi          = {10.18653/V1/2020.EMNLP-MAIN.550},
  timestamp    = {Sun, 19 Jan 2025 13:09:51 +0100},
  biburl       = {https://dblp.org/rec/conf/emnlp/KarpukhinOMLWEC20.bib},
  bibsource    = {dblp computer science bibliography, https://dblp.org}
}

@inproceedings{DBLP:conf/iclr/IzacardG21,
  author       = {Gautier Izacard and
                  Edouard Grave},
  title        = {Distilling Knowledge from Reader to Retriever for Question Answering},
  booktitle    = {9th International Conference on Learning Representations, {ICLR} 2021,
                  Virtual Event, Austria, May 3-7, 2021},
  publisher    = {OpenReview.net},
  year         = {2021},
  url          = {https://openreview.net/forum?id=NTEz-6wysdb},
  timestamp    = {Wed, 23 Jun 2021 17:36:39 +0200},
  biburl       = {https://dblp.org/rec/conf/iclr/IzacardG21.bib},
  bibsource    = {dblp computer science bibliography, https://dblp.org}
}

@inproceedings{DBLP:conf/iclr/JangGP17,
  author       = {Eric Jang and
                  Shixiang Gu and
                  Ben Poole},
  title        = {Categorical Reparameterization with Gumbel-Softmax},
  booktitle    = {5th International Conference on Learning Representations, {ICLR} 2017,
                  Toulon, France, April 24-26, 2017, Conference Track Proceedings},
  publisher    = {OpenReview.net},
  year         = {2017},
  url          = {https://openreview.net/forum?id=rkE3y85ee},
  timestamp    = {Thu, 25 Jul 2019 14:26:04 +0200},
  biburl       = {https://dblp.org/rec/conf/iclr/JangGP17.bib},
  bibsource    = {dblp computer science bibliography, https://dblp.org}
}

@inproceedings{DBLP:conf/iclr/Lin0CSL00KSLZY24,
  author       = {Xi Victoria Lin and
                  Xilun Chen and
                  Mingda Chen and
                  Weijia Shi and
                  Maria Lomeli and
                  Richard James and
                  Pedro Rodriguez and
                  Jacob Kahn and
                  Gergely Szilvasy and
                  Mike Lewis and
                  Luke Zettlemoyer and
                  Wen{-}tau Yih},
  title        = {{RA-DIT:} Retrieval-Augmented Dual Instruction Tuning},
  booktitle    = {The Twelfth International Conference on Learning Representations,
                  {ICLR} 2024, Vienna, Austria, May 7-11, 2024},
  publisher    = {OpenReview.net},
  year         = {2024},
  url          = {https://openreview.net/forum?id=22OTbutug9},
  timestamp    = {Wed, 07 Aug 2024 17:11:53 +0200},
  biburl       = {https://dblp.org/rec/conf/iclr/Lin0CSL00KSLZY24.bib},
  bibsource    = {dblp computer science bibliography, https://dblp.org}
}

@inproceedings{DBLP:conf/icml/ChenSWJ18,
  author       = {Jianbo Chen and
                  Le Song and
                  Martin J. Wainwright and
                  Michael I. Jordan},
  editor       = {Jennifer G. Dy and
                  Andreas Krause},
  title        = {Learning to Explain: An Information-Theoretic Perspective on Model
                  Interpretation},
  booktitle    = {Proceedings of the 35th International Conference on Machine Learning,
                  {ICML} 2018, Stockholmsm{\"{a}}ssan, Stockholm, Sweden, July
                  10-15, 2018},
  series       = {Proceedings of Machine Learning Research},
  volume       = {80},
  pages        = {882--891},
  publisher    = {{PMLR}},
  year         = {2018},
  url          = {http://proceedings.mlr.press/v80/chen18j.html},
  timestamp    = {Wed, 03 Apr 2019 18:17:30 +0200},
  biburl       = {https://dblp.org/rec/conf/icml/ChenSWJ18.bib},
  bibsource    = {dblp computer science bibliography, https://dblp.org}
}

@inproceedings{DBLP:conf/ijcai/XieE19,
  author       = {Sang Michael Xie and
                  Stefano Ermon},
  editor       = {Sarit Kraus},
  title        = {Reparameterizable Subset Sampling via Continuous Relaxations},
  booktitle    = {Proceedings of the Twenty-Eighth International Joint Conference on
                  Artificial Intelligence, {IJCAI} 2019, Macao, China, August 10-16,
                  2019},
  pages        = {3919--3925},
  publisher    = {ijcai.org},
  year         = {2019},
  url          = {https://doi.org/10.24963/ijcai.2019/544},
  doi          = {10.24963/IJCAI.2019/544},
  timestamp    = {Tue, 15 Oct 2024 16:43:28 +0200},
  biburl       = {https://dblp.org/rec/conf/ijcai/XieE19.bib},
  bibsource    = {dblp computer science bibliography, https://dblp.org}
}

@inproceedings{DBLP:conf/naacl/Asai0H22,
  author       = {Akari Asai and
                  Matt Gardner and
                  Hannaneh Hajishirzi},
  editor       = {Marine Carpuat and
                  Marie{-}Catherine de Marneffe and
                  Iv{\'{a}}n Vladimir Meza Ru{\'{\i}}z},
  title        = {Evidentiality-guided Generation for Knowledge-Intensive {NLP} Tasks},
  booktitle    = {Proceedings of the 2022 Conference of the North American Chapter of
                  the Association for Computational Linguistics: Human Language Technologies,
                  {NAACL} 2022, Seattle, WA, United States, July 10-15, 2022},
  pages        = {2226--2243},
  publisher    = {Association for Computational Linguistics},
  year         = {2022},
  url          = {https://doi.org/10.18653/v1/2022.naacl-main.162},
  doi          = {10.18653/V1/2022.NAACL-MAIN.162},
  timestamp    = {Mon, 01 Aug 2022 16:28:03 +0200},
  biburl       = {https://dblp.org/rec/conf/naacl/Asai0H22.bib},
  bibsource    = {dblp computer science bibliography, https://dblp.org}
}

@inproceedings{DBLP:conf/naacl/FanGLWWJDZH21,
  author       = {Zhihao Fan and
                  Yeyun Gong and
                  Dayiheng Liu and
                  Zhongyu Wei and
                  Siyuan Wang and
                  Jian Jiao and
                  Nan Duan and
                  Ruofei Zhang and
                  Xuanjing Huang},
  editor       = {Kristina Toutanova and
                  Anna Rumshisky and
                  Luke Zettlemoyer and
                  Dilek Hakkani{-}T{\"{u}}r and
                  Iz Beltagy and
                  Steven Bethard and
                  Ryan Cotterell and
                  Tanmoy Chakraborty and
                  Yichao Zhou},
  title        = {Mask Attention Networks: Rethinking and Strengthen Transformer},
  booktitle    = {Proceedings of the 2021 Conference of the North American Chapter of
                  the Association for Computational Linguistics: Human Language Technologies,
                  {NAACL-HLT} 2021, Online, June 6-11, 2021},
  pages        = {1692--1701},
  publisher    = {Association for Computational Linguistics},
  year         = {2021},
  url          = {https://doi.org/10.18653/v1/2021.naacl-main.135},
  doi          = {10.18653/V1/2021.NAACL-MAIN.135},
  timestamp    = {Thu, 23 Mar 2023 16:22:18 +0100},
  biburl       = {https://dblp.org/rec/conf/naacl/FanGLWWJDZH21.bib},
  bibsource    = {dblp computer science bibliography, https://dblp.org}
}

@inproceedings{DBLP:conf/naacl/GlassRCNCG22,
  author       = {Michael R. Glass and
                  Gaetano Rossiello and
                  Md. Faisal Mahbub Chowdhury and
                  Ankita Naik and
                  Pengshan Cai and
                  Alfio Gliozzo},
  editor       = {Marine Carpuat and
                  Marie{-}Catherine de Marneffe and
                  Iv{\'{a}}n Vladimir Meza Ru{\'{\i}}z},
  title        = {Re2G: Retrieve, Rerank, Generate},
  booktitle    = {Proceedings of the 2022 Conference of the North American Chapter of
                  the Association for Computational Linguistics: Human Language Technologies,
                  {NAACL} 2022, Seattle, WA, United States, July 10-15, 2022},
  pages        = {2701--2715},
  publisher    = {Association for Computational Linguistics},
  year         = {2022},
  url          = {https://doi.org/10.18653/v1/2022.naacl-main.194},
  doi          = {10.18653/V1/2022.NAACL-MAIN.194},
  timestamp    = {Mon, 26 Jun 2023 20:46:58 +0200},
  biburl       = {https://dblp.org/rec/conf/naacl/GlassRCNCG22.bib},
  bibsource    = {dblp computer science bibliography, https://dblp.org}
}

@inproceedings{DBLP:conf/naacl/ShiMYS0LZY24,
  author       = {Weijia Shi and
                  Sewon Min and
                  Michihiro Yasunaga and
                  Minjoon Seo and
                  Richard James and
                  Mike Lewis and
                  Luke Zettlemoyer and
                  Wen{-}tau Yih},
  editor       = {Kevin Duh and
                  Helena G{\'{o}}mez{-}Adorno and
                  Steven Bethard},
  title        = {{REPLUG:} Retrieval-Augmented Black-Box Language Models},
  booktitle    = {Proceedings of the 2024 Conference of the North American Chapter of
                  the Association for Computational Linguistics: Human Language Technologies
                  (Volume 1: Long Papers), {NAACL} 2024, Mexico City, Mexico, June 16-21,
                  2024},
  pages        = {8371--8384},
  publisher    = {Association for Computational Linguistics},
  year         = {2024},
  url          = {https://doi.org/10.18653/v1/2024.naacl-long.463},
  doi          = {10.18653/V1/2024.NAACL-LONG.463},
  timestamp    = {Thu, 29 Aug 2024 17:13:57 +0200},
  biburl       = {https://dblp.org/rec/conf/naacl/ShiMYS0LZY24.bib},
  bibsource    = {dblp computer science bibliography, https://dblp.org}
}

@inproceedings{DBLP:conf/nips/FangYMHPK0W24,
  author       = {Gongfan Fang and
                  Hongxu Yin and
                  Saurav Muralidharan and
                  Greg Heinrich and
                  Jeff Pool and
                  Jan Kautz and
                  Pavlo Molchanov and
                  Xinchao Wang},
  editor       = {Amir Globersons and
                  Lester Mackey and
                  Danielle Belgrave and
                  Angela Fan and
                  Ulrich Paquet and
                  Jakub M. Tomczak and
                  Cheng Zhang},
  title        = {MaskLLM: Learnable Semi-Structured Sparsity for Large Language Models},
  booktitle    = {Advances in Neural Information Processing Systems 38: Annual Conference
                  on Neural Information Processing Systems 2024, NeurIPS 2024, Vancouver,
                  BC, Canada, December 10 - 15, 2024},
  year         = {2024},
  url          = {http://papers.nips.cc/paper\_files/paper/2024/hash/0e9a05f5ce62284c91e4a33498899124-Abstract-Conference.html},
  timestamp    = {Wed, 05 Feb 2025 17:21:59 +0100},
  biburl       = {https://dblp.org/rec/conf/nips/FangYMHPK0W24.bib},
  bibsource    = {dblp computer science bibliography, https://dblp.org}
}

@inproceedings{DBLP:conf/nips/XieDCDZZ0P20,
  author       = {Yujia Xie and
                  Hanjun Dai and
                  Minshuo Chen and
                  Bo Dai and
                  Tuo Zhao and
                  Hongyuan Zha and
                  Wei Wei and
                  Tomas Pfister},
  editor       = {Hugo Larochelle and
                  Marc'Aurelio Ranzato and
                  Raia Hadsell and
                  Maria{-}Florina Balcan and
                  Hsuan{-}Tien Lin},
  title        = {Differentiable Top-k with Optimal Transport},
  booktitle    = {Advances in Neural Information Processing Systems 33: Annual Conference
                  on Neural Information Processing Systems 2020, NeurIPS 2020, December
                  6-12, 2020, virtual},
  year         = {2020},
  url          = {https://proceedings.neurips.cc/paper/2020/hash/ec24a54d62ce57ba93a531b460fa8d18-Abstract.html},
  timestamp    = {Thu, 29 Jun 2023 16:58:02 +0200},
  biburl       = {https://dblp.org/rec/conf/nips/XieDCDZZ0P20.bib},
  bibsource    = {dblp computer science bibliography, https://dblp.org}
}

@inproceedings{DBLP:conf/sigir/KhattabZ20,
  author       = {Omar Khattab and
                  Matei Zaharia},
  editor       = {Jimmy X. Huang and
                  Yi Chang and
                  Xueqi Cheng and
                  Jaap Kamps and
                  Vanessa Murdock and
                  Ji{-}Rong Wen and
                  Yiqun Liu},
  title        = {ColBERT: Efficient and Effective Passage Search via Contextualized
                  Late Interaction over {BERT}},
  booktitle    = {Proceedings of the 43rd International {ACM} {SIGIR} conference on
                  research and development in Information Retrieval, {SIGIR} 2020, Virtual
                  Event, China, July 25-30, 2020},
  pages        = {39--48},
  publisher    = {{ACM}},
  year         = {2020},
  url          = {https://doi.org/10.1145/3397271.3401075},
  doi          = {10.1145/3397271.3401075},
  timestamp    = {Sun, 19 Jan 2025 13:11:15 +0100},
  biburl       = {https://dblp.org/rec/conf/sigir/KhattabZ20.bib},
  bibsource    = {dblp computer science bibliography, https://dblp.org}
}

@inproceedings{DBLP:conf/sigir/SalemiZ24a,
  author       = {Alireza Salemi and
                  Hamed Zamani},
  editor       = {Grace Hui Yang and
                  Hongning Wang and
                  Sam Han and
                  Claudia Hauff and
                  Guido Zuccon and
                  Yi Zhang},
  title        = {Evaluating Retrieval Quality in Retrieval-Augmented Generation},
  booktitle    = {Proceedings of the 47th International {ACM} {SIGIR} Conference on
                  Research and Development in Information Retrieval, {SIGIR} 2024, Washington
                  DC, USA, July 14-18, 2024},
  pages        = {2395--2400},
  publisher    = {{ACM}},
  year         = {2024},
  url          = {https://doi.org/10.1145/3626772.3657957},
  doi          = {10.1145/3626772.3657957},
  timestamp    = {Sun, 19 Jan 2025 13:11:15 +0100},
  biburl       = {https://dblp.org/rec/conf/sigir/SalemiZ24a.bib},
  bibsource    = {dblp computer science bibliography, https://dblp.org}
}

@article{DBLP:journals/corr/abs-2405-18414,
  author       = {Jialin Dong and
                  Bahare Fatemi and
                  Bryan Perozzi and
                  Lin F. Yang and
                  Anton Tsitsulin},
  title        = {Don't Forget to Connect! Improving {RAG} with Graph-based Reranking},
  journal      = {CoRR},
  volume       = {abs/2405.18414},
  year         = {2024},
  url          = {https://doi.org/10.48550/arXiv.2405.18414},
  doi          = {10.48550/ARXIV.2405.18414},
  eprinttype    = {arXiv},
  eprint       = {2405.18414},
  timestamp    = {Fri, 21 Jun 2024 22:39:11 +0200},
  biburl       = {https://dblp.org/rec/journals/corr/abs-2405-18414.bib},
  bibsource    = {dblp computer science bibliography, https://dblp.org}
}

@article{DBLP:journals/ftir/RobertsonZ09,
  author       = {Stephen E. Robertson and
                  Hugo Zaragoza},
  title        = {The Probabilistic Relevance Framework: {BM25} and Beyond},
  journal      = {Found. Trends Inf. Retr.},
  volume       = {3},
  number       = {4},
  pages        = {333--389},
  year         = {2009},
  url          = {https://doi.org/10.1561/1500000019},
  doi          = {10.1561/1500000019},
  timestamp    = {Thu, 14 Oct 2021 08:51:12 +0200},
  biburl       = {https://dblp.org/rec/journals/ftir/RobertsonZ09.bib},
  bibsource    = {dblp computer science bibliography, https://dblp.org}
}

@article{DBLP:journals/jmlr/IzacardLLHPSDJRG23,
  author       = {Gautier Izacard and
                  Patrick S. H. Lewis and
                  Maria Lomeli and
                  Lucas Hosseini and
                  Fabio Petroni and
                  Timo Schick and
                  Jane Dwivedi{-}Yu and
                  Armand Joulin and
                  Sebastian Riedel and
                  Edouard Grave},
  title        = {Atlas: Few-shot Learning with Retrieval Augmented Language Models},
  journal      = {J. Mach. Learn. Res.},
  volume       = {24},
  pages        = {251:1--251:43},
  year         = {2023},
  url          = {https://jmlr.org/papers/v24/23-0037.html},
  timestamp    = {Wed, 11 Sep 2024 14:41:28 +0200},
  biburl       = {https://dblp.org/rec/journals/jmlr/IzacardLLHPSDJRG23.bib},
  bibsource    = {dblp computer science bibliography, https://dblp.org}
}

@article{DBLP:journals/tacl/TrivediBKS22,
  author       = {Harsh Trivedi and
                  Niranjan Balasubramanian and
                  Tushar Khot and
                  Ashish Sabharwal},
  title        = {MuSiQue: Multihop Questions via Single-hop Question
                  Composition},
  journal      = {Trans. Assoc. Comput. Linguistics},
  volume       = {10},
  pages        = {539--554},
  year         = {2022},
  url          = {https://doi.org/10.1162/tacl\_a\_00475},
  doi          = {10.1162/TACL\_A\_00475},
  timestamp    = {Wed, 19 Jun 2024 17:28:03 +0200},
  biburl       = {https://dblp.org/rec/journals/tacl/TrivediBKS22.bib},
  bibsource    = {dblp computer science bibliography, https://dblp.org}
}

