@ARTICLE{10509799,
  author={Yang, Hansi and Yao, Quanming and Han, Bo and Kwok, James T.},
  journal={IEEE Transactions on Pattern Analysis and Machine Intelligence}, 
  title={Searching to Exploit Memorization Effect in Deep Learning With Noisy Labels}, 
  year={2024},
  volume={46},
  number={12},
  pages={7833-7849}
  }

@inproceedings{arpit2017closer,
	Author = {Arpit, D. and Jastrzkbski, S. and Ballas, N. and Krueger, D. and Bengio, E. and Kanwal, M. and Maharaj, T. and Fischer, A. and Courville, A. and Bengio, Y.},
	Booktitle = {ICML},
	Pages = {233--242},
	Title = {A closer look at memorization in deep networks},
	Year = {2017}}

@article{chen2023sharegpt4v,
  title={Share{GPT4V}: Improving large multi-modal models with better captions},
  author={Chen, Lin and Li, Jisong and Dong, Xiaoyi and Zhang, Pan and He, Conghui and Wang, Jiaqi and Zhao, Feng and Lin, Dahua},
  journal={arXiv preprint arXiv:2311.12793},
  year={2023}
}

@article{chen2024allava,
  title={Allava: Harnessing gpt4v-synthesized data for a lite vision-language model},
  author={Chen, Guiming Hardy and Chen, Shunian and Zhang, Ruifei and Chen, Junying and Wu, Xiangbo and Zhang, Zhiyi and Chen, Zhihong and Li, Jianquan and Wan, Xiang and Wang, Benyou},
  journal={arXiv preprint arXiv:2402.11684},
  year={2024}
}

@article{chen2024expanding,
  title={Expanding performance boundaries of open-source multimodal models with model, data, and test-time scaling},
  author={Chen, Zhe and Wang, Weiyun and Cao, Yue and Liu, Yangzhou and Gao, Zhangwei and Cui, Erfei and Zhu, Jinguo and Ye, Shenglong and Tian, Hao and Liu, Zhaoyang and others},
  journal={arXiv preprint arXiv:2412.05271},
  year={2024}
}

@article{dubey2024llama,
  title={The {Llama} 3 herd of models},
  author={Dubey, Abhimanyu and Jauhri, Abhinav and Pandey, Abhinav and Kadian, Abhishek and Al-Dahle, Ahmad and Letman, Aiesha and Mathur, Akhil and Schelten, Alan and Yang, Amy and Fan, Angela and others},
  journal={arXiv preprint arXiv:2407.21783},
  year={2024}
}

@inproceedings{ghosh2017robust,
  title={Robust loss functions under label noise for deep neural networks},
  author={Ghosh, Aritra and Kumar, Himanshu and Sastry, P Shanti},
  booktitle={Proceedings of the AAAI conference on artificial intelligence},
  volume={31},
  number={1},
  year={2017}
}

@inproceedings{han2018co,
	Author = {Han, Bo and Yao, Quanming and Yu, Xingrui and Niu, Gang and Xu, Miao and Hu, Weihua and Tsang, Ivor and Sugiyama, Masashi},
	Booktitle = {NIPS},
	Pages = {8527--8537},
	Title = {Co-teaching: Robust training of deep neural networks with extremely noisy labels},
	Year = {2018}}

@article{han2020survey,
	Author = {Han, Bo and Yao, Quanming and Liu, Tongliang and Niu, Gang and Tsang, Ivor W and Kwok, James T and Sugiyama, Masashi},
	Journal = {arXiv preprint arXiv:2011.04406},
	Title = {A survey of label-noise representation learning: Past, present and future},
	Year = {2020}}

@inproceedings{jiang2018mentornet,
	Author = {Jiang, Lu and Zhou, Z. and Leung, T. and Li, J. and Li, Fei-Fei},
	Booktitle = {ICML},
	Pages = {2309--2318},
	Title = {{MentorNet}: Learning Data-Driven Curriculum for Very Deep Neural Networks on Corrupted Labels},
	Year = {2018}}

@article{li2025eagle,
  title={Eagle 2: Building Post-Training Data Strategies from Scratch for Frontier Vision-Language Models},
  author={Li, Zhiqi and Chen, Guo and Liu, Shilong and Wang, Shihao and VS, Vibashan and Ji, Yishen and Lan, Shiyi and Zhang, Hao and Zhao, Yilin and Radhakrishnan, Subhashree and others},
  journal={arXiv preprint arXiv:2501.14818},
  year={2025}
}

@inproceedings{menon2019can,
	Author = {Menon, Aditya Krishna and Rawat, Ankit Singh and Reddi, Sashank J and Kumar, Sanjiv},
	Booktitle = {ICLR},
	Title = {Can gradient clipping mitigate label noise?},
	Year = {2019}}

@inproceedings{tanaka2018joint,
	Author = {Tanaka, Daiki and Ikami, Daiki and Yamasaki, Toshihiko and Aizawa, Kiyoharu},
	Booktitle = {CVPR},
	Title = {Joint optimization framework for learning with noisy labels},
	Year = {2018}}

@inproceedings{wei2020combating,
	Author = {Wei, Hongxin and Feng, Lei and Chen, Xiangyu and An, Bo},
	Booktitle = {CVPR},
	Pages = {13726--13735},
	Title = {Combating noisy labels by agreement: A joint training method with co-regularization},
	Year = {2020}}

@article{wu2024deepseek,
  title={Deepseek-vl2: Mixture-of-experts vision-language models for advanced multimodal understanding},
  author={Wu, Zhiyu and Chen, Xiaokang and Pan, Zizheng and Liu, Xingchao and Liu, Wen and Dai, Damai and Gao, Huazuo and Ma, Yiyang and Wu, Chengyue and Wang, Bingxuan and others},
  journal={arXiv preprint arXiv:2412.10302},
  year={2024}
}

@article{xiong2024llava,
  title={Llava-critic: Learning to evaluate multimodal models},
  author={Xiong, Tianyi and Wang, Xiyao and Guo, Dong and Ye, Qinghao and Fan, Haoqi and Gu, Quanquan and Huang, Heng and Li, Chunyuan},
  journal={arXiv preprint arXiv:2410.02712},
  year={2024}
}

@inproceedings{yao2020searching,
	Author = {Yao, Quanming and Yang, Hansi and Han, Bo and Niu, Gang and Kwok, James},
	Booktitle = {ICML},
	Title = {Searching to Exploit Memorization Effect in Learning from Corrupted Labels},
	Year = {2020}}

@inproceedings{yi2019probabilistic,
	Author = {Yi, Kun and Wu, Jianxin},
	Booktitle = {CVPR},
	Title = {Probabilistic end-to-end noise correction for learning with noisy labels},
	Year = {2019}}

@inproceedings{zhang2016understanding,
	Author = {Zhang, Chiyuan and Bengio, Samy and Hardt, Moritz and Recht, Benjamin and Vinyals, Oriol},
	Booktitle = {ICLR},
	Title = {Understanding deep learning requires rethinking generalization},
	Year = {2017}}

@inproceedings{zhang2018generalized,
	Author = {Zhang, Zhilu and Sabuncu, Mert},
	Booktitle = {NeurIPS},
	Title = {Generalized cross entropy loss for training deep neural networks with noisy labels},
	Year = {2018}}

@inproceedings{zhang2020distilling,
	Author = {Zhang, Z. and Zhang, H. and Arik, S. and Lee, H. and Pfister, T.},
	Booktitle = {CVPR},
	Title = {Distilling Effective Supervision from Severe Label Noise},
	Year = {2020}}

