@inproceedings{3D-CNN,
  title={Learning spatiotemporal features with 3d convolutional networks},
  author={Tran, Du and Bourdev, Lubomir and Fergus, Rob and Torresani, Lorenzo and Paluri, Manohar},
  booktitle={Proceedings of the IEEE international conference on computer vision},
  pages={4489--4497},
  year={2015}
}

@InProceedings{AIGCVQA,
    author    = {Lu, Yiting and Li, Xin and Li, Bingchen and Yu, Zihao and Guan, Fengbin and Wang, Xinrui and Liao, Ruling and Ye, Yan and Chen, Zhibo},
    title     = {AIGC-VQA: A Holistic Perception Metric for AIGC Video Quality Assessment},
    booktitle = {Proceedings of the IEEE/CVF Conference on Computer Vision and Pattern Recognition (CVPR) Workshops},
    month     = {June},
    year      = {2024},
    pages     = {6384-6394}
}

@InProceedings{SFIQA,
    author    = {Yu, Zihao and Guan, Fengbin and Lu, Yiting and Li, Xin and Chen, Zhibo},
    title     = {SF-IQA: Quality and Similarity Integration for AI Generated Image Quality Assessment},
    booktitle = {Proceedings of the IEEE/CVF Conference on Computer Vision and Pattern Recognition (CVPR) Workshops},
    month     = {June},
    year      = {2024},
    pages     = {6692-6701}
}

@article{SwinVQA,
  title={Video quality assessment based on swin transformerv2 and coarse to fine strategy},
  author={Yu, Zihao and Guan, Fengbin and Lu, Yiting and Li, Xin and Chen, Zhibo},
  journal={arXiv preprint arXiv:2401.08522},
  year={2024}
}

@inproceedings{fastVQA,
  title={Fast-vqa: Efficient end-to-end video quality assessment with fragment sampling},
  author={Wu, Haoning and Chen, Chaofeng and Hou, Jingwen and Liao, Liang and Wang, Annan and Sun, Wenxiu and Yan, Qiong and Lin, Weisi},
  booktitle={European conference on computer vision},
  pages={538--554},
  year={2022},
  organization={Springer}
}

@article{internvideo,
  title={Internvideo: General video foundation models via generative and discriminative learning},
  author={Wang, Yi and Li, Kunchang and Li, Yizhuo and He, Yinan and Huang, Bingkun and Zhao, Zhiyu and Zhang, Hongjie and Xu, Jilan and Liu, Yi and Wang, Zun and others},
  journal={arXiv preprint arXiv:2212.03191},
  year={2022}
}

@article{internvideo2,
  title={Internvideo2: Scaling video foundation models for multimodal video understanding},
  author={Wang, Yi and Li, Kunchang and Li, Xinhao and Yu, Jiashuo and He, Yinan and Chen, Guo and Pei, Baoqi and Zheng, Rongkun and Xu, Jilan and Wang, Zun and others},
  journal={arXiv preprint arXiv:2403.15377},
  year={2024}
}

@article{korhonen2019two,
  title={Two-level approach for no-reference consumer video quality assessment},
  author={Korhonen, Jari},
  journal={IEEE Transactions on Image Processing},
  volume={28},
  number={12},
  pages={5923--5938},
  year={2019},
  publisher={IEEE}
}

@article{kvq,
  title={Kvq: Kaleidoscope video quality assessment for short-form videos},
  author={Lu, Yiting and Li, Xin and Pei, Yajing and Yuan, Kun and Xie, Qizhi and Qu, Yunpeng and Sun, Ming and Zhou, Chao and Chen, Zhibo},
  journal={arXiv preprint arXiv:2402.07220},
  year={2024}
}

@inproceedings{liao2022exploring,
  title={Exploring the effectiveness of video perceptual representation in blind video quality assessment},
  author={Liao, Liang and Xu, Kangmin and Wu, Haoning and Chen, Chaofeng and Sun, Wenxiu and Yan, Qiong and Lin, Weisi},
  booktitle={Proceedings of the 30th ACM international conference on multimedia},
  pages={837--846},
  year={2022}
}

@article{mittal2015completely,
  title={A completely blind video integrity oracle},
  author={Mittal, Anish and Saad, Michele A and Bovik, Alan C},
  journal={IEEE Transactions on Image Processing},
  volume={25},
  number={1},
  pages={289--300},
  year={2015},
  publisher={IEEE}
}

@inproceedings{simpleVQA,
  title={A deep learning based no-reference quality assessment model for ugc videos},
  author={Sun, Wei and Min, Xiongkuo and Lu, Wei and Zhai, Guangtao},
  booktitle={Proceedings of the 30th ACM International Conference on Multimedia},
  pages={856--865},
  year={2022}
}

@inproceedings{swin3D,
  title={Video swin transformer},
  author={Liu, Ze and Ning, Jia and Cao, Yue and Wei, Yixuan and Zhang, Zheng and Lin, Stephen and Hu, Han},
  booktitle={Proceedings of the IEEE/CVF conference on computer vision and pattern recognition},
  pages={3202--3211},
  year={2022}
}

@article{uniformer,
  title={Uniformer: Unifying convolution and self-attention for visual recognition},
  author={Li, Kunchang and Wang, Yali and Zhang, Junhao and Gao, Peng and Song, Guanglu and Liu, Yu and Li, Hongsheng and Qiao, Yu},
  journal={IEEE Transactions on Pattern Analysis and Machine Intelligence},
  volume={45},
  number={10},
  pages={12581--12600},
  year={2023},
  publisher={IEEE}
}

@misc{uniformerv2,
      title={UniFormerV2: Spatiotemporal Learning by Arming Image ViTs with Video UniFormer}, 
      author={Kunchang Li and Yali Wang and Yinan He and Yizhuo Li and Yi Wang and Limin Wang and Yu Qiao},
      year={2022},
      eprint={2211.09552},
      archivePrefix={arXiv},
      primaryClass={cs.CV}
}

