@article{BVIHD,
  title={BVI-HD: A video quality database for HEVC compressed and texture synthesized content},
  author={Zhang, Fan and Moss, Felix Mercer and Baddeley, Roland and Bull, David R},
  journal={IEEE Transactions on Multimedia},
  volume={20},
  number={10},
  pages={2620--2630},
  year={2018},
  publisher={IEEE}
}


@inproceedings{Waterloo4K,
  title={AVC, HEVC, VP9, AVS2 OR AV1?—A comparative study of state-of-the-art video encoders on 4K videos},
  author={Li, Zhuoran and Duanmu, Zhengfang and Liu, Wentao and Wang, Zhou},
  booktitle={Image Analysis and Recognition: 16th International Conference, ICIAR 2019, Waterloo, ON, Canada, August 27--29, 2019, Proceedings, Part I 16},
  pages={162--173},
  year={2019},
  organization={Springer}
}


@article{internvideo2,
  title={Internvideo2: Scaling video foundation models for multimodal video understanding},
  author={Wang, Yi and Li, Kunchang and Li, Xinhao and Yu, Jiashuo and He, Yinan and Chen, Guo and Pei, Baoqi and Zheng, Rongkun and Xu, Jilan and Wang, Zun and others},
  journal={arXiv preprint arXiv:2403.15377},
  year={2024}
}
@inproceedings{3D-CNN,
  title={Learning spatiotemporal features with 3d convolutional networks},
  author={Tran, Du and Bourdev, Lubomir and Fergus, Rob and Torresani, Lorenzo and Paluri, Manohar},
  booktitle={Proceedings of the IEEE international conference on computer vision},
  pages={4489--4497},
  year={2015}
}
@inproceedings{swin3D,
  title={Video swin transformer},
  author={Liu, Ze and Ning, Jia and Cao, Yue and Wei, Yixuan and Zhang, Zheng and Lin, Stephen and Hu, Han},
  booktitle={Proceedings of the IEEE/CVF conference on computer vision and pattern recognition},
  pages={3202--3211},
  year={2022}
}
@inproceedings{simpleVQA,
  title={A deep learning based no-reference quality assessment model for ugc videos},
  author={Sun, Wei and Min, Xiongkuo and Lu, Wei and Zhai, Guangtao},
  booktitle={Proceedings of the 30th ACM International Conference on Multimedia},
  pages={856--865},
  year={2022}
}
@inproceedings{fastVQA,
  title={Fast-vqa: Efficient end-to-end video quality assessment with fragment sampling},
  author={Wu, Haoning and Chen, Chaofeng and Hou, Jingwen and Liao, Liang and Wang, Annan and Sun, Wenxiu and Yan, Qiong and Lin, Weisi},
  booktitle={European conference on computer vision},
  pages={538--554},
  year={2022},
  organization={Springer}
}
@article{mittal2015completely,
  title={A completely blind video integrity oracle},
  author={Mittal, Anish and Saad, Michele A and Bovik, Alan C},
  journal={IEEE Transactions on Image Processing},
  volume={25},
  number={1},
  pages={289--300},
  year={2015},
  publisher={IEEE}
}

@article{Qmamba,
  title={Q-Mamba: On First Exploration of Vision Mamba for Image Quality Assessment},
  author={Guan, Fengbin and Li, Xin and Yu, Zihao and Lu, Yiting and Chen, Zhibo},
  journal={arXiv preprint arXiv:2406.09546},
  year={2024}
}

@inproceedings{MDVQA,
  title={MD-VQA: Multi-dimensional quality assessment for UGC live videos},
  author={Zhang, Zicheng and Wu, Wei and Sun, Wei and Tu, Danyang and Lu, Wei and Min, Xiongkuo and Chen, Ying and Zhai, Guangtao},
  booktitle={Proceedings of the IEEE/CVF Conference on Computer Vision and Pattern Recognition},
  pages={1746--1755},
  year={2023}
}


@article{korhonen2019two,
  title={Two-level approach for no-reference consumer video quality assessment},
  author={Korhonen, Jari},
  journal={IEEE Transactions on Image Processing},
  volume={28},
  number={12},
  pages={5923--5938},
  year={2019},
  publisher={IEEE}
}
@article{tu2021ugc,
  title={UGC-VQA: Benchmarking blind video quality assessment for user generated content},
  author={Tu, Zhengzhong and Wang, Yilin and Birkbeck, Neil and Adsumilli, Balu and Bovik, Alan C},
  journal={IEEE Transactions on Image Processing},
  volume={30},
  pages={4449--4464},
  year={2021},
  publisher={IEEE}
}
@article{tu2021rapique,
  title={RAPIQUE: Rapid and accurate video quality prediction of user generated content},
  author={Tu, Zhengzhong and Yu, Xiangxu and Wang, Yilin and Birkbeck, Neil and Adsumilli, Balu and Bovik, Alan C},
  journal={IEEE Open Journal of Signal Processing},
  volume={2},
  pages={425--440},
  year={2021},
  publisher={IEEE}
}
@inproceedings{korhonen2020blind,
  title={Blind natural video quality prediction via statistical temporal features and deep spatial features},
  author={Korhonen, Jari and Su, Yicheng and You, Junyong},
  booktitle={Proceedings of the 28th ACM International Conference on Multimedia},
  pages={3311--3319},
  year={2020}
}
@article{kvq,
  title={Kvq: Kaleidoscope video quality assessment for short-form videos},
  author={Lu, Yiting and Li, Xin and Pei, Yajing and Yuan, Kun and Xie, Qizhi and Qu, Yunpeng and Sun, Ming and Zhou, Chao and Chen, Zhibo},
  journal={arXiv preprint arXiv:2402.07220},
  year={2024}
}
@article{uniformer,
  title={Uniformer: Unifying convolution and self-attention for visual recognition},
  author={Li, Kunchang and Wang, Yali and Zhang, Junhao and Gao, Peng and Song, Guanglu and Liu, Yu and Li, Hongsheng and Qiao, Yu},
  journal={IEEE Transactions on Pattern Analysis and Machine Intelligence},
  volume={45},
  number={10},
  pages={12581--12600},
  year={2023},
  publisher={IEEE}
}
@misc{uniformerv2,
      title={UniFormerV2: Spatiotemporal Learning by Arming Image ViTs with Video UniFormer}, 
      author={Kunchang Li and Yali Wang and Yinan He and Yizhuo Li and Yi Wang and Limin Wang and Yu Qiao},
      year={2022},
      eprint={2211.09552},
      archivePrefix={arXiv},
      primaryClass={cs.CV}
}
@article{internvideo,
  title={Internvideo: General video foundation models via generative and discriminative learning},
  author={Wang, Yi and Li, Kunchang and Li, Yizhuo and He, Yinan and Huang, Bingkun and Zhao, Zhiyu and Zhang, Hongjie and Xu, Jilan and Liu, Yi and Wang, Zun and others},
  journal={arXiv preprint arXiv:2212.03191},
  year={2022}
}




@article{SwinVQA,
  title={Video quality assessment based on swin transformerv2 and coarse to fine strategy},
  author={Yu, Zihao and Guan, Fengbin and Lu, Yiting and Li, Xin and Chen, Zhibo},
  journal={arXiv preprint arXiv:2401.08522},
  year={2024}
}


@article{discovqa,
  title={Discovqa: Temporal distortion-content transformers for video quality assessment},
  author={Wu, Haoning and Chen, Chaofeng and Liao, Liang and Hou, Jingwen and Sun, Wenxiu and Yan, Qiong and Lin, Weisi},
  journal={IEEE Transactions on Circuits and Systems for Video Technology},
  volume={33},
  number={9},
  pages={4840--4854},
  year={2023},
  publisher={IEEE}
}

@inproceedings{yuan2023capturing,
  title={Capturing Co-existing Distortions in User-Generated Content for No-reference Video Quality Assessment},
  author={Yuan, Kun and Kong, Zishang and Zheng, Chuanchuan and Sun, Ming and Wen, Xing},
  booktitle={Proceedings of the 31st ACM International Conference on Multimedia},
  pages={1098--1107},
  year={2023}
}



@article{knowledgedistillation,
  title={Knowledge distillation: A survey},
  author={Gou, Jianping and Yu, Baosheng and Maybank, Stephen J and Tao, Dacheng},
  journal={International Journal of Computer Vision},
  volume={129},
  number={6},
  pages={1789--1819},
  year={2021},
  publisher={Springer}
}

@inproceedings{efficacydistillation2,
  title={On the efficacy of knowledge distillation},
  author={Cho, Jang Hyun and Hariharan, Bharath},
  booktitle={Proceedings of the IEEE/CVF international conference on computer vision},
  pages={4794--4802},
  year={2019}
}


@article{plcc,
  title={Pearson’s correlation coefficient},
  author={Sedgwick, Philip},
  journal={Bmj},
  volume={345},
  year={2012},
  publisher={British Medical Journal Publishing Group}
}


@article{srcc,
  title={Spearman’s rank correlation coefficient},
  author={Sedgwick, Philip},
  journal={Bmj},
  volume={349},
  year={2014},
  publisher={British Medical Journal Publishing Group}
}
@inproceedings{liao2022exploring,
  title={Exploring the effectiveness of video perceptual representation in blind video quality assessment},
  author={Liao, Liang and Xu, Kangmin and Wu, Haoning and Chen, Chaofeng and Sun, Wenxiu and Yan, Qiong and Lin, Weisi},
  booktitle={Proceedings of the 30th ACM international conference on multimedia},
  pages={837--846},
  year={2022}
}

@InProceedings{SFIQA,
    author    = {Yu, Zihao and Guan, Fengbin and Lu, Yiting and Li, Xin and Chen, Zhibo},
    title     = {SF-IQA: Quality and Similarity Integration for AI Generated Image Quality Assessment},
    booktitle = {Proceedings of the IEEE/CVF Conference on Computer Vision and Pattern Recognition (CVPR) Workshops},
    month     = {June},
    year      = {2024},
    pages     = {6692-6701}
}
@InProceedings{AIGCVQA,
    author    = {Lu, Yiting and Li, Xin and Li, Bingchen and Yu, Zihao and Guan, Fengbin and Wang, Xinrui and Liao, Ruling and Ye, Yan and Chen, Zhibo},
    title     = {AIGC-VQA: A Holistic Perception Metric for AIGC Video Quality Assessment},
    booktitle = {Proceedings of the IEEE/CVF Conference on Computer Vision and Pattern Recognition (CVPR) Workshops},
    month     = {June},
    year      = {2024},
    pages     = {6384-6394}
}