@article{papernot2018cleverhans,
  title={Technical Report on the CleverHans v2.1.0 Adversarial Examples Library},
  author={Nicolas Papernot and Fartash Faghri and Nicholas Carlini and
  Ian Goodfellow and Reuben Feinman and Alexey Kurakin and Cihang Xie and
  Yash Sharma and Tom Brown and Aurko Roy and Alexander Matyasko and
  Vahid Behzadan and Karen Hambardzumyan and Zhishuai Zhang and
  Yi-Lin Juang and Zhi Li and Ryan Sheatsley and Abhibhav Garg and
  Jonathan Uesato and Willi Gierke and Yinpeng Dong and David Berthelot and
  Paul Hendricks and Jonas Rauber and Rujun Long},
  journal={arXiv preprint arXiv:1610.00768},
  year={2018}
}

@article{xiao2018generating,
  title={Generating adversarial examples with adversarial networks},
  author={Xiao, Chaowei and Li, Bo and Zhu, Jun-Yan and He, Warren and Liu, Mingyan and Song, Dawn},
  journal={arXiv preprint arXiv:1801.02610},
  year={2018}
}

@inproceedings{carlini2017towards,
  title={Towards evaluating the robustness of neural networks},
  author={Carlini, Nicholas and Wagner, David},
  booktitle={2017 ieee symposium on security and privacy (sp)},
  pages={39--57},
  year={2017},
  organization={Ieee}
}

@article{liu2016delving,
  title={Delving into transferable adversarial examples and black-box attacks},
  author={Liu, Yanpei and Chen, Xinyun and Liu, Chang and Song, Dawn},
  journal={arXiv preprint arXiv:1611.02770},
  year={2016}
}

@inproceedings{isola2017image,
  title={Image-to-image translation with conditional adversarial networks},
  author={Isola, Phillip and Zhu, Jun-Yan and Zhou, Tinghui and Efros, Alexei A},
  booktitle={Proceedings of the IEEE conference on computer vision and pattern recognition},
  pages={1125--1134},
  year={2017}
}

@article{ahmed1974discrete,
  title={Discrete cosine transform},
  author={Ahmed, Nasir and Natarajan, T\_ and Rao, Kamisetty R},
  journal={IEEE transactions on Computers},
  volume={100},
  number={1},
  pages={90--93},
  year={1974},
  publisher={IEEE}
}

@inproceedings{duan2021advdrop,
  title={Advdrop: Adversarial attack to dnns by dropping information},
  author={Duan, Ranjie and Chen, Yuefeng and Niu, Dantong and Yang, Yun and Qin, A Kai and He, Yuan},
  booktitle={Proceedings of the IEEE/CVF International Conference on Computer Vision},
  pages={7506--7515},
  year={2021}
}

@inproceedings{long2022frequency,
  title={Frequency domain model augmentation for adversarial attack},
  author={Long, Yuyang and Zhang, Qilong and Zeng, Boheng and Gao, Lianli and Liu, Xianglong and Zhang, Jian and Song, Jingkuan},
  booktitle={Computer Vision--ECCV 2022: 17th European Conference, Tel Aviv, Israel, October 23--27, 2022, Proceedings, Part IV},
  pages={549--566},
  year={2022},
  organization={Springer}
}

@inproceedings{li2020learning,
  title={On the learning property of logistic and softmax losses for deep neural networks},
  author={Li, Xiangrui and Li, Xin and Pan, Deng and Zhu, Dongxiao},
  booktitle={Proceedings of the AAAI Conference on Artificial Intelligence},
  volume={34},
  number={04},
  pages={4739--4746},
  year={2020}
}

@inproceedings{qiang2020toward,
  title={Toward tag-free aspect based sentiment analysis: A multiple attention network approach},
  author={Qiang, Yao and Li, Xin and Zhu, Dongxiao},
  booktitle={2020 International Joint Conference on Neural Networks (IJCNN)},
  pages={1--8},
  year={2020},
  organization={IEEE}
}

@article{pan2020explainable,
  title={Explainable recommendation via interpretable feature mapping and evaluation of explainability},
  author={Pan, Deng and Li, Xiangrui and Li, Xin and Zhu, Dongxiao},
  journal={arXiv preprint arXiv:2007.06133},
  year={2020}
}

@article{szegedy2013intriguing,
  title={Intriguing properties of neural networks},
  author={Szegedy, Christian and Zaremba, Wojciech and Sutskever, Ilya and Bruna, Joan and Erhan, Dumitru and Goodfellow, Ian and Fergus, Rob},
  journal={arXiv preprint arXiv:1312.6199},
  year={2013}
}

@article{ma2021understanding,
  title={Understanding adversarial attacks on deep learning based medical image analysis systems},
  author={Ma, Xingjun and Niu, Yuhao and Gu, Lin and Wang, Yisen and Zhao, Yitian and Bailey, James and Lu, Feng},
  journal={Pattern Recognition},
  volume={110},
  pages={107332},
  year={2021},
  publisher={Elsevier}
}

@inproceedings{deng2020analysis,
  title={An analysis of adversarial attacks and defenses on autonomous driving models},
  author={Deng, Yao and Zheng, Xi and Zhang, Tianyi and Chen, Chen and Lou, Guannan and Kim, Miryung},
  booktitle={2020 IEEE international conference on pervasive computing and communications (PerCom)},
  pages={1--10},
  year={2020},
  organization={IEEE}
}

@inproceedings{xie2021enabling,
  title={Enabling fast and universal audio adversarial attack using generative model},
  author={Xie, Yi and Li, Zhuohang and Shi, Cong and Liu, Jian and Chen, Yingying and Yuan, Bo},
  booktitle={Proceedings of the AAAI Conference on Artificial Intelligence},
  volume={35},
  number={16},
  pages={14129--14137},
  year={2021}
}

@article{song2017pixeldefend,
  title={Pixeldefend: Leveraging generative models to understand and defend against adversarial examples},
  author={Song, Yang and Kim, Taesup and Nowozin, Sebastian and Ermon, Stefano and Kushman, Nate},
  journal={arXiv preprint arXiv:1710.10766},
  year={2017}
}

@article{ren2020generating,
  title={Generating natural language adversarial examples on a large scale with generative models},
  author={Ren, Yankun and Lin, Jianbin and Tang, Siliang and Zhou, Jun and Yang, Shuang and Qi, Yuan and Ren, Xiang},
  journal={arXiv preprint arXiv:2003.10388},
  year={2020}
}

@article{goodfellow2020generative,
  title={Generative adversarial networks},
  author={Goodfellow, Ian and Pouget-Abadie, Jean and Mirza, Mehdi and Xu, Bing and Warde-Farley, David and Ozair, Sherjil and Courville, Aaron and Bengio, Yoshua},
  journal={Communications of the ACM},
  volume={63},
  number={11},
  pages={139--144},
  year={2020},
  publisher={ACM New York, NY, USA}
}

@inproceedings{sablayrolles2019white,
  title={White-box vs black-box: Bayes optimal strategies for membership inference},
  author={Sablayrolles, Alexandre and Douze, Matthijs and Schmid, Cordelia and Ollivier, Yann and J{\'e}gou, Herv{\'e}},
  booktitle={International Conference on Machine Learning},
  pages={5558--5567},
  year={2019},
  organization={PMLR}
}

@inproceedings{papernot2017practical,
  title={Practical black-box attacks against machine learning},
  author={Papernot, Nicolas and McDaniel, Patrick and Goodfellow, Ian and Jha, Somesh and Celik, Z Berkay and Swami, Ananthram},
  booktitle={Proceedings of the 2017 ACM on Asia conference on computer and communications security},
  pages={506--519},
  year={2017}
}

@article{papernot2016transferability,
  title={Transferability in machine learning: from phenomena to black-box attacks using adversarial samples},
  author={Papernot, Nicolas and McDaniel, Patrick and Goodfellow, Ian},
  journal={arXiv preprint arXiv:1605.07277},
  year={2016}
}

@article{hinton2015distilling,
  title={Distilling the knowledge in a neural network},
  author={Hinton, Geoffrey and Vinyals, Oriol and Dean, Jeff},
  journal={arXiv preprint arXiv:1503.02531},
  year={2015}
}

@article{madry2017towards,
  title={Towards deep learning models resistant to adversarial attacks},
  author={Madry, Aleksander and Makelov, Aleksandar and Schmidt, Ludwig and Tsipras, Dimitris and Vladu, Adrian},
  journal={arXiv preprint arXiv:1706.06083},
  year={2017}
}

@article{cheng2019improving,
  title={Improving black-box adversarial attacks with a transfer-based prior},
  author={Cheng, Shuyu and Dong, Yinpeng and Pang, Tianyu and Su, Hang and Zhu, Jun},
  journal={Advances in neural information processing systems},
  volume={32},
  year={2019}
}

@article{qin2021random,
  title={Random noise defense against query-based black-box attacks},
  author={Qin, Zeyu and Fan, Yanbo and Zha, Hongyuan and Wu, Baoyuan},
  journal={Advances in Neural Information Processing Systems},
  volume={34},
  pages={7650--7663},
  year={2021}
}

@inproceedings{xie2022improving,
  title={Improving the Transferability of Adversarial Examples by Using Generative Adversarial Networks and Data Enhancement},
  author={Xie, Pengfei and Shi, Shuhao and Xie, Wanjing and Qin, Ruoxi and Hai, Jinjin and Wang, Linyuan and Chen, Jian and Hu, Guoen and Yan, Bin},
  booktitle={Journal of Physics: Conference Series},
  volume={2203},
  number={1},
  pages={012026},
  year={2022},
  organization={IOP Publishing}
}

@incollection{kurakin2018adversarial,
  title={Adversarial examples in the physical world},
  author={Kurakin, Alexey and Goodfellow, Ian J and Bengio, Samy},
  booktitle={Artificial intelligence safety and security},
  pages={99--112},
  year={2018},
  publisher={Chapman and Hall/CRC}
}

@inproceedings{dong2018boosting,
  title={Boosting adversarial attacks with momentum},
  author={Dong, Yinpeng and Liao, Fangzhou and Pang, Tianyu and Su, Hang and Zhu, Jun and Hu, Xiaolin and Li, Jianguo},
  booktitle={Proceedings of the IEEE conference on computer vision and pattern recognition},
  pages={9185--9193},
  year={2018}
}

@inproceedings{xie2019improving,
  title={Improving transferability of adversarial examples with input diversity},
  author={Xie, Cihang and Zhang, Zhishuai and Zhou, Yuyin and Bai, Song and Wang, Jianyu and Ren, Zhou and Yuille, Alan L},
  booktitle={Proceedings of the IEEE/CVF Conference on Computer Vision and Pattern Recognition},
  pages={2730--2739},
  year={2019}
}

@article{goodfellow2014explaining,
  title={Explaining and harnessing adversarial examples},
  author={Goodfellow, Ian J and Shlens, Jonathon and Szegedy, Christian},
  journal={arXiv preprint arXiv:1412.6572},
  year={2014}
}

@inproceedings{papernot2016limitations,
  title={The limitations of deep learning in adversarial settings},
  author={Papernot, Nicolas and McDaniel, Patrick and Jha, Somesh and Fredrikson, Matt and Celik, Z Berkay and Swami, Ananthram},
  booktitle={2016 IEEE European symposium on security and privacy (EuroS\&P)},
  pages={372--387},
  year={2016},
  organization={IEEE}
}

@inproceedings{andriushchenko2020square,
  title={Square attack: a query-efficient black-box adversarial attack via random search},
  author={Andriushchenko, Maksym and Croce, Francesco and Flammarion, Nicolas and Hein, Matthias},
  booktitle={Computer Vision--ECCV 2020: 16th European Conference, Glasgow, UK, August 23--28, 2020, Proceedings, Part XXIII},
  pages={484--501},
  year={2020},
  organization={Springer}
}

@inproceedings{ilyas2018black,
  title={Black-box adversarial attacks with limited queries and information},
  author={Ilyas, Andrew and Engstrom, Logan and Athalye, Anish and Lin, Jessy},
  booktitle={International conference on machine learning},
  pages={2137--2146},
  year={2018},
  organization={PMLR}
}

@article{ilyas2018prior,
  title={Prior convictions: Black-box adversarial attacks with bandits and priors},
  author={Ilyas, Andrew and Engstrom, Logan and Madry, Aleksander},
  journal={arXiv preprint arXiv:1807.07978},
  year={2018}
}

@inproceedings{li2020qeba,
  title={Qeba: Query-efficient boundary-based blackbox attack},
  author={Li, Huichen and Xu, Xiaojun and Zhang, Xiaolu and Yang, Shuang and Li, Bo},
  booktitle={Proceedings of the IEEE/CVF conference on computer vision and pattern recognition},
  pages={1221--1230},
  year={2020}
}

@article{lin2019nesterov,
  title={Nesterov accelerated gradient and scale invariance for adversarial attacks},
  author={Lin, Jiadong and Song, Chuanbiao and He, Kun and Wang, Liwei and Hopcroft, John E},
  journal={arXiv preprint arXiv:1908.06281},
  year={2019}
}

@inproceedings{wang2021enhancing,
  title={Enhancing the transferability of adversarial attacks through variance tuning},
  author={Wang, Xiaosen and He, Kun},
  booktitle={Proceedings of the IEEE/CVF Conference on Computer Vision and Pattern Recognition},
  pages={1924--1933},
  year={2021}
}

@inproceedings{dong2019evading,
  title={Evading defenses to transferable adversarial examples by translation-invariant attacks},
  author={Dong, Yinpeng and Pang, Tianyu and Su, Hang and Zhu, Jun},
  booktitle={Proceedings of the IEEE/CVF Conference on Computer Vision and Pattern Recognition},
  pages={4312--4321},
  year={2019}
}

@inproceedings{gao2020patch,
  title={Patch-wise attack for fooling deep neural network},
  author={Gao, Lianli and Zhang, Qilong and Song, Jingkuan and Liu, Xianglong and Shen, Heng Tao},
  booktitle={Computer Vision--ECCV 2020: 16th European Conference, Glasgow, UK, August 23--28, 2020, Proceedings, Part XXVIII 16},
  pages={307--322},
  year={2020},
  organization={Springer}
}

@article{naseer2018task,
  title={Task-generalizable adversarial attack based on perceptual metric},
  author={Naseer, Muzammal and Khan, Salman H and Rahman, Shafin and Porikli, Fatih},
  journal={arXiv preprint arXiv:1811.09020},
  year={2018}
}

@inproceedings{ganeshan2019fda,
  title={Fda: Feature disruptive attack},
  author={Ganeshan, Aditya and BS, Vivek and Babu, R Venkatesh},
  booktitle={Proceedings of the IEEE/CVF International Conference on Computer Vision},
  pages={8069--8079},
  year={2019}
}

@inproceedings{wang2021feature,
  title={Feature importance-aware transferable adversarial attacks},
  author={Wang, Zhibo and Guo, Hengchang and Zhang, Zhifei and Liu, Wenxin and Qin, Zhan and Ren, Kui},
  booktitle={Proceedings of the IEEE/CVF international conference on computer vision},
  pages={7639--7648},
  year={2021}
}

@inproceedings{zhang2022improving,
  title={Improving adversarial transferability via neuron attribution-based attacks},
  author={Zhang, Jianping and Wu, Weibin and Huang, Jen-tse and Huang, Yizhan and Wang, Wenxuan and Su, Yuxin and Lyu, Michael R},
  booktitle={Proceedings of the IEEE/CVF Conference on Computer Vision and Pattern Recognition},
  pages={14993--15002},
  year={2022}
}

@article{russakovsky2015imagenet,
  title={Imagenet large scale visual recognition challenge},
  author={Russakovsky, Olga and Deng, Jia and Su, Hao and Krause, Jonathan and Satheesh, Sanjeev and Ma, Sean and Huang, Zhiheng and Karpathy, Andrej and Khosla, Aditya and Bernstein, Michael and others},
  journal={International journal of computer vision},
  volume={115},
  pages={211--252},
  year={2015},
  publisher={Springer}
}

@inproceedings{szegedy2016rethinking,
  title={Rethinking the inception architecture for computer vision},
  author={Szegedy, Christian and Vanhoucke, Vincent and Ioffe, Sergey and Shlens, Jon and Wojna, Zbigniew},
  booktitle={Proceedings of the IEEE conference on computer vision and pattern recognition},
  pages={2818--2826},
  year={2016}
}

@inproceedings{szegedy2017inception,
  title={Inception-v4, inception-resnet and the impact of residual connections on learning},
  author={Szegedy, Christian and Ioffe, Sergey and Vanhoucke, Vincent and Alemi, Alexander},
  booktitle={Proceedings of the AAAI conference on artificial intelligence},
  volume={31},
  number={1},
  year={2017}
}

@inproceedings{he2016deep,
  title={Deep residual learning for image recognition},
  author={He, Kaiming and Zhang, Xiangyu and Ren, Shaoqing and Sun, Jian},
  booktitle={Proceedings of the IEEE conference on computer vision and pattern recognition},
  pages={770--778},
  year={2016}
}

@inproceedings{arjovsky2017wasserstein,
  title={Wasserstein generative adversarial networks},
  author={Arjovsky, Martin and Chintala, Soumith and Bottou, L{\'e}on},
  booktitle={International conference on machine learning},
  pages={214--223},
  year={2017},
  organization={PMLR}
}

@article{radford2015unsupervised,
  title={Unsupervised representation learning with deep convolutional generative adversarial networks},
  author={Radford, Alec and Metz, Luke and Chintala, Soumith},
  journal={arXiv preprint arXiv:1511.06434},
  year={2015}
}

@article{mirza2014conditional,
  title={Conditional generative adversarial nets},
  author={Mirza, Mehdi and Osindero, Simon},
  journal={arXiv preprint arXiv:1411.1784},
  year={2014}
}

@inproceedings{zhu2017unpaired,
  title={Unpaired image-to-image translation using cycle-consistent adversarial networks},
  author={Zhu, Jun-Yan and Park, Taesung and Isola, Phillip and Efros, Alexei A},
  booktitle={Proceedings of the IEEE international conference on computer vision},
  pages={2223--2232},
  year={2017}
}

@article{goodfellow2014generative,
  title={Generative adversarial nets},
  author={Goodfellow, Ian and Pouget-Abadie, Jean and Mirza, Mehdi and Xu, Bing and Warde-Farley, David and Ozair, Sherjil and Courville, Aaron and Bengio, Yoshua},
  journal={Advances in neural information processing systems},
  volume={27},
  year={2014}
}

@article{karras2021alias,
  title={Alias-free generative adversarial networks},
  author={Karras, Tero and Aittala, Miika and Laine, Samuli and H{\"a}rk{\"o}nen, Erik and Hellsten, Janne and Lehtinen, Jaakko and Aila, Timo},
  journal={Advances in Neural Information Processing Systems},
  volume={34},
  pages={852--863},
  year={2021}
}

@inproceedings{chang2022maskgit,
  title={Maskgit: Masked generative image transformer},
  author={Chang, Huiwen and Zhang, Han and Jiang, Lu and Liu, Ce and Freeman, William T},
  booktitle={Proceedings of the IEEE/CVF Conference on Computer Vision and Pattern Recognition},
  pages={11315--11325},
  year={2022}
}

@inproceedings{haidar2019textkd,
  title={Textkd-gan: Text generation using knowledge distillation and generative adversarial networks},
  author={Haidar, Md Akmal and Rezagholizadeh, Mehdi},
  booktitle={Advances in Artificial Intelligence: 32nd Canadian Conference on Artificial Intelligence, Canadian AI 2019, Kingston, ON, Canada, May 28--31, 2019, Proceedings 32},
  pages={107--118},
  year={2019},
  organization={Springer}
}

@article{croce2020gan,
  title={GAN-BERT: Generative adversarial learning for robust text classification with a bunch of labeled examples},
  author={Croce, Danilo and Castellucci, Giuseppe and Basili, Roberto},
  year={2020}
}

@inproceedings{jandial2019advgan++,
  title={Advgan++: Harnessing latent layers for adversary generation},
  author={Jandial, Surgan and Mangla, Puneet and Varshney, Sakshi and Balasubramanian, Vineeth},
  booktitle={Proceedings of the IEEE/CVF International Conference on Computer Vision Workshops},
  pages={0--0},
  year={2019}
}

@article{yoon2019time,
  title={Time-series generative adversarial networks},
  author={Yoon, Jinsung and Jarrett, Daniel and Van der Schaar, Mihaela},
  journal={Advances in neural information processing systems},
  volume={32},
  year={2019}
}

@article{ni2020conditional,
  title={Conditional sig-wasserstein gans for time series generation},
  author={Ni, Hao and Szpruch, Lukasz and Wiese, Magnus and Liao, Shujian and Xiao, Baoren},
  journal={arXiv preprint arXiv:2006.05421},
  year={2020}
}

@article{tramer2017ensemble,
  title={Ensemble adversarial training: Attacks and defenses},
  author={Tram{\`e}r, Florian and Kurakin, Alexey and Papernot, Nicolas and Goodfellow, Ian and Boneh, Dan and McDaniel, Patrick},
  journal={arXiv preprint arXiv:1705.07204},
  year={2017}
}

@inproceedings{liao2018defense,
  title={Defense against adversarial attacks using high-level representation guided denoiser},
  author={Liao, Fangzhou and Liang, Ming and Dong, Yinpeng and Pang, Tianyu and Hu, Xiaolin and Zhu, Jun},
  booktitle={Proceedings of the IEEE conference on computer vision and pattern recognition},
  pages={1778--1787},
  year={2018}
}

@article{xie2017mitigating,
  title={Mitigating adversarial effects through randomization},
  author={Xie, Cihang and Wang, Jianyu and Zhang, Zhishuai and Ren, Zhou and Yuille, Alan},
  journal={arXiv preprint arXiv:1711.01991},
  year={2017}
}

@article{dziugaite2016study,
  title={A study of the effect of jpg compression on adversarial images},
  author={Dziugaite, Gintare Karolina and Ghahramani, Zoubin and Roy, Daniel M},
  journal={arXiv preprint arXiv:1608.00853},
  year={2016}
}

@inproceedings{cohen2019certified,
  title={Certified adversarial robustness via randomized smoothing},
  author={Cohen, Jeremy and Rosenfeld, Elan and Kolter, Zico},
  booktitle={international conference on machine learning},
  pages={1310--1320},
  year={2019},
  organization={PMLR}
}

@article{gao2021feature,
  title={Feature space targeted attacks by statistic alignment},
  author={Gao, Lianli and Cheng, Yaya and Zhang, Qilong and Xu, Xing and Song, Jingkuan},
  journal={arXiv preprint arXiv:2105.11645},
  year={2021}
}

@article{hang2020ensemble,
  title={Ensemble adversarial black-box attacks against deep learning systems},
  author={Hang, Jie and Han, Keji and Chen, Hui and Li, Yun},
  journal={Pattern Recognition},
  volume={101},
  pages={107184},
  year={2020},
  publisher={Elsevier}
}

@inproceedings{he2016identity,
  title={Identity mappings in deep residual networks},
  author={He, Kaiming and Zhang, Xiangyu and Ren, Shaoqing and Sun, Jian},
  booktitle={Computer Vision--ECCV 2016: 14th European Conference, Amsterdam, The Netherlands, October 11--14, 2016, Proceedings, Part IV 14},
  pages={630--645},
  year={2016},
  organization={Springer}
}

@article{karras2017progressive,
  title={Progressive growing of gans for improved quality, stability, and variation},
  author={Karras, Tero and Aila, Timo and Laine, Samuli and Lehtinen, Jaakko},
  journal={arXiv preprint arXiv:1710.10196},
  year={2017}
}

@article{kim2020torchattacks,
  title={Torchattacks: A pytorch repository for adversarial attacks},
  author={Kim, Hoki},
  journal={arXiv preprint arXiv:2010.01950},
  year={2020}
}