% Use this file for citations not found in the ACL Anthology (contained in "anthology.bib").
@inproceedings{nuo-guo-2024-hybrid-spans,
    title = "Hybrid of Spans and Table-Filling for Aspect-Level Sentiment Triplet Extraction",
    author = "Nuo, Minghua  and
      Guo, Chaofan",
    editor = "Calzolari, Nicoletta  and
      Kan, Min-Yen  and
      Hoste, Veronique  and
      Lenci, Alessandro  and
      Sakti, Sakriani  and
      Xue, Nianwen",
    booktitle = "Proceedings of the 2024 Joint International Conference on Computational Linguistics, Language Resources and Evaluation (LREC-COLING 2024)",
    month = may,
    year = "2024",
    address = "Torino, Italia",
    publisher = "ELRA and ICCL",
    url = "https://aclanthology.org/2024.lrec-main.742",
    pages = "8464--8473",
}
@inproceedings{zhang-etal-2021-towards-generative,
    title = "Towards Generative Aspect-Based Sentiment Analysis",
    author = "Zhang, Wenxuan  and
      Li, Xin  and
      Deng, Yang  and
      Bing, Lidong  and
      Lam, Wai",
    editor = "Zong, Chengqing  and
      Xia, Fei  and
      Li, Wenjie  and
      Navigli, Roberto",
    booktitle = "Proceedings of the 59th Annual Meeting of the Association for Computational Linguistics and the 11th International Joint Conference on Natural Language Processing (Volume 2: Short Papers)",
    month = aug,
    year = "2021",
    address = "Online",
    publisher = "Association for Computational Linguistics",
    url = "https://aclanthology.org/2021.acl-short.64",
    doi = "10.18653/v1/2021.acl-short.64",
    pages = "504--510",
}

@inproceedings{zhou-etal-2022-conner,
    title = "{C}on{NER}: Consistency Training for Cross-lingual Named Entity Recognition",
    author = "Zhou, Ran  and
      Li, Xin  and
      Bing, Lidong  and
      Cambria, Erik  and
      Si, Luo  and
      Miao, Chunyan",
    editor = "Goldberg, Yoav  and
      Kozareva, Zornitsa  and
      Zhang, Yue",
    booktitle = "Proceedings of the 2022 Conference on Empirical Methods in Natural Language Processing",
    month = dec,
    year = "2022",
    address = "Abu Dhabi, United Arab Emirates",
    publisher = "Association for Computational Linguistics",
    url = "https://aclanthology.org/2022.emnlp-main.577",
    doi = "10.18653/v1/2022.emnlp-main.577",
    pages = "8438--8449",
}

@ARTICLE{zhang2023survey,
  author={Zhang, Wenxuan and Li, Xin and Deng, Yang and Bing, Lidong and Lam, Wai},
  journal={IEEE Transactions on Knowledge and Data Engineering}, 
  title={A Survey on Aspect-Based Sentiment Analysis: Tasks, Methods, and Challenges}, 
  year={2023},
  volume={35},
  number={11},
  pages={11019-11038},
  keywords={Task analysis;Sentiment analysis;Compounds;Data mining;Taxonomy;Analytical models;Systematics;Aspect-based sentiment analysis;opinion mining;pre-trained language models;sentiment analysis},
  doi={10.1109/TKDE.2022.3230975}}

@inproceedings{mayhew-etal-2017-cheap,
    title = "Cheap Translation for Cross-Lingual Named Entity Recognition",
    author = "Mayhew, Stephen  and
      Tsai, Chen-Tse  and
      Roth, Dan",
    editor = "Palmer, Martha  and
      Hwa, Rebecca  and
      Riedel, Sebastian",
    booktitle = "Proceedings of the 2017 Conference on Empirical Methods in Natural Language Processing",
    month = sep,
    year = "2017",
    address = "Copenhagen, Denmark",
    publisher = "Association for Computational Linguistics",
    url = "https://aclanthology.org/D17-1269",
    doi = "10.18653/v1/D17-1269",
    pages = "2536--2545",
}

@inproceedings{zhou-etal-2013-collective,
    title = "Collective Opinion Target Extraction in {C}hinese Microblogs",
    author = "Zhou, Xinjie  and
      Wan, Xiaojun  and
      Xiao, Jianguo",
    editor = "Yarowsky, David  and
      Baldwin, Timothy  and
      Korhonen, Anna  and
      Livescu, Karen  and
      Bethard, Steven",
    booktitle = "Proceedings of the 2013 Conference on Empirical Methods in Natural Language Processing",
    month = oct,
    year = "2013",
    address = "Seattle, Washington, USA",
    publisher = "Association for Computational Linguistics",
    url = "https://aclanthology.org/D13-1189",
    pages = "1840--1850",
}

@ARTICLE{zhou2015cl,
  author={Zhou, Xinjie and Wan, Xiaojun and Xiao, Jianguo},
  journal={IEEE/ACM Transactions on Audio, Speech, and Language Processing}, 
  title={CLOpinionMiner: Opinion Target Extraction in a Cross-Language Scenario}, 
  year={2015},
  volume={23},
  number={4},
  pages={619-630},
  keywords={Training;Data mining;Feature extraction;Information retrieval;Cameras;Labeling;Data models;Cross-language information extraction;opinion mining;opinion target extraction},
  doi={10.1109/TASLP.2015.2392381}}

@inproceedings{lambert-2015-aspect,
    title = "Aspect-Level Cross-lingual Sentiment Classification with Constrained {SMT}",
    author = "Lambert, Patrik",
    editor = "Zong, Chengqing  and
      Strube, Michael",
    booktitle = "Proceedings of the 53rd Annual Meeting of the Association for Computational Linguistics and the 7th International Joint Conference on Natural Language Processing (Volume 2: Short Papers)",
    month = jul,
    year = "2015",
    address = "Beijing, China",
    publisher = "Association for Computational Linguistics",
    url = "https://aclanthology.org/P15-2128",
    doi = "10.3115/v1/P15-2128",
    pages = "781--787",
}

@article{Li2020UnsupervisedCA,
  title={Unsupervised Cross-lingual Adaptation for Sequence Tagging and Beyond},
  author={Xin Li and Lidong Bing and Wenxuan Zhang and Zheng Li and Wai Lam},
  journal={ArXiv},
  year={2020},
  volume={abs/2010.12405},
  url={https://api.semanticscholar.org/CorpusID:225062178}
}

@inproceedings{jebbara-cimiano-2019-zero,
    title = "{Z}ero-Shot Cross-Lingual Opinion Target Extraction",
    author = "Jebbara, Soufian  and
      Cimiano, Philipp",
    editor = "Burstein, Jill  and
      Doran, Christy  and
      Solorio, Thamar",
    booktitle = "Proceedings of the 2019 Conference of the North {A}merican Chapter of the Association for Computational Linguistics: Human Language Technologies, Volume 1 (Long and Short Papers)",
    month = jun,
    year = "2019",
    address = "Minneapolis, Minnesota",
    publisher = "Association for Computational Linguistics",
    url = "https://aclanthology.org/N19-1257",
    doi = "10.18653/v1/N19-1257",
    pages = "2486--2495",
}

@inproceedings{goodfellow2014,
author = {Goodfellow, Ian J. and Pouget-Abadie, Jean and Mirza, Mehdi and Xu, Bing and Warde-Farley, David and Ozair, Sherjil and Courville, Aaron and Bengio, Yoshua},
title = {Generative adversarial nets},
year = {2014},
publisher = {MIT Press},
address = {Cambridge, MA, USA},
booktitle = {Proceedings of the 27th International Conference on Neural Information Processing Systems - Volume 2},
pages = {2672–2680},
numpages = {9},
location = {Montreal, Canada},
series = {NIPS'14}
}


@inproceedings{knoester2022,
author = {Knoester, Joris and Frasincar, Flavius and Tru\c{s}cundefined, Maria Mihaela},
title = {Domain Adversarial Training for Aspect-Based Sentiment Analysis},
year = {2022},
isbn = {978-3-031-20890-4},
publisher = {Springer-Verlag},
address = {Berlin, Heidelberg},
url = {https://doi.org/10.1007/978-3-031-20891-1_3},
doi = {10.1007/978-3-031-20891-1_3},
booktitle = {Web Information Systems Engineering – WISE 2022: 23rd International Conference, Biarritz, France, November 1–3, 2022, Proceedings},
pages = {21–37},
numpages = {17},
keywords = {Aspect-Based Sentiment Classification, Transfer learning, Adversarial Training},
location = {Biarritz, France}
}


@inproceedings{Wang2018TransitionbasedAN,
  title={Transition-based Adversarial Network for Cross-lingual Aspect Extraction},
  author={Wenya Wang and Sinno Jialin Pan},
  booktitle={International Joint Conference on Artificial Intelligence},
  year={2018},
  url={https://api.semanticscholar.org/CorpusID:51607537}
}

@article{Miyato2017VirtualAT,
  title={Virtual Adversarial Training: A Regularization Method for Supervised and Semi-Supervised Learning},
  author={Takeru Miyato and Shin-ichi Maeda and Masanori Koyama and Shin Ishii},
  journal={IEEE Transactions on Pattern Analysis and Machine Intelligence},
  year={2017},
  volume={41},
  pages={1979-1993},
  url={https://api.semanticscholar.org/CorpusID:17504174}
}

@inproceedings{Mamta2022AdversarialSG,
  title={Adversarial Sample Generation for Aspect based Sentiment Classification},
  author={Mamta Mamta and Asif Ekbal},
  booktitle={AACL/IJCNLP},
  year={2022},
  url={https://api.semanticscholar.org/CorpusID:253840091}
}

 @article{chen-etal-2018-adversarial,  
    title = "Adversarial Deep Averaging Networks for Cross-Lingual Sentiment Classification",
    author = "Chen, Xilun  and
      Sun, Yu  and
      Athiwaratkun, Ben  and
      Cardie, Claire  and
      Weinberger, Kilian",
    editor = "Lee, Lillian  and
      Johnson, Mark  and
      Toutanova, Kristina  and
      Roark, Brian",
    journal = "Transactions of the Association for Computational Linguistics",
    volume = "6",
    year = "2018",
    address = "Cambridge, MA",
    publisher = "MIT Press",
    url = "https://aclanthology.org/Q18-1039",
    doi = "10.1162/tacl_a_00039",
    pages = "557--570",
 }

@article{ganin2015domain,
  author       = {Yaroslav Ganin and
                  Evgeniya Ustinova and
                  Hana Ajakan and
                  Pascal Germain and
                  Hugo Larochelle and
                  Fran{\c{c}}ois Laviolette and
                  Mario Marchand and
                  Victor S. Lempitsky},
  title        = {Domain-Adversarial Training of Neural Networks},
  journal      = {CoRR},
  volume       = {abs/1505.07818},
  year         = {2015},
  url          = {http://arxiv.org/abs/1505.07818},
  eprinttype    = {arXiv},
  eprint       = {1505.07818},
  timestamp    = {Mon, 13 Aug 2018 16:47:59 +0200},
  biburl       = {https://dblp.org/rec/journals/corr/GaninUAGLLML15.bib},
  bibsource    = {dblp computer science bibliography, https://dblp.org}
}

@inproceedings{ganin2015,
  author       = {Yaroslav Ganin and
                  Victor S. Lempitsky},
  editor       = {Francis R. Bach and
                  David M. Blei},
  title        = {Unsupervised Domain Adaptation by Backpropagation},
  booktitle    = {Proceedings of the 32nd International Conference on Machine Learning,
                  {ICML} 2015, Lille, France, 6-11 July 2015},
  series       = {{JMLR} Workshop and Conference Proceedings},
  volume       = {37},
  pages        = {1180--1189},
  publisher    = {JMLR.org},
  year         = {2015},
  url          = {http://proceedings.mlr.press/v37/ganin15.html},
  timestamp    = {Wed, 29 May 2019 08:41:46 +0200},
  biburl       = {https://dblp.org/rec/conf/icml/GaninL15.bib},
  bibsource    = {dblp computer science bibliography, https://dblp.org}
}

 @misc{Villani_2013,  
 title={Optimal Transport: Old and New}, 
 author={Villani, Cédric}, 
 year={2013}, 
 month={Jan}, 
 language={en-US},
 journal={}
 }

@inproceedings{chen-etal-2022-unsupervised-data,
    title = "Unsupervised Data Augmentation for Aspect Based Sentiment Analysis",
    author = "Chen, David Z.  and
      Faulkner, Adam  and
      Badyal, Sahil",
    editor = "Calzolari, Nicoletta  and
      Huang, Chu-Ren  and
      Kim, Hansaem  and
      Pustejovsky, James  and
      Wanner, Leo  and
      Choi, Key-Sun  and
      Ryu, Pum-Mo  and
      Chen, Hsin-Hsi  and
      Donatelli, Lucia  and
      Ji, Heng  and
      Kurohashi, Sadao  and
      Paggio, Patrizia  and
      Xue, Nianwen  and
      Kim, Seokhwan  and
      Hahm, Younggyun  and
      He, Zhong  and
      Lee, Tony Kyungil  and
      Santus, Enrico  and
      Bond, Francis  and
      Na, Seung-Hoon",
    booktitle = "Proceedings of the 29th International Conference on Computational Linguistics",
    month = oct,
    year = "2022",
    address = "Gyeongju, Republic of Korea",
    publisher = "International Committee on Computational Linguistics",
    url = "https://aclanthology.org/2022.coling-1.586",
    pages = "6746--6751",
}


@inproceedings{zhang-etal-2023-span,
    title = "Span-level Aspect-based Sentiment Analysis via Table Filling",
    author = "Zhang, Mao  and
      Zhu, Yongxin  and
      Liu, Zhen  and
      Bao, Zhimin  and
      Wu, Yunfei  and
      Sun, Xing  and
      Xu, Linli",
    editor = "Rogers, Anna  and
      Boyd-Graber, Jordan  and
      Okazaki, Naoaki",
    booktitle = "Proceedings of the 61st Annual Meeting of the Association for Computational Linguistics (Volume 1: Long Papers)",
    month = jul,
    year = "2023",
    address = "Toronto, Canada",
    publisher = "Association for Computational Linguistics",
    url = "https://aclanthology.org/2023.acl-long.515",
    doi = "10.18653/v1/2023.acl-long.515",
    pages = "9273--9284",
}

 @article{miyato2019,  
 title={Virtual Adversarial Training: A Regularization Method for Supervised and Semi-Supervised Learning}, 
 url={http://dx.doi.org/10.1109/tpami.2018.2858821}, 
 DOI={10.1109/tpami.2018.2858821}, 
 journal={IEEE Transactions on Pattern Analysis and Machine Intelligence}, 
 author={Miyato, Takeru and Maeda, Shin-Ichi and Koyama, Masanori and Ishii, Shin}, 
 year={2019}, 
 month={Aug}, 
 pages={1979–1993}, 
 language={en-US} 
 }

@inproceedings{clark2018,  
    title = "Semi-Supervised Sequence Modeling with Cross-View Training",
    author = "Clark, Kevin  and
      Luong, Minh-Thang  and
      Manning, Christopher D.  and
      Le, Quoc",
    editor = "Riloff, Ellen  and
      Chiang, David  and
      Hockenmaier, Julia  and
      Tsujii, Jun{'}ichi",
    booktitle = "Proceedings of the 2018 Conference on Empirical Methods in Natural Language Processing",
    month = oct # "-" # nov,
    year = "2018",
    address = "Brussels, Belgium",
    publisher = "Association for Computational Linguistics",
    url = "https://aclanthology.org/D18-1217",
    doi = "10.18653/v1/D18-1217",
    pages = "1914--1925",
 }


@inproceedings{xie2020,
author = {Xie, Qizhe and Dai, Zihang and Hovy, Eduard and Luong, Minh-Thang and Le, Quoc V.},
title = {Unsupervised data augmentation for consistency training},
year = {2020},
isbn = {9781713829546},
publisher = {Curran Associates Inc.},
address = {Red Hook, NY, USA},
booktitle = {Proceedings of the 34th International Conference on Neural Information Processing Systems},
articleno = {525},
numpages = {13},
location = {Vancouver, BC, Canada},
series = {NIPS '20}
}


@INPROCEEDINGS{wang2024learning,
  author={Wang, Xiaodong and Zhuo, Junbao and Cui, Shuhao and Wang, Shuhui and Fang, Yuejian},
  booktitle={ICASSP 2024 - 2024 IEEE International Conference on Acoustics, Speech and Signal Processing (ICASSP)}, 
  title={Learning Invariant Representation with Consistency and Diversity for Semi-Supervised Source Hypothesis Transfer}, 
  year={2024},
  volume={},
  number={},
  pages={5125-5129},
  keywords={Training;Data privacy;Signal processing;Predictive models;Acoustic measurements;Data models;Acoustics;Transfer learning;domain adaptation},
  doi={10.1109/ICASSP48485.2024.10446948}}


@inproceedings{pontiki2016semeval,
    title = "{S}em{E}val-2016 Task 5: Aspect Based Sentiment Analysis",
    author = {Pontiki, Maria  and
      Galanis, Dimitris  and
      Papageorgiou, Haris  and
      Androutsopoulos, Ion  and
      Manandhar, Suresh  and
      AL-Smadi, Mohammad  and
      Al-Ayyoub, Mahmoud  and
      Zhao, Yanyan  and
      Qin, Bing  and
      De Clercq, Orph{\'e}e  and
      Hoste, V{\'e}ronique  and
      Apidianaki, Marianna  and
      Tannier, Xavier  and
      Loukachevitch, Natalia  and
      Kotelnikov, Evgeniy  and
      Bel, Nuria  and
      Jim{\'e}nez-Zafra, Salud Mar{\'\i}a  and
      Eryi{\u{g}}it, G{\"u}l{\c{s}}en},
    editor = "Bethard, Steven  and
      Carpuat, Marine  and
      Cer, Daniel  and
      Jurgens, David  and
      Nakov, Preslav  and
      Zesch, Torsten",
    booktitle = "Proceedings of the 10th International Workshop on Semantic Evaluation ({S}em{E}val-2016)",
    month = jun,
    year = "2016",
    address = "San Diego, California",
    publisher = "Association for Computational Linguistics",
    url = "https://aclanthology.org/S16-1002",
    doi = "10.18653/v1/S16-1002",
    pages = "19--30",
}

@inproceedings{zhang2021cross,
  author       = {Wenxuan Zhang and
                  Ruidan He and
                  Haiyun Peng and
                  Lidong Bing and
                  Wai Lam},
  editor       = {Marie{-}Francine Moens and
                  Xuanjing Huang and
                  Lucia Specia and
                  Scott Wen{-}tau Yih},
  title        = {Cross-lingual Aspect-based Sentiment Analysis with Aspect Term Code-Switching},
  booktitle    = {Proceedings of the 2021 Conference on Empirical Methods in Natural
                  Language Processing, {EMNLP} 2021, Virtual Event / Punta Cana, Dominican
                  Republic, 7-11 November, 2021},
  pages        = {9220--9230},
  publisher    = {Association for Computational Linguistics},
  year         = {2021},
  url          = {https://doi.org/10.18653/v1/2021.emnlp-main.727},
  doi          = {10.18653/V1/2021.EMNLP-MAIN.727},
  timestamp    = {Fri, 16 Feb 2024 08:27:36 +0100},
  biburl       = {https://dblp.org/rec/conf/emnlp/ZhangHPBL21.bib},
  bibsource    = {dblp computer science bibliography, https://dblp.org}
}



@misc{li2021unsupervised,
      title={Unsupervised Cross-lingual Adaptation for Sequence Tagging and Beyond}, 
      author={Xin Li and Lidong Bing and Wenxuan Zhang and Zheng Li and Wai Lam},
      year={2021},
      eprint={2010.12405},
      archivePrefix={arXiv},
      primaryClass={cs.CL},
      url={https://arxiv.org/abs/2010.12405}, 
}

@article{wang2023gpt,
  title={GPT-NER: Named Entity Recognition via Large Language Models},
  author={Wang, Shuhe and Sun, Xiaofei and Li, Xiaoya and Ouyang, Rongbin and Wu, Fei and Zhang, Tianwei and Li, Jiwei and Wang, Guoyin},
  journal={arXiv preprint arXiv:2304.10428},
  year={2023}
}

@misc{nie2024decomposed,
      title={Decomposed Prompting: Unveiling Multilingual Linguistic Structure Knowledge in English-Centric Large Language Models}, 
      author={Ercong Nie and Shuzhou Yuan and Bolei Ma and Helmut Schmid and Michael Färber and Frauke Kreuter and Hinrich Schütze},
      year={2024},
      eprint={2402.18397},
      archivePrefix={arXiv},
      primaryClass={cs.CL},
      url={https://arxiv.org/abs/2402.18397}, 
}
@inproceedings{ma-etal-2024-topro,
    title = "{T}o{P}ro: Token-Level Prompt Decomposition for Cross-Lingual Sequence Labeling Tasks",
    author = {Ma, Bolei  and
      Nie, Ercong  and
      Yuan, Shuzhou  and
      Schmid, Helmut  and
      F{\"a}rber, Michael  and
      Kreuter, Frauke  and
      Schuetze, Hinrich},
    editor = "Graham, Yvette  and
      Purver, Matthew",
    booktitle = "Proceedings of the 18th Conference of the European Chapter of the Association for Computational Linguistics (Volume 1: Long Papers)",
    month = mar,
    year = "2024",
    address = "St. Julian{'}s, Malta",
    publisher = "Association for Computational Linguistics",
    url = "https://aclanthology.org/2024.eacl-long.164",
    pages = "2685--2702",
}

@book{liu2012,
  author       = {Bing Liu},
  title        = {Sentiment Analysis and Opinion Mining},
  series       = {Synthesis Lectures on Human Language Technologies},
  publisher    = {Morgan {\&} Claypool Publishers},
  year         = {2012},
  url          = {https://doi.org/10.2200/S00416ED1V01Y201204HLT016},
  doi          = {10.2200/S00416ED1V01Y201204HLT016},
  isbn         = {978-3-031-01017-0},
  timestamp    = {Thu, 26 Oct 2023 16:46:27 +0200},
  biburl       = {https://dblp.org/rec/series/synthesis/2012Liu.bib},
  bibsource    = {dblp computer science bibliography, https://dblp.org}
}


@inproceedings{pontiki2014semeval,
    title = "{S}em{E}val-2014 Task 4: Aspect Based Sentiment Analysis",
    author = "Pontiki, Maria  and
      Galanis, Dimitris  and
      Pavlopoulos, John  and
      Papageorgiou, Harris  and
      Androutsopoulos, Ion  and
      Manandhar, Suresh",
    editor = "Nakov, Preslav  and
      Zesch, Torsten",
    booktitle = "Proceedings of the 8th International Workshop on Semantic Evaluation ({S}em{E}val 2014)",
    month = aug,
    year = "2014",
    address = "Dublin, Ireland",
    publisher = "Association for Computational Linguistics",
    url = "https://aclanthology.org/S14-2004",
    doi = "10.3115/v1/S14-2004",
    pages = "27--35",
}


@article{mao2022,  
 title={A Joint Training Dual-MRC Framework for Aspect Based Sentiment Analysis}, 
 url={http://dx.doi.org/10.1609/aaai.v35i15.17597}, 
 DOI={10.1609/aaai.v35i15.17597}, 
 journal={Proceedings of the AAAI Conference on Artificial Intelligence}, 
 author={Mao, Yue and Shen, Yi and Yu, Chao and Cai, Longjun}, 
 year={2022}, 
 month={Sep}, 
 pages={13543–13551}, 
 language={en-US} 
 }

@inproceedings{zhang2021towards,
    title = "Towards Generative Aspect-Based Sentiment Analysis",
    author = "Zhang, Wenxuan  and
      Li, Xin  and
      Deng, Yang  and
      Bing, Lidong  and
      Lam, Wai",
    editor = "Zong, Chengqing  and
      Xia, Fei  and
      Li, Wenjie  and
      Navigli, Roberto",
    booktitle = "Proceedings of the 59th Annual Meeting of the Association for Computational Linguistics and the 11th International Joint Conference on Natural Language Processing (Volume 2: Short Papers)",
    month = aug,
    year = "2021",
    address = "Online",
    publisher = "Association for Computational Linguistics",
    url = "https://aclanthology.org/2021.acl-short.64",
    doi = "10.18653/v1/2021.acl-short.64",
    pages = "504--510",
}

@inproceedings{barnes2018,  
    title = "Bilingual Sentiment Embeddings: Joint Projection of Sentiment Across Languages",
    author = "Barnes, Jeremy  and
      Klinger, Roman  and
      Schulte im Walde, Sabine",
    editor = "Gurevych, Iryna  and
      Miyao, Yusuke",
    booktitle = "Proceedings of the 56th Annual Meeting of the Association for Computational Linguistics (Volume 1: Long Papers)",
    month = jul,
    year = "2018",
    address = "Melbourne, Australia",
    publisher = "Association for Computational Linguistics",
    url = "https://aclanthology.org/P18-1231",
    doi = "10.18653/v1/P18-1231",
    pages = "2483--2493",
 }


 @inproceedings{zhou2016,  
    title = "Cross-Lingual Sentiment Classification with Bilingual Document Representation Learning",
    author = "Zhou, Xinjie  and
      Wan, Xiaojun  and
      Xiao, Jianguo",
    editor = "Erk, Katrin  and
      Smith, Noah A.",
    booktitle = "Proceedings of the 54th Annual Meeting of the Association for Computational Linguistics (Volume 1: Long Papers)",
    month = aug,
    year = "2016",
    address = "Berlin, Germany",
    publisher = "Association for Computational Linguistics",
    url = "https://aclanthology.org/P16-1133",
    doi = "10.18653/v1/P16-1133",
    pages = "1403--1412",
 }


@inproceedings{xu2017,  
    title = "Towards a Universal Sentiment Classifier in Multiple languages",
    author = "Xu, Kui  and
      Wan, Xiaojun",
    editor = "Palmer, Martha  and
      Hwa, Rebecca  and
      Riedel, Sebastian",
    booktitle = "Proceedings of the 2017 Conference on Empirical Methods in Natural Language Processing",
    month = sep,
    year = "2017",
    address = "Copenhagen, Denmark",
    publisher = "Association for Computational Linguistics",
    url = "https://aclanthology.org/D17-1053",
    doi = "10.18653/v1/D17-1053",
    pages = "511--520",
 }

@inproceedings{Wang_Pan_2018,  
 title={Transition-based Adversarial Network for Cross-lingual Aspect Extraction}, 
 url={http://dx.doi.org/10.24963/ijcai.2018/622}, 
 DOI={10.24963/ijcai.2018/622}, 
 booktitle={Proceedings of the Twenty-Seventh International Joint Conference on Artificial Intelligence}, 
 author={Wang, Wenya and Pan, Sinno Jialin}, 
 year={2018}, 
 month={Jul}, 
 language={en-US} 
 }

 @inproceedings{edunov2018,  
    title = "Understanding Back-Translation at Scale",
    author = "Edunov, Sergey  and
      Ott, Myle  and
      Auli, Michael  and
      Grangier, David",
    editor = "Riloff, Ellen  and
      Chiang, David  and
      Hockenmaier, Julia  and
      Tsujii, Jun{'}ichi",
    booktitle = "Proceedings of the 2018 Conference on Empirical Methods in Natural Language Processing",
    month = oct # "-" # nov,
    year = "2018",
    address = "Brussels, Belgium",
    publisher = "Association for Computational Linguistics",
    url = "https://aclanthology.org/D18-1045",
    doi = "10.18653/v1/D18-1045",
    pages = "489--500",
 }

@inproceedings{wang2021unsupervised,  
    title = "Unsupervised Paraphrasing Consistency Training for Low Resource Named Entity Recognition",
    author = "Wang, Rui  and
      Henao, Ricardo",
    editor = "Moens, Marie-Francine  and
      Huang, Xuanjing  and
      Specia, Lucia  and
      Yih, Scott Wen-tau",
    booktitle = "Proceedings of the 2021 Conference on Empirical Methods in Natural Language Processing",
    month = nov,
    year = "2021",
    address = "Online and Punta Cana, Dominican Republic",
    publisher = "Association for Computational Linguistics",
    url = "https://aclanthology.org/2021.emnlp-main.430",
    doi = "10.18653/v1/2021.emnlp-main.430",
    pages = "5303--5308",
 }

@inproceedings{devlin-etal-2019-bert,
    title = "{BERT}: Pre-training of Deep Bidirectional Transformers for Language Understanding",
    author = "Devlin, Jacob  and
      Chang, Ming-Wei  and
      Lee, Kenton  and
      Toutanova, Kristina",
    editor = "Burstein, Jill  and
      Doran, Christy  and
      Solorio, Thamar",
    booktitle = "Proceedings of the 2019 Conference of the North {A}merican Chapter of the Association for Computational Linguistics: Human Language Technologies, Volume 1 (Long and Short Papers)",
    month = jun,
    year = "2019",
    address = "Minneapolis, Minnesota",
    publisher = "Association for Computational Linguistics",
    url = "https://aclanthology.org/N19-1423",
    doi = "10.18653/v1/N19-1423",
    pages = "4171--4186",
}
@inproceedings{conneau-etal-2020-unsupervised,
    title = "Unsupervised Cross-lingual Representation Learning at Scale",
    author = "Conneau, Alexis  and
      Khandelwal, Kartikay  and
      Goyal, Naman  and
      Chaudhary, Vishrav  and
      Wenzek, Guillaume  and
      Guzm{\'a}n, Francisco  and
      Grave, Edouard  and
      Ott, Myle  and
      Zettlemoyer, Luke  and
      Stoyanov, Veselin",
    editor = "Jurafsky, Dan  and
      Chai, Joyce  and
      Schluter, Natalie  and
      Tetreault, Joel",
    booktitle = "Proceedings of the 58th Annual Meeting of the Association for Computational Linguistics",
    month = jul,
    year = "2020",
    address = "Online",
    publisher = "Association for Computational Linguistics",
    url = "https://aclanthology.org/2020.acl-main.747",
    doi = "10.18653/v1/2020.acl-main.747",
    pages = "8440--8451",
}

@inproceedings{arjovsky2017,
  author       = {Mart{\'{\i}}n Arjovsky and
                  Soumith Chintala and
                  L{\'{e}}on Bottou},
  editor       = {Doina Precup and
                  Yee Whye Teh},
  title        = {Wasserstein Generative Adversarial Networks},
  booktitle    = {Proceedings of the 34th International Conference on Machine Learning,
                  {ICML} 2017, Sydney, NSW, Australia, 6-11 August 2017},
  series       = {Proceedings of Machine Learning Research},
  volume       = {70},
  pages        = {214--223},
  publisher    = {{PMLR}},
  year         = {2017},
  url          = {http://proceedings.mlr.press/v70/arjovsky17a.html},
  timestamp    = {Wed, 29 May 2019 08:41:45 +0200},
  biburl       = {https://dblp.org/rec/conf/icml/ArjovskyCB17.bib},
  bibsource    = {dblp computer science bibliography, https://dblp.org}
}

@misc{llama3modelcard,
  title={Llama 3 Model Card},
  author={AI@Meta},
  year={2024},
  url = {https://github.com/meta-llama/llama3/blob/main/MODEL_CARD.md}
}
@misc{llama31modelcard,
  title={Llama 3.1 Model Card},
  author={AI@Meta},
  year={2024},
  url = {https://github.com/meta-llama/llama-models/blob/main/models/llama3_1/MODEL_CARD.md}
}

@misc{gpt40modelcard,
  title={GPT-4o Model Card},
  author={OpenAI},
  year={2024},
  url = {https://openai.com/index/hello-gpt-4o/}
}

@misc{gpt35modelcard,
  title={GPT-3.5-Turbo Model Card},
  author={OpenAI},
  year={2023},
  url = {https://platform.openai.com/docs/models/gpt-3-5-turbo}
}

@ARTICLE{lin2023,
  author={Lin, Nankai and Fu, Yingwen and Lin, Xiaotian and Zhou, Dong and Yang, Aimin and Jiang, Shengyi},
  journal={IEEE/ACM Transactions on Audio, Speech, and Language Processing}, 
  title={CL-XABSA: Contrastive Learning for Cross-Lingual Aspect-Based Sentiment Analysis}, 
  year={2023},
  volume={31},
  number={},
  pages={2935-2946},
  doi={10.1109/TASLP.2023.3297964}}


@inproceedings{lu-etal-2023-take,
    title = "Take a Closer Look at Multilinguality! Improve Multilingual Pre-Training Using Monolingual Corpora Only",
    author = "Lu, Jinliang  and
      Lu, Yu  and
      Zhang, Jiajun",
    editor = "Bouamor, Houda  and
      Pino, Juan  and
      Bali, Kalika",
    booktitle = "Findings of the Association for Computational Linguistics: EMNLP 2023",
    month = dec,
    year = "2023",
    address = "Singapore",
    publisher = "Association for Computational Linguistics",
    url = "https://aclanthology.org/2023.findings-emnlp.190",
    doi = "10.18653/v1/2023.findings-emnlp.190",
    pages = "2891--2907",
}
@misc{gemmateam2024gemma2improvingopen,
      title={Gemma 2: Improving Open Language Models at a Practical Size}, 
      author={Gemma Team},
      year={2024},
      eprint={2403.05530},
      archivePrefix={arXiv},
      primaryClass={cs.CL},
      url={https://arxiv.org/abs/2403.05530}, 
}
@misc{jiang2023mistral7b,
      title={Mistral 7B}, 
      author={Albert Q. Jiang and Alexandre Sablayrolles and Arthur Mensch and Chris Bamford and Devendra Singh Chaplot and Diego de las Casas and Florian Bressand and Gianna Lengyel and Guillaume Lample and Lucile Saulnier and Lélio Renard Lavaud and Marie-Anne Lachaux and Pierre Stock and Teven Le Scao and Thibaut Lavril and Thomas Wang and Timothée Lacroix and William El Sayed},
      year={2023},
      eprint={2310.06825},
      archivePrefix={arXiv},
      primaryClass={cs.CL},
      url={https://arxiv.org/abs/2310.06825}, 
}
@inproceedings{
hu2022lora,
title={Lo{RA}: Low-Rank Adaptation of Large Language Models},
author={Edward J Hu and yelong shen and Phillip Wallis and Zeyuan Allen-Zhu and Yuanzhi Li and Shean Wang and Lu Wang and Weizhu Chen},
booktitle={International Conference on Learning Representations},
year={2022},
url={https://openreview.net/forum?id=nZeVKeeFYf9}
}

@misc{wu2024evaluating,
      title={Evaluating Zero-Shot Multilingual Aspect-Based Sentiment Analysis with Large Language Models}, 
      author={Chengyan Wu and Bolei Ma and Zheyu Zhang and Ningyuan Deng and Yanqing He and Yun Xue},
      year={2024},
      eprint={2412.12564},
      archivePrefix={arXiv},
      primaryClass={cs.CL},
      url={https://arxiv.org/abs/2412.12564}, 
}

@INPROCEEDINGS{10447700,
  author={Zhang, Wenyuan and Zhang, Xinghua and Cui, Shiyao and Huang, Kun and Wang, Xuebin and Liu, Tingwen},
  booktitle={ICASSP 2024 - 2024 IEEE International Conference on Acoustics, Speech and Signal Processing (ICASSP)}, 
  title={Adaptive Data Augmentation for Aspect Sentiment Quad Prediction}, 
  year={2024},
  volume={},
  number={},
  pages={11176-11180},
  doi={10.1109/ICASSP48485.2024.10447700}}

@inproceedings{DBLP:conf/acl/GouGY23,
  author       = {Zhibin Gou and
                  Qingyan Guo and
                  Yujiu Yang},
  editor       = {Anna Rogers and
                  Jordan L. Boyd{-}Graber and
                  Naoaki Okazaki},
  title        = {MvP: Multi-view Prompting Improves Aspect Sentiment Tuple Prediction},
  booktitle    = {Proceedings of the 61st Annual Meeting of the Association for Computational
                  Linguistics (Volume 1: Long Papers), {ACL} 2023, Toronto, Canada,
                  July 9-14, 2023},
  pages        = {4380--4397},
  publisher    = {Association for Computational Linguistics},
  year         = {2023},
  url          = {https://doi.org/10.18653/v1/2023.acl-long.240},
  doi          = {10.18653/V1/2023.ACL-LONG.240},
  timestamp    = {Sun, 19 Jan 2025 13:21:50 +0100},
  biburl       = {https://dblp.org/rec/conf/acl/GouGY23.bib},
  bibsource    = {dblp computer science bibliography, https://dblp.org}
}

@inproceedings{scaria-etal-2024-instructabsa,
    title = "{I}nstruct{ABSA}: Instruction Learning for Aspect Based Sentiment Analysis",
    author = "Scaria, Kevin  and
      Gupta, Himanshu  and
      Goyal, Siddharth  and
      Sawant, Saurabh  and
      Mishra, Swaroop  and
      Baral, Chitta",
    editor = "Duh, Kevin  and
      Gomez, Helena  and
      Bethard, Steven",
    booktitle = "Proceedings of the 2024 Conference of the North American Chapter of the Association for Computational Linguistics: Human Language Technologies (Volume 2: Short Papers)",
    month = jun,
    year = "2024",
    address = "Mexico City, Mexico",
    publisher = "Association for Computational Linguistics",
    url = "https://aclanthology.org/2024.naacl-short.63/",
    doi = "10.18653/v1/2024.naacl-short.63",
    pages = "720--736"
}

@inproceedings{10.1145/3626772.3657734,
author = {Li, You and Zeng, Xupeng and Zeng, Yixiao and Lin, Yuming},
title = {Enhanced Packed Marker with Entity Information for Aspect Sentiment Triplet Extraction},
year = {2024},
isbn = {9798400704314},
publisher = {Association for Computing Machinery},
address = {New York, NY, USA},
url = {https://doi.org/10.1145/3626772.3657734},
doi = {10.1145/3626772.3657734},
booktitle = {Proceedings of the 47th International ACM SIGIR Conference on Research and Development in Information Retrieval},
pages = {619–629},
numpages = {11},
keywords = {aspect sentiment triplet extraction, marker strategy, pre-trained language model},
location = {Washington DC, USA},
series = {SIGIR '24}
}

@inproceedings{sun-etal-2024-minicongts,
    title = "{M}ini{C}on{GTS}: A Near Ultimate Minimalist Contrastive Grid Tagging Scheme for Aspect Sentiment Triplet Extraction",
    author = "Sun, Qiao  and
      Yang, Liujia  and
      Ma, Minghao  and
      Ye, Nanyang  and
      Gu, Qinying",
    editor = "Al-Onaizan, Yaser  and
      Bansal, Mohit  and
      Chen, Yun-Nung",
    booktitle = "Proceedings of the 2024 Conference on Empirical Methods in Natural Language Processing",
    month = nov,
    year = "2024",
    address = "Miami, Florida, USA",
    publisher = "Association for Computational Linguistics",
    url = "https://aclanthology.org/2024.emnlp-main.165/",
    doi = "10.18653/v1/2024.emnlp-main.165",
    pages = "2817--2834",
}

@ARTICLE{lin2023CL-XABSA,
  author={Lin, Nankai and Fu, Yingwen and Lin, Xiaotian and Zhou, Dong and Yang, Aimin and Jiang, Shengyi},
  journal={IEEE/ACM Transactions on Audio, Speech, and Language Processing}, 
  title={CL-XABSA: Contrastive Learning for Cross-Lingual Aspect-Based Sentiment Analysis}, 
  year={2023},
  volume={31},
  number={},
  pages={2935-2946},
  keywords={Task analysis;Sentiment analysis;Semantics;Training;Data models;Speech processing;Information science;Contrastive Learning;cross-lingual aspect-based sentiment analysis;knowledge distillation;multilingual aspect-based sentiment analysis},
  doi={10.1109/TASLP.2023.3297964}}


@article{LIN2024125059,
title = {Addressing class-imbalance challenges in cross-lingual aspect-based sentiment analysis: Dynamic weighted loss and anti-decoupling},
journal = {Expert Systems with Applications},
volume = {257},
pages = {125059},
year = {2024},
issn = {0957-4174},
doi = {https://doi.org/10.1016/j.eswa.2024.125059},
url = {https://www.sciencedirect.com/science/article/pii/S0957417424019262},
author = {Nankai Lin and Meiyu Zeng and Xingming Liao and Weizhong Liu and Aimin Yang and Dong Zhou},
keywords = {Cross-lingual aspect-based sentiment analysis, Class-imbalance, Dynamic weighted loss, Anti-decoupling}
}

 @article{Bigoulaeva_Hangya_Gurevych_Fraser_2023,  
 title={Label modification and bootstrapping for zero-shot cross-lingual hate speech detection}, 
 volume={57}, 
 url={https://doi.org/10.1007/s10579-023-09637-4}, 
 DOI={10.1007/s10579-023-09637-4}, 
 number={4}, 
 journal={Language Resources and Evaluation}, 
 author={Bigoulaeva, Irina and Hangya, Viktor and Gurevych, Iryna and Fraser, Alexander}, 
 year={2023}, 
 month={Dec}, 
 pages={1515–1546}, 
 language={en-US} 
 }
@misc{qwen2.5,
    title = {Qwen2.5: A Party of Foundation Models},
    url = {https://qwenlm.github.io/blog/qwen2.5/},
    author = {Qwen Team},
    month = {September},
    year = {2024}
}