@article{Li2020UnsupervisedCA,
  title={Unsupervised Cross-lingual Adaptation for Sequence Tagging and Beyond},
  author={Xin Li and Lidong Bing and Wenxuan Zhang and Zheng Li and Wai Lam},
  journal={ArXiv},
  year={2020},
  volume={abs/2010.12405},
  url={https://api.semanticscholar.org/CorpusID:225062178}
}

@inproceedings{Mamta2022AdversarialSG,
  title={Adversarial Sample Generation for Aspect based Sentiment Classification},
  author={Mamta Mamta and Asif Ekbal},
  booktitle={AACL/IJCNLP},
  year={2022},
  url={https://api.semanticscholar.org/CorpusID:253840091}
}

@article{Miyato2017VirtualAT,
  title={Virtual Adversarial Training: A Regularization Method for Supervised and Semi-Supervised Learning},
  author={Takeru Miyato and Shin-ichi Maeda and Masanori Koyama and Shin Ishii},
  journal={IEEE Transactions on Pattern Analysis and Machine Intelligence},
  year={2017},
  volume={41},
  pages={1979-1993},
  url={https://api.semanticscholar.org/CorpusID:17504174}
}

@inproceedings{Wang_Pan_2018,  
 title={Transition-based Adversarial Network for Cross-lingual Aspect Extraction}, 
 url={http://dx.doi.org/10.24963/ijcai.2018/622}, 
 DOI={10.24963/ijcai.2018/622}, 
 booktitle={Proceedings of the Twenty-Seventh International Joint Conference on Artificial Intelligence}, 
 author={Wang, Wenya and Pan, Sinno Jialin}, 
 year={2018}, 
 month={Jul}, 
 language={en-US} 
 }

@inproceedings{chen-etal-2022-unsupervised-data,
    title = "Unsupervised Data Augmentation for Aspect Based Sentiment Analysis",
    author = "Chen, David Z.  and
      Faulkner, Adam  and
      Badyal, Sahil",
    editor = "Calzolari, Nicoletta  and
      Huang, Chu-Ren  and
      Kim, Hansaem  and
      Pustejovsky, James  and
      Wanner, Leo  and
      Choi, Key-Sun  and
      Ryu, Pum-Mo  and
      Chen, Hsin-Hsi  and
      Donatelli, Lucia  and
      Ji, Heng  and
      Kurohashi, Sadao  and
      Paggio, Patrizia  and
      Xue, Nianwen  and
      Kim, Seokhwan  and
      Hahm, Younggyun  and
      He, Zhong  and
      Lee, Tony Kyungil  and
      Santus, Enrico  and
      Bond, Francis  and
      Na, Seung-Hoon",
    booktitle = "Proceedings of the 29th International Conference on Computational Linguistics",
    month = oct,
    year = "2022",
    address = "Gyeongju, Republic of Korea",
    publisher = "International Committee on Computational Linguistics",
    url = "https://aclanthology.org/2022.coling-1.586",
    pages = "6746--6751",
}

@inproceedings{jebbara-cimiano-2019-zero,
    title = "{Z}ero-Shot Cross-Lingual Opinion Target Extraction",
    author = "Jebbara, Soufian  and
      Cimiano, Philipp",
    editor = "Burstein, Jill  and
      Doran, Christy  and
      Solorio, Thamar",
    booktitle = "Proceedings of the 2019 Conference of the North {A}merican Chapter of the Association for Computational Linguistics: Human Language Technologies, Volume 1 (Long and Short Papers)",
    month = jun,
    year = "2019",
    address = "Minneapolis, Minnesota",
    publisher = "Association for Computational Linguistics",
    url = "https://aclanthology.org/N19-1257",
    doi = "10.18653/v1/N19-1257",
    pages = "2486--2495",
}

@inproceedings{knoester2022,
author = {Knoester, Joris and Frasincar, Flavius and Tru\c{s}cundefined, Maria Mihaela},
title = {Domain Adversarial Training for Aspect-Based Sentiment Analysis},
year = {2022},
isbn = {978-3-031-20890-4},
publisher = {Springer-Verlag},
address = {Berlin, Heidelberg},
url = {https://doi.org/10.1007/978-3-031-20891-1_3},
doi = {10.1007/978-3-031-20891-1_3},
booktitle = {Web Information Systems Engineering – WISE 2022: 23rd International Conference, Biarritz, France, November 1–3, 2022, Proceedings},
pages = {21–37},
numpages = {17},
keywords = {Aspect-Based Sentiment Classification, Transfer learning, Adversarial Training},
location = {Biarritz, France}
}

@inproceedings{lambert-2015-aspect,
    title = "Aspect-Level Cross-lingual Sentiment Classification with Constrained {SMT}",
    author = "Lambert, Patrik",
    editor = "Zong, Chengqing  and
      Strube, Michael",
    booktitle = "Proceedings of the 53rd Annual Meeting of the Association for Computational Linguistics and the 7th International Joint Conference on Natural Language Processing (Volume 2: Short Papers)",
    month = jul,
    year = "2015",
    address = "Beijing, China",
    publisher = "Association for Computational Linguistics",
    url = "https://aclanthology.org/P15-2128",
    doi = "10.3115/v1/P15-2128",
    pages = "781--787",
}

@ARTICLE{lin2023,
  author={Lin, Nankai and Fu, Yingwen and Lin, Xiaotian and Zhou, Dong and Yang, Aimin and Jiang, Shengyi},
  journal={IEEE/ACM Transactions on Audio, Speech, and Language Processing}, 
  title={CL-XABSA: Contrastive Learning for Cross-Lingual Aspect-Based Sentiment Analysis}, 
  year={2023},
  volume={31},
  number={},
  pages={2935-2946},
  doi={10.1109/TASLP.2023.3297964}}

@inproceedings{zhang-etal-2023-span,
    title = "Span-level Aspect-based Sentiment Analysis via Table Filling",
    author = "Zhang, Mao  and
      Zhu, Yongxin  and
      Liu, Zhen  and
      Bao, Zhimin  and
      Wu, Yunfei  and
      Sun, Xing  and
      Xu, Linli",
    editor = "Rogers, Anna  and
      Boyd-Graber, Jordan  and
      Okazaki, Naoaki",
    booktitle = "Proceedings of the 61st Annual Meeting of the Association for Computational Linguistics (Volume 1: Long Papers)",
    month = jul,
    year = "2023",
    address = "Toronto, Canada",
    publisher = "Association for Computational Linguistics",
    url = "https://aclanthology.org/2023.acl-long.515",
    doi = "10.18653/v1/2023.acl-long.515",
    pages = "9273--9284",
}

@inproceedings{zhang2021cross,
  author       = {Wenxuan Zhang and
                  Ruidan He and
                  Haiyun Peng and
                  Lidong Bing and
                  Wai Lam},
  editor       = {Marie{-}Francine Moens and
                  Xuanjing Huang and
                  Lucia Specia and
                  Scott Wen{-}tau Yih},
  title        = {Cross-lingual Aspect-based Sentiment Analysis with Aspect Term Code-Switching},
  booktitle    = {Proceedings of the 2021 Conference on Empirical Methods in Natural
                  Language Processing, {EMNLP} 2021, Virtual Event / Punta Cana, Dominican
                  Republic, 7-11 November, 2021},
  pages        = {9220--9230},
  publisher    = {Association for Computational Linguistics},
  year         = {2021},
  url          = {https://doi.org/10.18653/v1/2021.emnlp-main.727},
  doi          = {10.18653/V1/2021.EMNLP-MAIN.727},
  timestamp    = {Fri, 16 Feb 2024 08:27:36 +0100},
  biburl       = {https://dblp.org/rec/conf/emnlp/ZhangHPBL21.bib},
  bibsource    = {dblp computer science bibliography, https://dblp.org}
}

@inproceedings{zhou-etal-2013-collective,
    title = "Collective Opinion Target Extraction in {C}hinese Microblogs",
    author = "Zhou, Xinjie  and
      Wan, Xiaojun  and
      Xiao, Jianguo",
    editor = "Yarowsky, David  and
      Baldwin, Timothy  and
      Korhonen, Anna  and
      Livescu, Karen  and
      Bethard, Steven",
    booktitle = "Proceedings of the 2013 Conference on Empirical Methods in Natural Language Processing",
    month = oct,
    year = "2013",
    address = "Seattle, Washington, USA",
    publisher = "Association for Computational Linguistics",
    url = "https://aclanthology.org/D13-1189",
    pages = "1840--1850",
}

@inproceedings{zhou-etal-2022-conner,
    title = "{C}on{NER}: Consistency Training for Cross-lingual Named Entity Recognition",
    author = "Zhou, Ran  and
      Li, Xin  and
      Bing, Lidong  and
      Cambria, Erik  and
      Si, Luo  and
      Miao, Chunyan",
    editor = "Goldberg, Yoav  and
      Kozareva, Zornitsa  and
      Zhang, Yue",
    booktitle = "Proceedings of the 2022 Conference on Empirical Methods in Natural Language Processing",
    month = dec,
    year = "2022",
    address = "Abu Dhabi, United Arab Emirates",
    publisher = "Association for Computational Linguistics",
    url = "https://aclanthology.org/2022.emnlp-main.577",
    doi = "10.18653/v1/2022.emnlp-main.577",
    pages = "8438--8449",
}

@ARTICLE{zhou2015cl,
  author={Zhou, Xinjie and Wan, Xiaojun and Xiao, Jianguo},
  journal={IEEE/ACM Transactions on Audio, Speech, and Language Processing}, 
  title={CLOpinionMiner: Opinion Target Extraction in a Cross-Language Scenario}, 
  year={2015},
  volume={23},
  number={4},
  pages={619-630},
  keywords={Training;Data mining;Feature extraction;Information retrieval;Cameras;Labeling;Data models;Cross-language information extraction;opinion mining;opinion target extraction},
  doi={10.1109/TASLP.2015.2392381}}

