@article{FCS2024_Survey-Agent,
  author       = {Lei Wang and
                  Chen Ma and
                  Xueyang Feng and
                  Zeyu Zhang and
                  Hao Yang and
                  Jingsen Zhang and
                  Zhiyuan Chen and
                  Jiakai Tang and
                  Xu Chen and
                  Yankai Lin and
                  Wayne Xin Zhao and
                  Zhewei Wei and
                  Ji{-}Rong Wen},
  title        = {A Survey on Large Language Model based Autonomous Agents},
  journal      = {Front. Comput. Sci.},
  volume       = {18},
  year         = {2024}
}

@article{arXiv2023_Dynamic-LLM-Agent,
  author       = {Zijun Liu and
                  Yanzhe Zhang and
                  Peng Li and
                  Yang Liu and
                  Diyi Yang},
  title        = {Dynamic LLM-Agent Network: An LLM-agent Collaboration Framework with Agent Team Optimization},
  journal      = {CoRR},
  volume       = {abs/2310.02170},
  year         = {2023}
}

@article{arXiv2023_MultiAgent-Debate,
  author       = {Yilun Du and
                  Shuang Li and
                  Antonio Torralba and
                  Joshua B. Tenenbaum and
                  Igor Mordatch},
  title        = {Improving Factuality and Reasoning in Language Models through Multiagent Debate},
  journal      = {CoRR},
  volume       = {abs/2305.14325},
  year         = {2023}
}

@misc{autogen,
   author = {Wu, Qingyun and Bansal, Gagan and Zhang, Jieyu and Wu, Yiran and Zhang, Shaokun and Zhu, Erkang and Li, Beibin and Jiang, Li and Zhang, Xiaoyun and Wang, Chi},
   title = {AutoGen: Enabling Next-Gen LLM Applications via Multi-Agent Conversation Framework},
   journal = {arXiv:2308.08155},
   month = {August 01, 2023},
   year = {2023}
}

@misc{autogpt,
  author = {Toran Bruce Richards and et al.},
  title = {Auto-GPT: An Autonomous GPT-4 Experiment},
  year = {2023},
  publisher = {GitHub},
  journal = {GitHub repository},
  howpublished = {\url{https://github.com/Significant-Gravitas/Auto-GPT}}
}

@misc{babyagi,
  author = {Yohei Nakajima},
  title = {BabyAGI},
  year = {2023},
  publisher = {GitHub},
  journal = {GitHub repository},
  howpublished = {\url{https://github.com/yoheinakajima/babyagi}}
}

@misc{chen2023agentverse,
      title={AgentVerse: Facilitating Multi-Agent Collaboration and Exploring Emergent Behaviors in Agents}, 
      author={Weize Chen and Yusheng Su and Jingwei Zuo and Cheng Yang and Chenfei Yuan and Chen Qian and Chi-Min Chan and Yujia Qin and Yaxi Lu and Ruobing Xie and Zhiyuan Liu and Maosong Sun and Jie Zhou},
      year={2023},
      eprint={2308.10848},
      archivePrefix={arXiv}
}

@article{chen2023autoagents,
  title={Autoagents: A framework for automatic agent generation},
  author={Chen, Guangyao and Dong, Siwei and Shu, Yu and Zhang, Ge and Sesay, Jaward and Karlsson, B{\"o}rje F and Fu, Jie and Shi, Yemin},
  journal={arXiv preprint arXiv:2309.17288},
  year={2023}
}

@article{fernando2023promptbreeder,
  title={Promptbreeder: Self-referential self-improvement via prompt evolution},
  author={Fernando, Chrisantha and Banarse, Dylan and Michalewski, Henryk and Osindero, Simon and Rockt{\"a}schel, Tim},
  journal={arXiv preprint arXiv:2309.16797},
  year={2023}
}

@article{guo2023evoprompt,
  title={Connecting large language models with evolutionary algorithms yields powerful prompt optimizers},
  author={Guo, Qingyan and Wang, Rui and Guo, Junliang and Li, Bei and Song, Kaitao and Tan, Xu and Liu, Guoqing and Bian, Jiang and Yang, Yujiu},
  journal={arXiv preprint arXiv:2309.08532},
  year={2023}
}

@article{he2021automl,
  title={AutoML: A survey of the state-of-the-art},
  author={He, Xin and Zhao, Kaiyong and Chu, Xiaowen},
  journal={Knowledge-based systems},
  volume={212},
  pages={106622},
  year={2021},
  publisher={Elsevier}
}

@inproceedings{he2023lego,
  title={LEGO: A Multi-agent Collaborative Framework with Role-playing and Iterative Feedback for Causality Explanation Generation},
  author={He, Zhitao and Cao, Pengfei and Chen, Yubo and Liu, Kang and Li, Ruopeng and Sun, Mengshu and Zhao, Jun},
  booktitle={Findings of the Association for Computational Linguistics: EMNLP 2023},
  pages={9142--9163},
  year={2023}
}

@article{hu2024adas,
  title={Automated design of agentic systems},
  author={Hu, Shengran and Lu, Cong and Clune, Jeff},
  journal={arXiv preprint arXiv:2408.08435},
  year={2024}
}

@article{hu2024evomac,
  title={Self-Evolving Multi-Agent Collaboration Networks for Software Development},
  author={Hu, Yue and Cai, Yuzhu and Du, Yaxin and Zhu, Xinyu and Liu, Xiangrui and Yu, Zijie and Hou, Yuchen and Tang, Shuo and Chen, Siheng},
  journal={arXiv preprint arXiv:2410.16946},
  year={2024}
}

@article{khattab2023dspy,
  title={Dspy: Compiling declarative language model calls into self-improving pipelines},
  author={Khattab, Omar and Singhvi, Arnav and Maheshwari, Paridhi and Zhang, Zhiyuan and Santhanam, Keshav and Vardhamanan, Sri and Haq, Saiful and Sharma, Ashutosh and Joshi, Thomas T and Moazam, Hanna and others},
  journal={arXiv preprint arXiv:2310.03714},
  year={2023}
}

@article{liu2018darts,
  title={Darts: Differentiable architecture search},
  author={Liu, Hanxiao and Simonyan, Karen and Yang, Yiming},
  journal={arXiv preprint arXiv:1806.09055},
  year={2018}
}

@article{liu2021evo-nas,
  title={A survey on evolutionary neural architecture search},
  author={Liu, Yuqiao and Sun, Yanan and Xue, Bing and Zhang, Mengjie and Yen, Gary G and Tan, Kay Chen},
  journal={IEEE transactions on neural networks and learning systems},
  volume={34},
  number={2},
  pages={550--570},
  year={2021},
  publisher={IEEE}
}

@misc{openai2023gpt4,
      title={GPT-4 Technical Report}, 
      author={OpenAI},
      year={2023},
      eprint={2303.08774},
      archivePrefix={arXiv},
      primaryClass={cs.CL}
}

@article{ren2021comprehensivenas,
  title={A comprehensive survey of neural architecture search: Challenges and solutions},
  author={Ren, Pengzhen and Xiao, Yun and Chang, Xiaojun and Huang, Po-Yao and Li, Zhihui and Chen, Xiaojiang and Wang, Xin},
  journal={ACM Computing Surveys (CSUR)},
  volume={54},
  number={4},
  pages={1--34},
  year={2021},
  publisher={ACM New York, NY, USA}
}

@article{shang2024agentsquare,
  title={AgentSquare: Automatic LLM Agent Search in Modular Design Space},
  author={Shang, Yu and Li, Yu and Zhao, Keyu and Ma, Likai and Liu, Jiahe and Xu, Fengli and Li, Yong},
  journal={arXiv preprint arXiv:2410.06153},
  year={2024}
}

@article{shen2024hugginggpt,
  title={Hugginggpt: Solving ai tasks with chatgpt and its friends in hugging face},
  author={Shen, Yongliang and Song, Kaitao and Tan, Xu and Li, Dongsheng and Lu, Weiming and Zhuang, Yueting},
  journal={Advances in Neural Information Processing Systems},
  volume={36},
  year={2024}
}

@article{team2023gemini,
  title={Gemini: a family of highly capable multimodal models},
  author={Team, Gemini and Anil, Rohan and Borgeaud, Sebastian and Alayrac, Jean-Baptiste and Yu, Jiahui and Soricut, Radu and Schalkwyk, Johan and Dai, Andrew M and Hauth, Anja and Millican, Katie and others},
  journal={arXiv preprint arXiv:2312.11805},
  year={2023}
}

@article{wang2021mcts-nas,
  title={Sample-efficient neural architecture search by learning actions for monte carlo tree search},
  author={Wang, Linnan and Xie, Saining and Li, Teng and Fonseca, Rodrigo and Tian, Yuandong},
  journal={IEEE Transactions on Pattern Analysis and Machine Intelligence},
  volume={44},
  number={9},
  pages={5503--5515},
  year={2021},
  publisher={IEEE}
}

@inproceedings{white2021bananas,
  title={Bananas: Bayesian optimization with neural architectures for neural architecture search},
  author={White, Colin and Neiswanger, Willie and Savani, Yash},
  booktitle={Proceedings of the AAAI conference on artificial intelligence},
  volume={35},
  number={12},
  pages={10293--10301},
  year={2021}
}

@article{white2023nas1k,
  title={Neural architecture search: Insights from 1000 papers},
  author={White, Colin and Safari, Mahmoud and Sukthanker, Rhea and Ru, Binxin and Elsken, Thomas and Zela, Arber and Dey, Debadeepta and Hutter, Frank},
  journal={arXiv preprint arXiv:2301.08727},
  year={2023}
}

@article{xie2018snas,
  title={SNAS: stochastic neural architecture search},
  author={Xie, Sirui and Zheng, Hehui and Liu, Chunxiao and Lin, Liang},
  journal={arXiv preprint arXiv:1812.09926},
  year={2018}
}

@article{yuan2024evoagent,
  title={EvoAgent: Towards Automatic Multi-Agent Generation via Evolutionary Algorithms},
  author={Yuan, Siyu and Song, Kaitao and Chen, Jiangjie and Tan, Xu and Li, Dongsheng and Yang, Deqing},
  journal={arXiv preprint arXiv:2406.14228},
  year={2024}
}

@article{zhang2024aflow,
  title={Aflow: Automating agentic workflow generation},
  author={Zhang, Jiayi and Xiang, Jinyu and Yu, Zhaoyang and Teng, Fengwei and Chen, Xionghui and Chen, Jiaqi and Zhuge, Mingchen and Cheng, Xin and Hong, Sirui and Wang, Jinlin and others},
  journal={arXiv preprint arXiv:2410.10762},
  year={2024}
}

@article{zhang2024cut,
 Author = {Guibin Zhang and Yanwei Yue and Zhixun Li and Sukwon Yun and Guancheng Wan and Kun Wang and Dawei Cheng and Jeffrey Xu Yu and Tianlong Chen},
Title = {Cut the Crap: An Economical Communication Pipeline for LLM-based Multi-Agent Systems},
Year = {2024},
  journal={arXiv preprint arXiv:2410.02506},
}

@article{zhang2024gdesigner,
  title={G-designer: Architecting multi-agent communication topologies via graph neural networks},
  author={Zhang, Guibin and Yue, Yanwei and Sun, Xiangguo and Wan, Guancheng and Yu, Miao and Fang, Junfeng and Wang, Kun and Cheng, Dawei},
  journal={arXiv preprint arXiv:2410.11782},
  year={2024}
}

@inproceedings{zhong2024memorybank,
  title={Memorybank: Enhancing large language models with long-term memory},
  author={Zhong, Wanjun and Guo, Lianghong and Gao, Qiqi and Ye, He and Wang, Yanlin},
  booktitle={Proceedings of the AAAI Conference on Artificial Intelligence},
  volume={38},
  number={17},
  pages={19724--19731},
  year={2024}
}

@article{zhu2024knowagent,
  title={Knowagent: Knowledge-augmented planning for llm-based agents},
  author={Zhu, Yuqi and Qiao, Shuofei and Ou, Yixin and Deng, Shumin and Zhang, Ningyu and Lyu, Shiwei and Shen, Yue and Liang, Lei and Gu, Jinjie and Chen, Huajun},
  journal={arXiv preprint arXiv:2403.03101},
  year={2024}
}

@inproceedings{zhuge2024gptswarm,
  title={GPTSwarm: Language Agents as Optimizable Graphs},
  author={Zhuge, Mingchen and Wang, Wenyi and Kirsch, Louis and Faccio, Francesco and Khizbullin, Dmitrii and Schmidhuber, J{\"u}rgen},
  booktitle={Forty-first International Conference on Machine Learning},
year={2024}
}

@article{zoph2016rl-nas,
  title={Neural architecture search with reinforcement learning},
  author={Zoph, B},
  journal={arXiv preprint arXiv:1611.01578},
  year={2016}
}

