@article{Kassis2024Unmarker,
  publtype={informal},
  author={Andre Kassis and Urs Hengartner},
  title={UnMarker: A Universal Attack on Defensive Watermarking},
  year={2024},
  cdate={1704067200000},
  journal={CoRR},
  volume={abs/2405.08363},
  url={https://doi.org/10.48550/arXiv.2405.08363}
}

@inproceedings{Liu2019TwoStage,
author = {Liu, Yang and Guo, Mengxi and Zhang, Jian and Zhu, Yuesheng and Xie, Xiaodong},
title = {A Novel Two-stage Separable Deep Learning Framework for Practical Blind Watermarking},
year = {2019},
isbn = {9781450368896},
publisher = {Association for Computing Machinery},
address = {New York, NY, USA},
url = {https://doi.org/10.1145/3343031.3351025},
doi = {10.1145/3343031.3351025},
booktitle = {Proceedings of the 27th ACM International Conference on Multimedia},
pages = {1509â€“1517},
numpages = {9},
keywords = {black-box noise, neural networks, robust blind watermarking},
location = {Nice, France},
series = {MM '19}
}

@article{an2024benchmarking,
  title={Benchmarking the Robustness of Image Watermarks},
  author={An, Bang and Ding, Mucong and Rabbani, Tahseen and Agrawal, Aakriti and Xu, Yuancheng and Deng, Chenghao and Zhu, Sicheng and Mohamed, Abdirisak and Wen, Yuxin and Goldstein, Tom and others},
  journal={arXiv preprint arXiv:2401.08573},
  year={2024}
}

@article{ho2020denoising,
  title={Denoising diffusion probabilistic models},
  author={Ho, Jonathan and Jain, Ajay and Abbeel, Pieter},
  journal={Advances in neural information processing systems},
  volume={33},
  pages={6840--6851},
  year={2020}
}

@article{hu2024transfer,
  title={A Transfer Attack to Image Watermarks},
  author={Hu, Yuepeng and Jiang, Zhengyuan and Guo, Moyang and Gong, Neil},
  journal={arXiv preprint arXiv:2403.15365},
  year={2024}
}

@inproceedings{jiang2023evading,
  title={Evading watermark based detection of AI-generated content},
  author={Jiang, Zhengyuan and Zhang, Jinghuai and Gong, Neil Zhenqiang},
  booktitle={Proceedings of the 2023 ACM SIGSAC Conference on Computer and Communications Security},
  pages={1168--1181},
  year={2023}
}

@inproceedings{kutter2000watermark,
  title={Watermark copy attack},
  author={Kutter, Martin and Voloshynovskiy, Sviatoslav V and Herrigel, Alexander},
  booktitle={Security and Watermarking of Multimedia Contents II},
  volume={3971},
  pages={371--380},
  year={2000},
  organization={SPIE}
}

@inproceedings{lukas2024leveraging,
title={Leveraging Optimization for Adaptive Attacks on Image Watermarks},
author={Nils Lukas and Abdulrahman Diaa and Lucas Fenaux and Florian Kerschbaum},
booktitle={The Twelfth International Conference on Learning Representations},
year={2024},
url={https://openreview.net/forum?id=O9PArxKLe1}
}

@article{saberi2023robustness,
  title={Robustness of ai-image detectors: Fundamental limits and practical attacks},
  author={Saberi, Mehrdad and Sadasivan, Vinu Sankar and Rezaei, Keivan and Kumar, Aounon and Chegini, Atoosa and Wang, Wenxiao and Feizi, Soheil},
  journal={arXiv preprint arXiv:2310.00076},
  year={2023}
}

@inproceedings{stegastamp,
  title={Stegastamp: Invisible hyperlinks in physical photographs},
  author={Tancik, Matthew and Mildenhall, Ben and Ng, Ren},
  booktitle={Proceedings of the IEEE/CVF conference on computer vision and pattern recognition},
  pages={2117--2126},
  year={2020}
}

@misc{yang2024steganalysis,
      title={Steganalysis on Digital Watermarking: Is Your Defense Truly Impervious?}, 
      author={Pei Yang and Hai Ci and Yiren Song and Mike Zheng Shou},
      year={2024},
      eprint={2406.09026},
      archivePrefix={arXiv},
      primaryClass={cs.CV},
      url={https://arxiv.org/abs/2406.09026}, 
}

@article{zhao2023invisible,
  title={Invisible image watermarks are provably removable using generative ai},
  author={Zhao, Xuandong and Zhang, Kexun and Su, Zihao and Vasan, Saastha and Grishchenko, Ilya and Kruegel, Christopher and Vigna, Giovanni and Wang, Yu-Xiang and Li, Lei},
  journal={arXiv preprint arXiv:2306.01953},
  year={2023}
}

@inproceedings{zhu2018hidden,
  title={Hidden: Hiding data with deep networks},
  author={Zhu, Jiren and Kaplan, Russell and Johnson, Justin and Fei-Fei, Li},
  booktitle={Proceedings of the European conference on computer vision (ECCV)},
  pages={657--672},
  year={2018},
}

