@String(PAMI = {IEEE Trans. Pattern Anal. Mach. Intell.})
@String(IJCV = {Int. J. Comput. Vis.})
@String(CVPR= {IEEE Conf. Comput. Vis. Pattern Recog.})
@String(ICCV= {Int. Conf. Comput. Vis.})
@String(ECCV= {Eur. Conf. Comput. Vis.})
@String(NIPS= {Adv. Neural Inform. Process. Syst.})
@String(ICPR = {Int. Conf. Pattern Recog.})
@String(BMVC= {Brit. Mach. Vis. Conf.})
@String(TOG= {ACM Trans. Graph.})
@String(TIP  = {IEEE Trans. Image Process.})
@String(TVCG  = {IEEE Trans. Vis. Comput. Graph.})
@String(TMM  = {IEEE Trans. Multimedia})
@String(ACMMM= {ACM Int. Conf. Multimedia})
@String(ICME = {Int. Conf. Multimedia and Expo})
@String(ICASSP=	{ICASSP})
@String(ICIP = {IEEE Int. Conf. Image Process.})
@String(ACCV  = {ACCV})
@String(ICLR = {Int. Conf. Learn. Represent.})
@String(IJCAI = {IJCAI})
@String(PR   = {Pattern Recognition})
@String(AAAI = {AAAI})
@String(CVPRW= {IEEE Conf. Comput. Vis. Pattern Recog. Worksh.})
@String(CSVT = {IEEE Trans. Circuit Syst. Video Technol.})

@String(SPL	= {IEEE Sign. Process. Letters})
@String(VR   = {Vis. Res.})
@String(JOV	 = {J. Vis.})
@String(TVC  = {The Vis. Comput.})
@String(JCST  = {J. Comput. Sci. Tech.})
@String(CGF  = {Comput. Graph. Forum})
@String(CVM = {Computational Visual Media})


@String(PAMI  = {IEEE TPAMI})
@String(IJCV  = {IJCV})
@String(CVPR  = {CVPR})
@String(ICCV  = {ICCV})
@String(ECCV  = {ECCV})
@String(NIPS  = {NeurIPS})
@String(ICPR  = {ICPR})
@String(BMVC  =	{BMVC})
@String(TOG   = {ACM TOG})
@String(TIP   = {IEEE TIP})
@String(TVCG  = {IEEE TVCG})
@String(TCSVT = {IEEE TCSVT})
@String(TMM   =	{IEEE TMM})
@String(ACMMM = {ACM MM})
@String(ICME  =	{ICME})
@String(ICASSP=	{ICASSP})
@String(ICIP  = {ICIP})
@String(ACCV  = {ACCV})
@String(ICLR  = {ICLR})
@String(IJCAI = {IJCAI})
@String(PR = {PR})
@String(AAAI = {AAAI})
@String(CVPRW= {CVPRW})
@String(CSVT = {IEEE TCSVT})

@article{vaswani2017attention,
  title={Attention is all you need},
  author={Vaswani, A},
  journal={Advances in Neural Information Processing Systems},
  year={2017}
}


@inproceedings{stablediffusion,
  title={High-resolution image synthesis with latent diffusion models},
  author={Rombach, Robin and Blattmann, Andreas and Lorenz, Dominik and Esser, Patrick and Ommer, Bj{\"o}rn},
  booktitle={Proceedings of the IEEE/CVF conference on computer vision and pattern recognition},
  pages={10684--10695},
  year={2022}
}

@article{an2024benchmarking,
  title={Benchmarking the Robustness of Image Watermarks},
  author={An, Bang and Ding, Mucong and Rabbani, Tahseen and Agrawal, Aakriti and Xu, Yuancheng and Deng, Chenghao and Zhu, Sicheng and Mohamed, Abdirisak and Wen, Yuxin and Goldstein, Tom and others},
  journal={arXiv preprint arXiv:2401.08573},
  year={2024}
}
@inproceedings{jiang2024certifiably,
  title={Certifiably robust image watermark},
  author={Jiang, Zhengyuan and Guo, Moyang and Hu, Yuepeng and Jia, Jinyuan and Gong, Neil Zhenqiang},
  booktitle={European Conference on Computer Vision},
  pages={427--443},
  year={2024},
  organization={Springer}
}
@article{jiang2024watermark,
  title={Watermark-based Detection and Attribution of AI-Generated Content},
  author={Jiang, Zhengyuan and Guo, Moyang and Hu, Yuepeng and Gong, Neil Zhenqiang},
  journal={arXiv preprint arXiv:2404.04254},
  year={2024}
}
@article{PGD,
  title={Towards deep learning models resistant to adversarial attacks},
  author={M{\k{a}}dry, Aleksander and Makelov, Aleksandar and Schmidt, Ludwig and Tsipras, Dimitris and Vladu, Adrian},
  journal={stat},
  volume={1050},
  number={9},
  year={2017}
}

@article{FGSM,
  title={Explaining and harnessing adversarial examples},
  author={Goodfellow, Ian J and Shlens, Jonathon and Szegedy, Christian},
  journal={arXiv preprint arXiv:1412.6572},
  year={2014}
}

# ---- news -----


@Misc{PromptBase,
  url = {https://promptbase.com/},
  author = {},
  title = {PromptBase},
  year = {2024}
}

@Misc{PromptHero,
  url = {https://prompthero.com/midjourney-prompts},
  author = {},
  title = {PromptHero},
  year = {2024}
}

@Misc{fakenews1,
  url = {https://www.bbc.com/news/world-us-canada-65069316},
  author = {Kayleen Devlin, Joshua Cheetham},
  title = {Fake Trump arrest photos: How to spot an AI-generated image},
  year = {2024}
}

@Misc{openaiwatermark,
  url = {https://www.theverge.com/2024/2/6/24063954/
         ai-watermarks-dalle3-openai-content-credentials},
  author = {Emilia David},
  title = {OpenAI is adding new watermarks to DALL-E 3},
  year = {2024}
}

@Misc{Synthid,
  url = {https://deepmind.google/technologies/synthid/},
  author = {Google Deepmind},
  title = {SynthID: Identifying AI-generated content with SynthID},
  year = {2024}
}

@Misc{Amazonwatermark,
  url = {https://aws.amazon.com/cn/about-aws/whats-new/2024/04/
         watermark-detection-amazon-titan-image-generator-bedrock/},
  author = {Amazon},
  title = {Watermark detection for Amazon Titan Image Generator now available in Amazon Bedrock},
  year = {2024}
}

@Misc{Bingwatermark,
  url = {https://blogs.microsoft.com/blog/2023/09/21/
         announcing-microsoft-copilot-your-everyday-ai-companion/},
  author = {Yusuf Mehdi},
  title = {Announcing Microsoft Copilot, your everyday AI companion},
  year = {2024}
}

@Misc{Imagen3,
  url = {https://deepmind.google/technologies/imagen-3/},
  author = {Google Deepmind},
  title = {Imagen 3: Our highest quality text-to-image model},
  year = {2024}
}

@Misc{Imagen2,
  url = {https://deepmind.google/technologies/imagen-2/},
  author = {Google Deepmind},
  title = {Imagen 2},
  year = {2024}
}

@Misc{DALLE2,
  url = {https://openai.com/index/dall-e-2/},
  author = {OpenAI},
  title = {DALLE2},
  year = {2024}
}

@Misc{DALLE3,
  url = {https://openai.com/index/dall-e-3/},
  author = {OpenAI},
  title = {DALLE3},
  year = {2024}
}

@Misc{Midjourney,
  url = {https://www.midjourney.com/home},
  author = {},
  title = {Midjourney},
  year = {2024}
}

@Misc{Sora,
  url = {https://openai.com/sora},
  author = {},
  title = {Sora},
  year = {2024}
}

@Misc{Titan,
  url = {https://aws.amazon.com/cn/bedrock/amazon-models/titan/},
  author = {Amazon},
  title = {Titan},
  year = {2025}
}

@Misc{AmazonAPI,
  url = {https://aws.amazon.com/cn/blogs/aws/amazon-titan-image-generator-and-watermark-detection-api-are-now-available-in-amazon-bedrock/},
  author = {Amazon},
  title = {Amazon Titan Image Generator and watermark detection API are now available in Amazon Bedrock},
  year = {2025}
}

@Misc{Whitehouse,
  url = {https://www.reuters.com/technology/openai-google-others-pledge-watermark-ai-content-safety-white-house-2023-07-21/},
  author = {Diane Bartz, Krystal Hu},
  title = {OpenAI, Google, others pledge to watermark AI content for safety, White House says},
  year = {2024}
}

@Misc{METAwatermark,
  url = {https://ai.meta.com/blog/stable-signature-watermarking-generative-ai/},
  author = {Meta AI},
  title = {Stable Signature: A new method for watermarking images created by open source generative AI},
  year = {2023}
}


@Misc{Stabilitywatermark,
  url = {https://github.com/Stability-AI/stablediffusion},
  author = {Stability AI},
  year = {2024}
}

# ----diffusion model----

@inproceedings{sohl2015deep,
  title={Deep unsupervised learning using nonequilibrium thermodynamics},
  author={Sohl-Dickstein, Jascha and Weiss, Eric and Maheswaranathan, Niru and Ganguli, Surya},
  booktitle={International conference on machine learning},
  pages={2256--2265},
  year={2015},
  organization={PMLR}
}


@article{song2020denoising,
  title={Denoising diffusion implicit models},
  author={Song, Jiaming and Meng, Chenlin and Ermon, Stefano},
  journal={arXiv preprint arXiv:2010.02502},
  year={2020}
}

@article{ho2020denoising,
  title={Denoising diffusion probabilistic models},
  author={Ho, Jonathan and Jain, Ajay and Abbeel, Pieter},
  journal={Advances in neural information processing systems},
  volume={33},
  pages={6840--6851},
  year={2020}
}

@article{song2020score,
  title={Score-based generative modeling through stochastic differential equations},
  author={Song, Yang and Sohl-Dickstein, Jascha and Kingma, Diederik P and Kumar, Abhishek and Ermon, Stefano and Poole, Ben},
  journal={arXiv preprint arXiv:2011.13456},
  year={2020}
}

# ----inversion------

@inproceedings{richardson2021encoding,
  title={Encoding in style: a stylegan encoder for image-to-image translation},
  author={Richardson, Elad and Alaluf, Yuval and Patashnik, Or and Nitzan, Yotam and Azar, Yaniv and Shapiro, Stav and Cohen-Or, Daniel},
  booktitle={Proceedings of the IEEE/CVF conference on computer vision and pattern recognition},
  pages={2287--2296},
  year={2021}
}

@inproceedings{mokady2023null,
  title={Null-text inversion for editing real images using guided diffusion models},
  author={Mokady, Ron and Hertz, Amir and Aberman, Kfir and Pritch, Yael and Cohen-Or, Daniel},
  booktitle={Proceedings of the IEEE/CVF Conference on Computer Vision and Pattern Recognition},
  pages={6038--6047},
  year={2023}
}

@article{dhariwal2021diffusion,
  title={Diffusion models beat gans on image synthesis},
  author={Dhariwal, Prafulla and Nichol, Alexander},
  journal={Advances in neural information processing systems},
  volume={34},
  pages={8780--8794},
  year={2021}
}

@inproceedings{nichol2021improved,
  title={Improved denoising diffusion probabilistic models},
  author={Nichol, Alexander Quinn and Dhariwal, Prafulla},
  booktitle={International conference on machine learning},
  pages={8162--8171},
  year={2021},
  organization={PMLR}
}





# -----Dataset------
@article{wang2022diffusiondb,
  title={Diffusiondb: A large-scale prompt gallery dataset for text-to-image generative models},
  author={Wang, Zijie J and Montoya, Evan and Munechika, David and Yang, Haoyang and Hoover, Benjamin and Chau, Duen Horng},
  journal={arXiv preprint arXiv:2210.14896},
  year={2022}
}

@inproceedings{MS-COCO,
  title={Microsoft coco: Common objects in context},
  author={Lin, Tsung-Yi and Maire, Michael and Belongie, Serge and Hays, James and Perona, Pietro and Ramanan, Deva and Doll{\'a}r, Piotr and Zitnick, C Lawrence},
  booktitle={Computer Vision--ECCV 2014: 13th European Conference, Zurich, Switzerland, September 6-12, 2014, Proceedings, Part V 13},
  pages={740--755},
  year={2014},
  organization={Springer}
}

@article{CelebA-HQ,
  title={Introvae: Introspective variational autoencoders for photographic image synthesis},
  author={Huang, Huaibo and He, Ran and Sun, Zhenan and Tan, Tieniu and others},
  journal={Advances in neural information processing systems},
  volume={31},
  year={2018}
}

@article{Imagenet,
Author = {Olga Russakovsky and Jia Deng and Hao Su and Jonathan Krause and Sanjeev Satheesh and Sean Ma and Zhiheng Huang and Andrej Karpathy and Aditya Khosla and Michael Bernstein and Alexander C. Berg and Li Fei-Fei},
Title = {{ImageNet Large Scale Visual Recognition Challenge}},
Year = {2015},
journal   = {International Journal of Computer Vision (IJCV)},
doi = {10.1007/s11263-015-0816-y},
volume={115},
number={3},
pages={211-252}
}








# ----non-learning-based watermark----

@article{chopra2012lsb,
  title={LSB based digital image watermarking for gray scale image},
  author={Chopra, Deepshikha and Gupta, Preeti and Sanjay, Gaur and Gupta, Anil},
  journal={IOSR Journal of Computer Engineering},
  volume={6},
  number={1},
  pages={36--41},
  year={2012}
}

@article{ahmed1974discrete,
  title={Discrete cosine transform},
  author={Ahmed, Nasir and Natarajan, T\_ and Rao, Kamisetty R},
  journal={IEEE transactions on Computers},
  volume={100},
  number={1},
  pages={90--93},
  year={1974},
  publisher={IEEE}
}

@article{shensa1992discrete,
  title={The discrete wavelet transform: wedding the a trous and Mallat algorithms},
  author={Shensa, Mark J and others},
  journal={IEEE Transactions on signal processing},
  volume={40},
  number={10},
  pages={2464--2482},
  year={1992}
}

@article{DWT-DCT,
  title={Combined DWT-DCT digital image watermarking},
  author={Al-Haj, Ali},
  journal={Journal of computer science},
  volume={3},
  number={9},
  pages={740--746},
  year={2007}
}

@inproceedings{DCTcontraints,
  title = {Image Watermarking Using {{DCT}} Domain Constraints},
  booktitle = {Proceedings of 3rd {{IEEE International Conference}} on {{Image Processing}}},
  author = {Bors, A.G. and Pitas, I.},
  year = {1996},
  volume = {3},
  pages = {231--234},
  publisher = {IEEE},
  address = {Lausanne, Switzerland},
  doi = {10.1109/ICIP.1996.560426},
  urldate = {2024-05-16},
  isbn = {978-0-7803-3259-1}
}

@inproceedings{DWT-DCT-SVD,
  title = {{{DWT-DCT-SVD}} Based Watermarking},
  booktitle = {2008 3rd {{International Conference}} on {{Communication Systems Software}} and {{Middleware}} and {{Workshops}} ({{COMSWARE}} '08)},
  author = {Navas, K. A. and Ajay, Mathews Cheriyan and Lekshmi, M. and Archana, Tampy S. and Sasikumar, M.},
  year = {2008},
  month = jan,
  pages = {271--274},
  publisher = {IEEE},
}




#----learning-based encoder-decoder watermark----

@article{RivaGAN,
  title={Robust invisible video watermarking with attention},
  author={Zhang, Kevin Alex and Xu, Lei and Cuesta-Infante, Alfredo and Veeramachaneni, Kalyan},
  journal={arXiv preprint arXiv:1909.01285},
  year={2019}
}

@inproceedings{zhu2018hidden,
  title={Hidden: Hiding data with deep networks},
  author={Zhu, Jiren and Kaplan, Russell and Johnson, Justin and Fei-Fei, Li},
  booktitle={Proceedings of the European conference on computer vision (ECCV)},
  pages={657--672},
  year={2018},
}

@inproceedings{stegastamp,
  title={Stegastamp: Invisible hyperlinks in physical photographs},
  author={Tancik, Matthew and Mildenhall, Ben and Ng, Ren},
  booktitle={Proceedings of the IEEE/CVF conference on computer vision and pattern recognition},
  pages={2117--2126},
  year={2020}
}

@inproceedings{fang2023flow,
  title={Flow-based robust watermarking with invertible noise layer for black-box distortions},
  author={Fang, Han and Qiu, Yupeng and Chen, Kejiang and Zhang, Jiyi and Zhang, Weiming and Chang, Ee-Chien},
  booktitle={Proceedings of the AAAI conference on artificial intelligence},
  volume={37},
  number={4},
  pages={5054--5061},
  year={2023}
}

@inproceedings{PIMoG,
  title = {{{PIMoG}}: {{An Effective Screen-shooting Noise-Layer Simulation}} for {{Deep-Learning-Based Watermarking Network}}},
  shorttitle = {{{PIMoG}}},
  booktitle = {Proceedings of the 30th {{ACM International Conference}} on {{Multimedia}}},
  author = {Fang, Han and Jia, Zhaoyang and Ma, Zehua and Chang, Ee-Chien and Zhang, Weiming},
  year = {2022},
  month = oct,
  pages = {2267--2275},
  publisher = {ACM},
  address = {Lisboa Portugal},
}

@inproceedings{guo2023practical,
  title={Practical Deep Dispersed Watermarking with Synchronization and Fusion},
  author={Guo, Hengchang and Zhang, Qilong and Luo, Junwei and Guo, Feng and Zhang, Wenbin and Su, Xiaodong and Li, Minglei},
  booktitle={Proceedings of the 31st ACM International Conference on Multimedia},
  pages={7922--7932},
  year={2023}
}

@inproceedings{jia2021mbrs,
  title={Mbrs: Enhancing robustness of dnn-based watermarking by mini-batch of real and simulated jpeg compression},
  author={Jia, Zhaoyang and Fang, Han and Zhang, Weiming},
  booktitle={Proceedings of the 29th ACM international conference on multimedia},
  pages={41--49},
  year={2021}
}

@article{RIHOOP,
  title = {{{RIHOOP}}: {{Robust Invisible Hyperlinks}} in {{Offline}} and {{Online Photographs}}},
  shorttitle = {{{RIHOOP}}},
  author = {Jia, Jun and Gao, Zhongpai and Chen, Kang and Hu, Menghan and Min, Xiongkuo and Zhai, Guangtao and Yang, Xiaokang},
  year = {2022},
  month = jul,
  journal = {IEEE Trans. Cybern.},
  volume = {52},
  number = {7},
  pages = {7094--7106},
  doi = {10.1109/TCYB.2020.3037208},
}

@inproceedings{CIN,
  title = {Towards {{Blind Watermarking}}: {{Combining Invertible}} and {{Non-invertible Mechanisms}}},
  shorttitle = {Towards {{Blind Watermarking}}},
  booktitle = {Proceedings of the 30th {{ACM International Conference}} on {{Multimedia}}},
  author = {Ma, Rui and Guo, Mengxi and Hou, Yi and Yang, Fan and Li, Yuan and Jia, Huizhu and Xie, Xiaodong},
  year = {2022},
  month = oct,
  pages = {1532--1542},
  publisher = {ACM},
  address = {Lisboa Portugal},
  doi = {10.1145/3503161.3547950},
  urldate = {2023-12-27},
}

@article{zhang2024robust,
  title={Robust Image Watermarking using Stable Diffusion},
  author={Zhang, Lijun and Liu, Xiao and Martin, Antoni Viros and Bearfield, Cindy Xiong and Brun, Yuriy and Guan, Hui},
  journal={arXiv preprint arXiv:2401.04247},
  year={2024}
}

# ---- In-processing watermark

@article{zhao2023recipe,
  title={A recipe for watermarking diffusion models},
  author={Zhao, Yunqing and Pang, Tianyu and Du, Chao and Yang, Xiao and Cheung, Ngai-Man and Lin, Min},
  journal={arXiv preprint arXiv:2303.10137},
  year={2023}
}

@inproceedings{stablesignature,
  title={The stable signature: Rooting watermarks in latent diffusion models},
  author={Fernandez, Pierre and Couairon, Guillaume and J{\'e}gou, Herv{\'e} and Douze, Matthijs and Furon, Teddy},
  booktitle={Proceedings of the IEEE/CVF International Conference on Computer Vision},
  pages={22466--22477},
  year={2023}
}

@article{zhang2020udh,
  title={Udh: Universal deep hiding for steganography, watermarking, and light field messaging},
  author={Zhang, Chaoning and Benz, Philipp and Karjauv, Adil and Sun, Geng and Kweon, In So},
  journal={Advances in Neural Information Processing Systems},
  volume={33},
  pages={10223--10234},
  year={2020}
}

@inproceedings{lukas2023ptw,
  title={$\{$PTW$\}$: Pivotal Tuning Watermarking for $\{$Pre-Trained$\}$ Image Generators},
  author={Lukas, Nils and Kerschbaum, Florian},
  booktitle={32nd USENIX Security Symposium (USENIX Security 23)},
  pages={2241--2258},
  year={2023}
}

@inproceedings{FlexibleSecureWM,
  title = {Flexible and {{Secure Watermarking}} for {{Latent Diffusion Model}}},
  booktitle = {Proceedings of the 31st {{ACM International Conference}} on {{Multimedia}}},
  author = {Xiong, Cheng and Qin, Chuan and Feng, Guorui and Zhang, Xinpeng},
  year = {2023},
  month = oct,
  pages = {1668--1676},
  publisher = {ACM},
  address = {Ottawa ON Canada},
  doi = {10.1145/3581783.3612448},
  urldate = {2023-11-07},
  isbn = {9798400701085}
}

@misc{Gaussianshading,
  title = {Gaussian {{Shading}}: {{Provable Performance-Lossless Image Watermarking}} for {{Diffusion Models}}},
  shorttitle = {Gaussian {{Shading}}},
  author = {Yang, Zijin and Zeng, Kai and Chen, Kejiang and Fang, Han and Zhang, Weiming and Yu, Nenghai},
  year = {2024},
  month = may,
  number = {arXiv:2404.04956},
  publisher = {arXiv},
  urldate = {2024-05-16},
  archiveprefix = {arxiv},
  note = {Comment: 17 pages, 11 figures, accepted by CVPR 2024}
}

@inproceedings{YU1,
  title = {Artificial {{Fingerprinting}} for {{Generative Models}}: {{Rooting Deepfake Attribution}} in {{Training Data}}},
  shorttitle = {Artificial {{Fingerprinting}} for {{Generative Models}}},
  booktitle = {2021 {{IEEE}}/{{CVF International Conference}} on {{Computer Vision}} ({{ICCV}})},
  author = {Yu, Ning and Skripniuk, Vladislav and Abdelnabi, Sahar and Fritz, Mario},
  year = {2021},
  month = oct,
  pages = {14428--14437},
  publisher = {IEEE},
  address = {Montreal, QC, Canada},
  doi = {10.1109/ICCV48922.2021.01418},
  urldate = {2023-11-18},
  isbn = {978-1-66542-812-5}
}

@inproceedings{yu2021responsible,
  title={Responsible Disclosure of Generative Models Using Scalable Fingerprinting},
  author={Yu, Ning and Skripniuk, Vladislav and Chen, Dingfan and Davis, Larry S and Fritz, Mario},
  booktitle={International Conference on Learning Representations},
  year={2021}
}

@article{wen2023tree,
  title={Tree-ring watermarks: Fingerprints for diffusion images that are invisible and robust},
  author={Wen, Yuxin and Kirchenbauer, John and Geiping, Jonas and Goldstein, Tom},
  journal={arXiv preprint arXiv:2305.20030},
  year={2023}
}

@article{zhao2024sok,
  title={SoK: Watermarking for AI-Generated Content},
  author={Zhao, Xuandong and Gunn, Sam and Christ, Miranda and Fairoze, Jaiden and Fabrega, Andres and Carlini, Nicholas and Garg, Sanjam and Hong, Sanghyun and Nasr, Milad and Tramer, Florian and others},
  journal={arXiv preprint arXiv:2411.18479},
  year={2024}
}


% evading attack
@inproceedings{jiang2023evading,
  title={Evading watermark based detection of AI-generated content},
  author={Jiang, Zhengyuan and Zhang, Jinghuai and Gong, Neil Zhenqiang},
  booktitle={Proceedings of the 2023 ACM SIGSAC Conference on Computer and Communications Security},
  pages={1168--1181},
  year={2023}
}

@article{zhao2023invisible,
  title={Invisible image watermarks are provably removable using generative ai},
  author={Zhao, Xuandong and Zhang, Kexun and Su, Zihao and Vasan, Saastha and Grishchenko, Ilya and Kruegel, Christopher and Vigna, Giovanni and Wang, Yu-Xiang and Li, Lei},
  journal={arXiv preprint arXiv:2306.01953},
  year={2023}
}

@article{madry2017towards,
  title={Towards deep learning models resistant to adversarial attacks},
  author={Madry, Aleksander},
  journal={arXiv preprint arXiv:1706.06083},
  year={2017}
}

@article{hu2024transfer,
  title={A Transfer Attack to Image Watermarks},
  author={Hu, Yuepeng and Jiang, Zhengyuan and Guo, Moyang and Gong, Neil},
  journal={arXiv preprint arXiv:2403.15365},
  year={2024}
}







% text watermark spoofing attack
@article{gu2023learnability,
  title={On the learnability of watermarks for language models},
  author={Gu, Chenchen and Li, Xiang Lisa and Liang, Percy and Hashimoto, Tatsunori},
  journal={arXiv preprint arXiv:2312.04469},
  year={2023}
}
@article{sadasivan2023can,
  title={Can AI-generated text be reliably detected?},
  author={Sadasivan, Vinu Sankar and Kumar, Aounon and Balasubramanian, Sriram and Wang, Wenxiao and Feizi, Soheil},
  journal={arXiv preprint arXiv:2303.11156},
  year={2023}
}
@article{zhang2024large,
  title={Large Language Model Watermark Stealing With Mixed Integer Programming},
  author={Zhang, Zhaoxi and Zhang, Xiaomei and Zhang, Yanjun and Zhang, Leo Yu and Chen, Chao and Hu, Shengshan and Gill, Asif and Pan, Shirui},
  journal={arXiv preprint arXiv:2405.19677},
  year={2024}
}
@article{jovanovic2024watermark,
  title={Watermark stealing in large language models},
  author={Jovanovi{\'c}, Nikola and Staab, Robin and Vechev, Martin},
  journal={arXiv preprint arXiv:2402.19361},
  year={2024}
}




% image watermark spoofing(forge) attack

@article{saberi2023robustness,
  title={Robustness of ai-image detectors: Fundamental limits and practical attacks},
  author={Saberi, Mehrdad and Sadasivan, Vinu Sankar and Rezaei, Keivan and Kumar, Aounon and Chegini, Atoosa and Wang, Wenxiao and Feizi, Soheil},
  journal={arXiv preprint arXiv:2310.00076},
  year={2023}
}
@article{kinakh2024evaluation,
  title={Evaluation of Security of ML-based Watermarking: Copy and Removal Attacks},
  author={Kinakh, Vitaliy and Pulfer, Brian and Belousov, Yury and Fernandez, Pierre and Furon, Teddy and Voloshynovskiy, Slava},
  journal={arXiv preprint arXiv:2409.18211},
  year={2024}
}
@inproceedings{kutter2000watermark,
  title={Watermark copy attack},
  author={Kutter, Martin and Voloshynovskiy, Sviatoslav V and Herrigel, Alexander},
  booktitle={Security and Watermarking of Multimedia Contents II},
  volume={3971},
  pages={371--380},
  year={2000},
  organization={SPIE}
}
@article{li2023warfare,
  title={Warfare: Breaking the watermark protection of AI-Generated Content},
  author={Li, Guanlin and Chen, Yifei and Zhang, Jie and Li, Jiwei and Guo, Shangwei and Zhang, Tianwei},
  journal={arXiv e-prints},
  pages={arXiv--2310},
  year={2023}
}

@inproceedings{wang2021watermark,
  title={Watermark faker: towards forgery of digital image watermarking},
  author={Wang, Ruowei and Lin, Chenguo and Zhao, Qijun and Zhu, Feiyu},
  booktitle={2021 IEEE International Conference on Multimedia and Expo (ICME)},
  pages={1--6},
  year={2021},
  organization={IEEE}
}

@article{muller2024black,
  title={Black-Box Forgery Attacks on Semantic Watermarks for Diffusion Models},
  author={M{\"u}ller, Andreas and Lukovnikov, Denis and Thietke, Jonas and Fischer, Asja and Quiring, Erwin},
  journal={arXiv preprint arXiv:2412.03283},
  year={2024}
}

%----------DDIM Inversion----------
@article{lin2024schedule,
  title={Schedule your edit: A simple yet effective diffusion noise schedule for image editing},
  author={Lin, Haonan and Wang, Mengmeng and Wang, Jiahao and An, Wenbin and Chen, Yan and Liu, Yong and Tian, Feng and Dai, Guang and Wang, Jingdong and Wang, Qianying},
  journal={arXiv preprint arXiv:2410.18756},
  year={2024}
}

@article{zhang2024easyinv,
  title={Easyinv: Toward fast and better ddim inversion},
  author={Zhang, Ziyue and Lin, Mingbao and Yan, Shuicheng and Ji, Rongrong},
  journal={arXiv preprint arXiv:2408.05159},
  year={2024}
}

@misc {invisible-watermark,
  title = {Invisible Watermark},
  author ={Qingquan Wang and buley},
  year = {2020}, 
  howpublished = {\url{https://github.com/ ShieldMnt/invisible- watermark.}},
  note = {Online; accessed 27-Jan-2025}
}


%------------------ metric

@article{wang2004image,
  title={Image quality assessment: from error visibility to structural similarity},
  author={Wang, Zhou and Bovik, Alan C and Sheikh, Hamid R and Simoncelli, Eero P},
  journal={IEEE transactions on image processing},
  volume={13},
  number={4},
  pages={600--612},
  year={2004},
  publisher={IEEE}
}

@article{loshchilov2017decoupled,
  title={Decoupled weight decay regularization},
  author={Loshchilov, I},
  journal={arXiv preprint arXiv:1711.05101},
  year={2017}
}

@inproceedings{DenseNet2017,
  title={Densely connected convolutional networks},
  author={Huang, Gao and Liu, Zhuang and van der Maaten, Laurens and Weinberger, Kilian Q },
  booktitle={Proceedings of the IEEE Conference on Computer Vision and Pattern Recognition},
  year={2017}
}

% -------------dataset
@InProceedings{Agustsson_2017_CVPR_Workshops,
    author = {Agustsson, Eirikur and Timofte, Radu},
    title = {NTIRE 2017 Challenge on Single Image Super-Resolution: Dataset and Study},
    booktitle = {The IEEE Conference on Computer Vision and Pattern Recognition (CVPR) Workshops},
    month = {July},
    year = {2017}
}

@inproceedings{lin2014microsoft,
  title={Microsoft coco: Common objects in context},
  author={Lin, Tsung-Yi and Maire, Michael and Belongie, Serge and Hays, James and Perona, Pietro and Ramanan, Deva and Doll{\'a}r, Piotr and Zitnick, C Lawrence},
  booktitle={Computer Vision--ECCV 2014: 13th European Conference, Zurich, Switzerland, September 6-12, 2014, Proceedings, Part V 13},
  pages={740--755},
  year={2014},
  organization={Springer}
}

@inproceedings{Liu2019TwoStage,
author = {Liu, Yang and Guo, Mengxi and Zhang, Jian and Zhu, Yuesheng and Xie, Xiaodong},
title = {A Novel Two-stage Separable Deep Learning Framework for Practical Blind Watermarking},
year = {2019},
isbn = {9781450368896},
publisher = {Association for Computing Machinery},
address = {New York, NY, USA},
url = {https://doi.org/10.1145/3343031.3351025},
doi = {10.1145/3343031.3351025},
booktitle = {Proceedings of the 27th ACM International Conference on Multimedia},
pages = {1509–1517},
numpages = {9},
keywords = {black-box noise, neural networks, robust blind watermarking},
location = {Nice, France},
series = {MM '19}
}

@inproceedings{lukas2024leveraging,
title={Leveraging Optimization for Adaptive Attacks on Image Watermarks},
author={Nils Lukas and Abdulrahman Diaa and Lucas Fenaux and Florian Kerschbaum},
booktitle={The Twelfth International Conference on Learning Representations},
year={2024},
url={https://openreview.net/forum?id=O9PArxKLe1}
}

@misc{yang2024steganalysis,
      title={Steganalysis on Digital Watermarking: Is Your Defense Truly Impervious?}, 
      author={Pei Yang and Hai Ci and Yiren Song and Mike Zheng Shou},
      year={2024},
      eprint={2406.09026},
      archivePrefix={arXiv},
      primaryClass={cs.CV},
      url={https://arxiv.org/abs/2406.09026}, 
}

@article{Kassis2024Unmarker,
  publtype={informal},
  author={Andre Kassis and Urs Hengartner},
  title={UnMarker: A Universal Attack on Defensive Watermarking},
  year={2024},
  cdate={1704067200000},
  journal={CoRR},
  volume={abs/2405.08363},
  url={https://doi.org/10.48550/arXiv.2405.08363}
}


