@article{alcala2011fuzzy,
  title={A fuzzy association rule-based classification model for high-dimensional problems with genetic rule selection and lateral tuning},
  author={Alcal{\'a}-Fdez, Jes{\'u}s and Alcala, Rafael and Herrera, Francisco},
  journal={IEEE Transactions on Fuzzy systems},
  volume={19},
  number={5},
  pages={857--872},
  year={2011},
  publisher={IEEE}
}

@article{antonelli2016multi,
  title={Multi-objective evolutionary design of granular rule-based classifiers},
  author={Antonelli, Michela and Ducange, Pietro and Lazzerini, Beatrice and Marcelloni, Francesco},
  journal={Granular Computing},
  volume={1},
  pages={37--58},
  year={2016},
  publisher={Springer}
}

@article{baldi1995gradient,
  title={Gradient descent learning algorithm overview: A general dynamical systems perspective},
  author={Baldi, Pierre},
  journal={IEEE Transactions on neural networks},
  volume={6},
  number={1},
  pages={182--195},
  year={1995},
  publisher={IEEE}
}

@article{birgani2019optimization,
  title={Optimization of brain tumor MR image classification accuracy using optimal threshold, PCA and training ANFIS with different repetitions},
  author={Birgani, MJ Tahmasebi and Chegeni, Nahid and Birgani, F Farhadi and Fatehi, Daryoush and Akbarizadeh, Gh and Shams, A},
  journal={Journal of Biomedical Physics \& Engineering},
  volume={9},
  number={2},
  pages={189},
  year={2019},
  publisher={Shiraz University of Medical Sciences}
}

@article{chen2013hybrid,
  title={A hybrid ANFIS model for business failure prediction utilizing particle swarm optimization and subtractive clustering},
  author={Chen, Mu-Yen},
  journal={Information Sciences},
  volume={220},
  pages={180--195},
  year={2013},
  publisher={Elsevier}
}

@article{do2021prediction,
  title={Prediction of the internal states of a nuclear power plant containment in LOCAs using rule-dropout deep fuzzy neural networks},
  author={Do Koo, Young and Jo, Hye Seon and Na, Man Gyun and Yoo, Kwae Hwan and Kim, Chang-Hwoi},
  journal={Annals of Nuclear Energy},
  volume={156},
  pages={108180},
  year={2021},
  publisher={Elsevier}
}

@article{ebrahimi2021accuracy,
  title={Accuracy, uncertainty, and interpretability assessments of ANFIS models to predict dust concentration in semi-arid regions},
  author={Ebrahimi-Khusfi, Zohre and Taghizadeh-Mehrjardi, Ruhollah and Nafarzadegan, Ali Reza},
  journal={Environmental Science and Pollution Research},
  volume={28},
  number={6},
  pages={6796--6810},
  year={2021},
  publisher={Springer}
}

@article{fazzolari2014multi,
  title={A multi-objective evolutionary method for learning granularities based on fuzzy discretization to improve the accuracy-complexity trade-off of fuzzy rule-based classification systems: D-MOFARC algorithm},
  author={Fazzolari, Michela and Alcal{\'a}, Rafael and Herrera, Francisco},
  journal={Applied Soft Computing},
  volume={24},
  pages={470--481},
  year={2014},
  publisher={Elsevier}
}

@article{feng2020accuracy,
  title={On the accuracy--complexity tradeoff of fuzzy broad learning system},
  author={Feng, Shuang and Chen, CL Philip and Xu, Lili and Liu, Zhulin},
  journal={IEEE Transactions on Fuzzy Systems},
  volume={29},
  number={10},
  pages={2963--2974},
  year={2020},
  publisher={IEEE}
}

@article{guendouzi2021new,
  title={A new differential evolution algorithm for cooperative fuzzy rule mining: application to anomaly detection},
  author={Guendouzi, Wassila and Boukra, Abdelmadjid},
  journal={Evolutionary Intelligence},
  pages={1--12},
  year={2021},
  publisher={Springer}
}

@article{held2006extracting,
  title={Extracting fuzzy rules from polysomnographic recordings for infant sleep classification},
  author={Held, Claudio M and Heiss, Jaime E and Est{\'e}vez, Pablo A and Perez, Claudio A and Garrido, Marcelo and Algar{\'\i}n, Cecilia and Peirano, Patricio},
  journal={IEEE Transactions on Biomedical Engineering},
  volume={53},
  number={10},
  pages={1954--1962},
  year={2006},
  publisher={IEEE}
}

@article{huang2022fuzzy,
  title={Fuzzy C-Means Clustering based Deep Patch Learning with Improved Interpretability for Classification Problems},
  author={Huang, Yunhu and Chen, Dewang and Zhao, Wendi and Lv, Yisheng},
  journal={IEEE Access},
  year={2022},
  publisher={IEEE}
}

@article{huhn2009furia,
  title={FURIA: an algorithm for unordered fuzzy rule induction},
  author={H{\"u}hn, Jens and H{\"u}llermeier, Eyke},
  journal={Data Mining and Knowledge Discovery},
  volume={19},
  pages={293--319},
  year={2009},
  publisher={Springer}
}

@article{hussain2015analysis,
  title={Analysis of techniques for anfis rule-base minimization and accuracy maximization},
  author={Hussain, Kashif and Salleh, M and Najib, M},
  journal={ARPN J. Eng. Appl. Sci},
  volume={10},
  number={20},
  pages={9739--9746},
  year={2015}
}

@article{karaboga2010artificial,
  title={Artificial bee colony algorithm},
  author={Karaboga, Dervis},
  journal={scholarpedia},
  volume={5},
  number={3},
  pages={6915},
  year={2010}
}

@article{kurniawan2018premise,
  title={Premise parameter optimization on adaptive network based fuzzy inference system using modification hybrid particle swarm optimization and genetic algorithm},
  author={Kurniawan, Muchamad and Suciati, Nanik},
  journal={Jurnal IPTEK},
  volume={22},
  number={2},
  pages={27--34},
  year={2018}
}

@article{leonori2020generalized,
  title={A generalized framework for ANFIS synthesis procedures by clustering techniques},
  author={Leonori, Stefano and Martino, Alessio and Luzi, Massimiliano and Mascioli, Fabio Massimo Frattale and Rizzi, Antonello},
  journal={Applied Soft Computing},
  volume={96},
  pages={106622},
  year={2020},
  publisher={Elsevier}
}

@article{li2022feature,
  title={Feature selection method based on Menger curvature and LDA theory for a P300 brain-computer interface},
  author={Li, Shurui and Jin, Jing and Daly, Ian and Liu, Chang and Cichocki, Andrzej},
  journal={Journal of Neural Engineering},
  volume={18},
  number={6},
  pages={066050},
  year={2022},
  publisher={IOP Publishing}
}

@article{marimuthu2019oafpm,
  title={OAFPM: optimized ANFIS using frequent pattern mining for activity recognition},
  author={Marimuthu, Poorani and Perumal, Varalakshmi and Vijayakumar, Vaidehi},
  journal={The Journal of Supercomputing},
  volume={75},
  number={8},
  pages={5347--5366},
  year={2019},
  publisher={Springer}
}

@article{owoseni2020improved,
  title={An improved adaptive neuro-fuzzy inference system using probability trajectory-based clustering ensemble},
  author={Owoseni, Alaba Timothy and Olabode, Olatubosun and Akintola, Kolawole G and Enikanselu, Pius Adekunle},
  journal={Scientific African},
  volume={9},
  pages={e00520},
  year={2020},
  publisher={Elsevier}
}

@article{pramod2021k,
  title={K-Means clustering based Extreme Learning ANFIS with improved interpretability for regression problems},
  author={Pramod, CP and Pillai, Gopinatha Nath},
  journal={Knowledge-Based Systems},
  volume={215},
  pages={106750},
  year={2021},
  publisher={Elsevier}
}

@incollection{price2013differential,
  title={Differential evolution},
  author={Price, Kenneth V},
  booktitle={Handbook of optimization: From classical to modern approach},
  pages={187--214},
  year={2013},
  publisher={Springer}
}

@article{rahchamani2021hybrid,
  title={A hybrid optimized learning-based compressive performance of concrete prediction using GBMO-ANFIS classifier and genetic algorithm reduction},
  author={Rahchamani, Ghodrat and Movahedifar, Seyed Mojtaba and Honarbakhsh, Amin},
  journal={Structural Concrete},
  volume={22},
  pages={E779--E799},
  year={2021},
  publisher={Wiley Online Library}
}

@article{rajab2019handling,
  title={Handling interpretability issues in ANFIS using rule base simplification and constrained learning},
  author={Rajab, Sharifa},
  journal={Fuzzy Sets and Systems},
  volume={368},
  pages={36--58},
  year={2019},
  publisher={Elsevier}
}

@article{rajeshwari2022dermatology,
  title={Dermatology disease prediction based on firefly optimization of ANFIS classifier},
  author={Rajeshwari, J and Sughasiny, M},
  journal={AIMS Electronics and Electrical Engineering},
  volume={6},
  number={1},
  pages={61--80},
  year={2022}
}

@article{ranganathan2004levenberg,
  title={The levenberg-marquardt algorithm},
  author={Ranganathan, Ananth},
  journal={Tutoral on LM algorithm},
  volume={11},
  number={1},
  pages={101--110},
  year={2004}
}

@article{rini2013balanced,
  title={Balanced the trade-offs problem of ANFIS using particle swarm optimization},
  author={Rini, Dian Palupi and Shamsuddin, Siti Mariyam and Yuhaniz, Siti Sophiayati},
  journal={TELKOMNIKA (Telecommunication Computing Electronics and Control)},
  volume={11},
  number={3},
  pages={611--616},
  year={2013}
}

@article{rumelhart1995backpropagation,
  title={Backpropagation: The basic theory},
  author={Rumelhart, David E and Durbin, Richard and Golden, Richard and Chauvin, Yves},
  journal={Backpropagation: Theory, architectures and applications},
  pages={1--34},
  year={1995},
  publisher={Lawrence Erlbaum Hillsdale, NJ, USA}
}

@article{saberi2022dual,
  title={Dual regularized unsupervised feature selection based on matrix factorization and minimum redundancy with application in gene selection},
  author={Saberi-Movahed, Farid and Rostami, Mehrdad and Berahmand, Kamal and Karami, Saeed and Tiwari, Prayag and Oussalah, Mourad and Band, Shahab S},
  journal={Knowledge-Based Systems},
  volume={256},
  pages={109884},
  year={2022},
  publisher={Elsevier}
}

@inproceedings{salleh2017optimization,
  title={Optimization of ANFIS using artificial bee colony algorithm for classification of Malaysian SMEs},
  author={Salleh, Mohd and Mohd, Najib and Hussain, Kashif and Naseem, Rashid and Uddin, Jamal},
  booktitle={International Conference on Soft Computing and Data Mining},
  pages={21--30},
  year={2017},
  organization={Springer}
}

@article{suraj2016jaya,
  title={Jaya based ANFIS for monitoring of two class motor imagery task},
  author={Suraj, S and Sinha, RK and Ghosh, S},
  journal={IEEE Access},
  volume={4},
  number={9273--9282},
  year={2016}
}

@article{tightiz2020intelligent,
  title={An intelligent system based on optimized ANFIS and association rules for power transformer fault diagnosis},
  author={Tightiz, Lilia and Nasab, Morteza Azimi and Yang, Hyosik and Addeh, Abdoljalil},
  journal={ISA transactions},
  volume={103},
  pages={63--74},
  year={2020},
  publisher={Elsevier}
}

@article{tomasiello2022fractional,
  title={On fractional Tikhonov regularization: application to the adaptive network-based fuzzy inference system for regression problems},
  author={Tomasiello, Stefania and Pedrycz, Witold and Loia, Vincenzo},
  journal={IEEE Transactions on Fuzzy Systems},
  volume={30},
  number={11},
  pages={4717--4727},
  year={2022},
  publisher={IEEE}
}

@article{wang2012assessment,
  title={Assessment of human operator functional state using a novel differential evolution optimization based adaptive fuzzy model},
  author={Wang, Raofen and Zhang, Jianhua and Zhang, Yu and Wang, Xingyu},
  journal={Biomedical Signal Processing and Control},
  volume={7},
  number={5},
  pages={490--498},
  year={2012},
  publisher={Elsevier}
}

@article{welch1995introduction,
  title={An introduction to the Kalman filter},
  author={Welch, Greg and Bishop, Gary and others},
  year={1995},
  publisher={Chapel Hill, NC, USA}
}

@article{whitley1994genetic,
  title={A genetic algorithm tutorial},
  author={Whitley, Darrell},
  journal={Statistics and computing},
  volume={4},
  pages={65--85},
  year={1994},
  publisher={Springer}
}

