@article{rajab2019handling,
  title={Handling interpretability issues in ANFIS using rule base simplification and constrained learning},
  author={Rajab, Sharifa},
  journal={Fuzzy Sets and Systems},
  volume={368},
  pages={36--58},
  year={2019},
  publisher={Elsevier}
}
@article{yan2020deep,
  title={Deep multi-view enhancement hashing for image retrieval},
  author={Yan, Chenggang and Gong, Biao and Wei, Yuxuan and Gao, Yue},
  journal={IEEE Transactions on Pattern Analysis and Machine Intelligence},
  volume={43},
  number={4},
  pages={1445--1451},
  year={2020},
  publisher={IEEE}
}
@article{yan2020depth,
  title={Depth image denoising using nuclear norm and learning graph model},
  author={Yan, Chenggang and Li, Zhisheng and Zhang, Yongbing and Liu, Yutao and Ji, Xiangyang and Zhang, Yongdong},
  journal={ACM Transactions on Multimedia Computing, Communications, and Applications (TOMM)},
  volume={16},
  number={4},
  pages={1--17},
  year={2020},
  publisher={ACM New York, NY, USA}
}
@article{yan2021task,
  title={Task-adaptive attention for image captioning},
  author={Yan, Chenggang and Hao, Yiming and Li, Liang and Yin, Jian and Liu, Anan and Mao, Zhendong and Chen, Zhenyu and Gao, Xingyu},
  journal={IEEE Transactions on Circuits and Systems for Video technology},
  volume={32},
  number={1},
  pages={43--51},
  year={2021},
  publisher={IEEE}
}
@article{yan2021precise,
  title={Precise no-reference image quality evaluation based on distortion identification},
  author={Yan, Chenggang and Teng, Tong and Liu, Yutao and Zhang, Yongbing and Wang, Haoqian and Ji, Xiangyang},
  journal={ACM Transactions on Multimedia Computing, Communications, and Applications (TOMM)},
  volume={17},
  number={3s},
  pages={1--21},
  year={2021},
  publisher={ACM New York, NY}
}

@article{yan2022age,
  title={Age-invariant face recognition by multi-feature fusionand decomposition with self-attention},
  author={Yan, Chenggang and Meng, Lixuan and Li, Liang and Zhang, Jiehua and Wang, Zhan and Yin, Jian and Zhang, Jiyong and Sun, Yaoqi and Zheng, Bolun},
  journal={ACM Transactions on Multimedia Computing, Communications, and Applications (TOMM)},
  volume={18},
  number={1s},
  pages={1--18},
  year={2022},
  publisher={ACM New York, NY}
}
@article{yan2022review,
  title={Review of omnimedia content quality evaluation},
  author={Yan, C and Sun, Y and Zhong, Hao and Zhu, C and Zhu, Z and Zheng, B and Zhou, X},
  journal={J. Signal Process.},
  volume={38},
  number={6},
  pages={1111--1143},
  year={2022}
}
@article{mamdani1975experiment,
  title={An experiment in linguistic synthesis with a fuzzy logic controller},
  author={Mamdani, Ebrahim H and Assilian, Sedrak},
  journal={International journal of man-machine studies},
  volume={7},
  number={1},
  pages={1--13},
  year={1975},
  publisher={Elsevier}
}
@article{takagi1985fuzzy,
  title={Fuzzy identification of systems and its applications to modeling and control},
  author={Takagi, Tomohiro and Sugeno, Michio},
  journal={IEEE transactions on systems, man, and cybernetics},
  number={1},
  pages={116--132},
  year={1985},
  publisher={IEEE}
}

@book{sivanandam2007introduction,
  title={Introduction to fuzzy logic using MATLAB},
  author={Sivanandam, SN and Sumathi, Sai and Deepa, SN and others},
  volume={1},
  year={2007},
  publisher={Springer}
}

@article{haznedar2021optimizing,
  title={Optimizing ANFIS using simulated annealing algorithm for classification of microarray gene expression cancer data},
  author={Haznedar, Bulent and Arslan, Mustafa Turan and Kalinli, Adem},
  journal={Medical \& Biological Engineering \& Computing},
  volume={59},
  number={3},
  pages={497--509},
  year={2021},
  publisher={Springer}
}
@inproceedings{albertos1998fuzzy,
  title={Fuzzy logic controllers. Advantages and drawbacks},
  author={Albertos, Pedro and Sala, Antonio and Olivares, M},
  booktitle={VIII international congress of automatic control},
  volume={3},
  pages={833--844},
  year={1998},
  organization={International Federation of Automatic Control Laxenburg, Austria}
}
@inproceedings{burda2015reduction,
  title={Reduction of fuzzy rule bases driven by the coverage of training data},
  author={Burda, Michal and Stepnicka, Martin},
  booktitle={2015 Conference of the International Fuzzy Systems Association and the European Society for Fuzzy Logic and Technology (IFSA-EUSFLAT-15)},
  pages={463--470},
  year={2015},
  organization={Atlantis Press}
}

@article{alonso2011hilk++,
  title={HILK++: an interpretability-guided fuzzy modeling methodology for learning readable and comprehensible fuzzy rule-based classifiers},
  author={Alonso, Jos{\'e} M and Magdalena, Luis},
  journal={Soft Computing},
  volume={15},
  pages={1959--1980},
  year={2011},
  publisher={Springer}
}
@inproceedings{salleh2017adaptive,
  title={Adaptive neuro-fuzzy inference system: Overview, strengths, limitations, and solutions},
  author={Salleh, Mohd Najib Mohd and Talpur, Noureen and Hussain, Kashif},
  booktitle={International conference on data mining and big data},
  pages={527--535},
  year={2017},
  organization={Springer}
}

@article{dombi1990membership,
  title={Membership function as an evaluation},
  author={Dombi, Jozsef},
  journal={Fuzzy sets and systems},
  volume={35},
  number={1},
  pages={1--21},
  year={1990},
  publisher={Elsevier}
}

@inproceedings{talpur2017investigation,
  title={An investigation of membership functions on performance of ANFIS for solving classification problems},
  author={Talpur, Noureen and Salleh, Mohd Najib Mohd and Hussain, Kashif},
  booktitle={IOP conference series: materials science and engineering},
  volume={226},
  number={1},
  pages={012103},
  year={2017},
  organization={IOP Publishing}
}
@article{karaboga2019adaptive,
  title={Adaptive network-based fuzzy inference system (ANFIS) training approaches: a comprehensive survey},
  author={Karaboga, Dervis and Kaya, Ebubekir},
  journal={Artificial Intelligence Review},
  volume={52},
  number={4},
  pages={2263--2293},
  year={2019},
  publisher={Springer}
}
@inproceedings{talpur2020deep,
  title={A deep learning based neuro-fuzzy approach for solving classification problems},
  author={Talpur, Noureen and Abdulkadir, Said Jadid and Hasan, Mohd Hilmi},
  booktitle={2020 International Conference on Computational Intelligence (ICCI)},
  pages={167--172},
  year={2020},
  organization={IEEE}
}
@article{rini2013balanced,
  title={Balanced the trade-offs problem of ANFIS using particle swarm optimization},
  author={Rini, Dian Palupi and Shamsuddin, Siti Mariyam and Yuhaniz, Siti Sophiayati},
  journal={TELKOMNIKA (Telecommunication Computing Electronics and Control)},
  volume={11},
  number={3},
  pages={611--616},
  year={2013}
}
@article{ranganathan2004levenberg,
  title={The levenberg-marquardt algorithm},
  author={Ranganathan, Ananth},
  journal={Tutoral on LM algorithm},
  volume={11},
  number={1},
  pages={101--110},
  year={2004}
}
@article{rumelhart1995backpropagation,
  title={Backpropagation: The basic theory},
  author={Rumelhart, David E and Durbin, Richard and Golden, Richard and Chauvin, Yves},
  journal={Backpropagation: Theory, architectures and applications},
  pages={1--34},
  year={1995},
  publisher={Lawrence Erlbaum Hillsdale, NJ, USA}
}
@article{welch1995introduction,
  title={An introduction to the Kalman filter},
  author={Welch, Greg and Bishop, Gary and others},
  year={1995},
  publisher={Chapel Hill, NC, USA}
}
@article{baldi1995gradient,
  title={Gradient descent learning algorithm overview: A general dynamical systems perspective},
  author={Baldi, Pierre},
  journal={IEEE Transactions on neural networks},
  volume={6},
  number={1},
  pages={182--195},
  year={1995},
  publisher={IEEE}
}
@article{whitley1994genetic,
  title={A genetic algorithm tutorial},
  author={Whitley, Darrell},
  journal={Statistics and computing},
  volume={4},
  pages={65--85},
  year={1994},
  publisher={Springer}
}

@incollection{price2013differential,
  title={Differential evolution},
  author={Price, Kenneth V},
  booktitle={Handbook of optimization: From classical to modern approach},
  pages={187--214},
  year={2013},
  publisher={Springer}
}

@article{karaboga2010artificial,
  title={Artificial bee colony algorithm},
  author={Karaboga, Dervis},
  journal={scholarpedia},
  volume={5},
  number={3},
  pages={6915},
  year={2010}
}

@article{chen2013hybrid,
  title={A hybrid ANFIS model for business failure prediction utilizing particle swarm optimization and subtractive clustering},
  author={Chen, Mu-Yen},
  journal={Information Sciences},
  volume={220},
  pages={180--195},
  year={2013},
  publisher={Elsevier}
}
@article{kurniawan2018premise,
  title={Premise parameter optimization on adaptive network based fuzzy inference system using modification hybrid particle swarm optimization and genetic algorithm},
  author={Kurniawan, Muchamad and Suciati, Nanik},
  journal={Jurnal IPTEK},
  volume={22},
  number={2},
  pages={27--34},
  year={2018}
}
@article{ebrahimi2021accuracy,
  title={Accuracy, uncertainty, and interpretability assessments of ANFIS models to predict dust concentration in semi-arid regions},
  author={Ebrahimi-Khusfi, Zohre and Taghizadeh-Mehrjardi, Ruhollah and Nafarzadegan, Ali Reza},
  journal={Environmental Science and Pollution Research},
  volume={28},
  number={6},
  pages={6796--6810},
  year={2021},
  publisher={Springer}
}
@article{tightiz2020intelligent,
  title={An intelligent system based on optimized ANFIS and association rules for power transformer fault diagnosis},
  author={Tightiz, Lilia and Nasab, Morteza Azimi and Yang, Hyosik and Addeh, Abdoljalil},
  journal={ISA transactions},
  volume={103},
  pages={63--74},
  year={2020},
  publisher={Elsevier}
}
@article{rajeshwari2022dermatology,
  title={Dermatology disease prediction based on firefly optimization of ANFIS classifier},
  author={Rajeshwari, J and Sughasiny, M},
  journal={AIMS Electronics and Electrical Engineering},
  volume={6},
  number={1},
  pages={61--80},
  year={2022}
}

@inproceedings{salleh2017optimization,
  title={Optimization of ANFIS using artificial bee colony algorithm for classification of Malaysian SMEs},
  author={Salleh, Mohd and Mohd, Najib and Hussain, Kashif and Naseem, Rashid and Uddin, Jamal},
  booktitle={International Conference on Soft Computing and Data Mining},
  pages={21--30},
  year={2017},
  organization={Springer}
}
@article{li2022feature,
  title={Feature selection method based on Menger curvature and LDA theory for a P300 brain-computer interface},
  author={Li, Shurui and Jin, Jing and Daly, Ian and Liu, Chang and Cichocki, Andrzej},
  journal={Journal of Neural Engineering},
  volume={18},
  number={6},
  pages={066050},
  year={2022},
  publisher={IOP Publishing}
}
@article{saberi2022dual,
  title={Dual regularized unsupervised feature selection based on matrix factorization and minimum redundancy with application in gene selection},
  author={Saberi-Movahed, Farid and Rostami, Mehrdad and Berahmand, Kamal and Karami, Saeed and Tiwari, Prayag and Oussalah, Mourad and Band, Shahab S},
  journal={Knowledge-Based Systems},
  volume={256},
  pages={109884},
  year={2022},
  publisher={Elsevier}
}
@article{rahchamani2021hybrid,
  title={A hybrid optimized learning-based compressive performance of concrete prediction using GBMO-ANFIS classifier and genetic algorithm reduction},
  author={Rahchamani, Ghodrat and Movahedifar, Seyed Mojtaba and Honarbakhsh, Amin},
  journal={Structural Concrete},
  volume={22},
  pages={E779--E799},
  year={2021},
  publisher={Wiley Online Library}
}
@article{birgani2019optimization,
  title={Optimization of brain tumor MR image classification accuracy using optimal threshold, PCA and training ANFIS with different repetitions},
  author={Birgani, MJ Tahmasebi and Chegeni, Nahid and Birgani, F Farhadi and Fatehi, Daryoush and Akbarizadeh, Gh and Shams, A},
  journal={Journal of Biomedical Physics \& Engineering},
  volume={9},
  number={2},
  pages={189},
  year={2019},
  publisher={Shiraz University of Medical Sciences}
}

@article{fazzolari2014multi,
  title={A multi-objective evolutionary method for learning granularities based on fuzzy discretization to improve the accuracy-complexity trade-off of fuzzy rule-based classification systems: D-MOFARC algorithm},
  author={Fazzolari, Michela and Alcal{\'a}, Rafael and Herrera, Francisco},
  journal={Applied Soft Computing},
  volume={24},
  pages={470--481},
  year={2014},
  publisher={Elsevier}
}

@article{antonelli2016multi,
  title={Multi-objective evolutionary design of granular rule-based classifiers},
  author={Antonelli, Michela and Ducange, Pietro and Lazzerini, Beatrice and Marcelloni, Francesco},
  journal={Granular Computing},
  volume={1},
  pages={37--58},
  year={2016},
  publisher={Springer}
}

@article{hussain2015analysis,
  title={Analysis of techniques for anfis rule-base minimization and accuracy maximization},
  author={Hussain, Kashif and Salleh, M and Najib, M},
  journal={ARPN J. Eng. Appl. Sci},
  volume={10},
  number={20},
  pages={9739--9746},
  year={2015}
}
@article{leonori2020generalized,
  title={A generalized framework for ANFIS synthesis procedures by clustering techniques},
  author={Leonori, Stefano and Martino, Alessio and Luzi, Massimiliano and Mascioli, Fabio Massimo Frattale and Rizzi, Antonello},
  journal={Applied Soft Computing},
  volume={96},
  pages={106622},
  year={2020},
  publisher={Elsevier}
}
@article{suraj2016jaya,
  title={Jaya based ANFIS for monitoring of two class motor imagery task},
  author={Suraj, S and Sinha, RK and Ghosh, S},
  journal={IEEE Access},
  volume={4},
  number={9273--9282},
  year={2016}
}

@article{pramod2021k,
  title={K-Means clustering based Extreme Learning ANFIS with improved interpretability for regression problems},
  author={Pramod, CP and Pillai, Gopinatha Nath},
  journal={Knowledge-Based Systems},
  volume={215},
  pages={106750},
  year={2021},
  publisher={Elsevier}
}

@article{wang2012assessment,
  title={Assessment of human operator functional state using a novel differential evolution optimization based adaptive fuzzy model},
  author={Wang, Raofen and Zhang, Jianhua and Zhang, Yu and Wang, Xingyu},
  journal={Biomedical Signal Processing and Control},
  volume={7},
  number={5},
  pages={490--498},
  year={2012},
  publisher={Elsevier}
}

@article{guendouzi2021new,
  title={A new differential evolution algorithm for cooperative fuzzy rule mining: application to anomaly detection},
  author={Guendouzi, Wassila and Boukra, Abdelmadjid},
  journal={Evolutionary Intelligence},
  pages={1--12},
  year={2021},
  publisher={Springer}
}

@article{owoseni2020improved,
  title={An improved adaptive neuro-fuzzy inference system using probability trajectory-based clustering ensemble},
  author={Owoseni, Alaba Timothy and Olabode, Olatubosun and Akintola, Kolawole G and Enikanselu, Pius Adekunle},
  journal={Scientific African},
  volume={9},
  pages={e00520},
  year={2020},
  publisher={Elsevier}
}
@article{huang2022fuzzy,
  title={Fuzzy C-Means Clustering based Deep Patch Learning with Improved Interpretability for Classification Problems},
  author={Huang, Yunhu and Chen, Dewang and Zhao, Wendi and Lv, Yisheng},
  journal={IEEE Access},
  year={2022},
  publisher={IEEE}
}
@article{held2006extracting,
  title={Extracting fuzzy rules from polysomnographic recordings for infant sleep classification},
  author={Held, Claudio M and Heiss, Jaime E and Est{\'e}vez, Pablo A and Perez, Claudio A and Garrido, Marcelo and Algar{\'\i}n, Cecilia and Peirano, Patricio},
  journal={IEEE Transactions on Biomedical Engineering},
  volume={53},
  number={10},
  pages={1954--1962},
  year={2006},
  publisher={IEEE}
}

@article{feng2020accuracy,
  title={On the accuracy--complexity tradeoff of fuzzy broad learning system},
  author={Feng, Shuang and Chen, CL Philip and Xu, Lili and Liu, Zhulin},
  journal={IEEE Transactions on Fuzzy Systems},
  volume={29},
  number={10},
  pages={2963--2974},
  year={2020},
  publisher={IEEE}
}
@article{do2021prediction,
  title={Prediction of the internal states of a nuclear power plant containment in LOCAs using rule-dropout deep fuzzy neural networks},
  author={Do Koo, Young and Jo, Hye Seon and Na, Man Gyun and Yoo, Kwae Hwan and Kim, Chang-Hwoi},
  journal={Annals of Nuclear Energy},
  volume={156},
  pages={108180},
  year={2021},
  publisher={Elsevier}
}

@article{huhn2009furia,
  title={FURIA: an algorithm for unordered fuzzy rule induction},
  author={H{\"u}hn, Jens and H{\"u}llermeier, Eyke},
  journal={Data Mining and Knowledge Discovery},
  volume={19},
  pages={293--319},
  year={2009},
  publisher={Springer}
}
@article{tomasiello2022fractional,
  title={On fractional Tikhonov regularization: application to the adaptive network-based fuzzy inference system for regression problems},
  author={Tomasiello, Stefania and Pedrycz, Witold and Loia, Vincenzo},
  journal={IEEE Transactions on Fuzzy Systems},
  volume={30},
  number={11},
  pages={4717--4727},
  year={2022},
  publisher={IEEE}
}

@article{alcala2011fuzzy,
  title={A fuzzy association rule-based classification model for high-dimensional problems with genetic rule selection and lateral tuning},
  author={Alcal{\'a}-Fdez, Jes{\'u}s and Alcala, Rafael and Herrera, Francisco},
  journal={IEEE Transactions on Fuzzy systems},
  volume={19},
  number={5},
  pages={857--872},
  year={2011},
  publisher={IEEE}
}
@article{marimuthu2019oafpm,
  title={OAFPM: optimized ANFIS using frequent pattern mining for activity recognition},
  author={Marimuthu, Poorani and Perumal, Varalakshmi and Vijayakumar, Vaidehi},
  journal={The Journal of Supercomputing},
  volume={75},
  number={8},
  pages={5347--5366},
  year={2019},
  publisher={Springer}
}
@article{hasan2021review,
  title={A review of principal component analysis algorithm for dimensionality reduction},
  author={Hasan, Basna Mohammed Salih and Abdulazeez, Adnan Mohsin},
  journal={Journal of Soft Computing and Data Mining},
  volume={2},
  number={1},
  pages={20--30},
  year={2021}
}
@article{daffertshofer2004pca,
  title={PCA in studying coordination and variability: a tutorial},
  author={Daffertshofer, Andreas and Lamoth, Claudine JC and Meijer, Onno G and Beek, Peter J},
  journal={Clinical biomechanics},
  volume={19},
  number={4},
  pages={415--428},
  year={2004},
  publisher={Elsevier}
}
@article{demvsar2013principal,
  title={Principal component analysis on spatial data: an overview},
  author={Dem{\v{s}}ar, Ur{\v{s}}ka and Harris, Paul and Brunsdon, Chris and Fotheringham, A Stewart and McLoone, Sean},
  journal={Annals of the Association of American Geographers},
  volume={103},
  number={1},
  pages={106--128},
  year={2013},
  publisher={Taylor \& Francis}
}
@article{kirisci2019anfis,
  title={An ANFIS perspective for the diagnosis of type II diabetes},
  author={Kirisci, Murat and Yilmaz, Hasan and Saka, M Ubeydullah},
  journal={Annals of Fuzzy Mathematics and Informatics},
  volume={17},
  number={2},
  pages={101--113},
  year={2019}
}

@article{jolliffe2016principal,
  title={Principal component analysis: a review and recent developments},
  author={Jolliffe, Ian T and Cadima, Jorge},
  journal={Philosophical transactions of the royal society A: Mathematical, Physical and Engineering Sciences},
  volume={374},
  number={2065},
  pages={20150202},
  year={2016},
  publisher={The Royal Society Publishing}
}

@inproceedings{kennedy1997discrete,
  title={A discrete binary version of the particle swarm algorithm},
  author={Kennedy, James and Eberhart, Russell C},
  booktitle={1997 IEEE International conference on systems, man, and cybernetics. Computational cybernetics and simulation},
  volume={5},
  pages={4104--4108},
  year={1997},
  organization={IEEE}
}

@article{dhindsa2022binary,
  title={Binary Particle Swarm Optimization-Based Feature Selection for Predicting the Class of the Knee Angle from EMG Signals in Lower Limb Movements},
  author={Dhindsa, IS and Gupta, R and Agarwal, R},
  journal={Neurophysiology},
  volume={53},
  number={2},
  pages={109--119},
  year={2022},
  publisher={Springer}
}

@Article{informatics6020021,
AUTHOR = {Too, Jingwei and Abdullah, Abdul Rahim and Mohd Saad, Norhashimah},
TITLE = {A New Co-Evolution Binary Particle Swarm Optimization with Multiple Inertia Weight Strategy for Feature Selection},
JOURNAL = {Informatics},
VOLUME = {6},
YEAR = {2019},
NUMBER = {2},
ARTICLE-NUMBER = {21},
URL = {https://www.mdpi.com/2227-9709/6/2/21},
ISSN = {2227-9709},
DOI = {10.3390/informatics6020021}
}
@article{deif2022diagnosis,
  title={Diagnosis of Oral Squamous Cell Carcinoma Using Deep Neural Networks and Binary Particle Swarm Optimization on Histopathological Images: An AIoMT Approach},
  author={Deif, Mohanad A and Attar, Hani and Amer, Ayman and Elhaty, Ismail A and Khosravi, Mohammad R and Solyman, Ahmed AA and others},
  journal={Computational Intelligence and Neuroscience},
  volume={2022},
  year={2022},
  publisher={Hindawi}
}
@article{too2019emg,
  title={EMG feature selection and classification using a Pbest-guide binary particle swarm optimization},
  author={Too, Jingwei and Abdullah, Abdul Rahim and Mohd Saad, Norhashimah and Tee, Weihown},
  journal={Computation},
  volume={7},
  number={1},
  pages={12},
  year={2019},
  publisher={MDPI}
}
@inproceedings{too2019new,
  title={A new co-evolution binary particle swarm optimization with multiple inertia weight strategy for feature selection},
  author={Too, Jingwei and Abdullah, Abdul Rahim and Mohd Saad, Norhashimah},
  booktitle={Informatics},
  volume={6},
  number={2},
  pages={21},
  year={2019},
  organization={MDPI}
}

@article{sharma2015new,
  title={A new pose invariant face recognition system using PCA and ANFIS},
  author={Sharma, Reecha and Patterh, MS},
  journal={Optik},
  volume={126},
  number={23},
  pages={3483--3487},
  year={2015},
  publisher={Elsevier}
}

@inproceedings{caesarendra2017emg,
  title={EMG based classification of hand gestures using PCA and ANFIS},
  author={Caesarendra, Wahyu and Tjahjowidodo, Tegoeh and Pamungkas, Daniel},
  booktitle={2017 International Conference on Robotics, Biomimetics, and Intelligent Computational Systems (Robionetics)},
  pages={18--23},
  year={2017},
  organization={IEEE}
}

@article{chicco2021coefficient,
  title={The coefficient of determination R-squared is more informative than SMAPE, MAE, MAPE, MSE and RMSE in regression analysis evaluation},
  author={Chicco, Davide and Warrens, Matthijs J and Jurman, Giuseppe},
  journal={PeerJ Computer Science},
  volume={7},
  pages={e623},
  year={2021},
  publisher={PeerJ Inc.}
}

@article{grandini2020metrics,
  title={Metrics for multi-class classification: an overview},
  author={Grandini, Margherita and Bagli, Enrico and Visani, Giorgio},
  journal={arXiv preprint arXiv:2008.05756},
  year={2020}
}
@article{kamran2017prediction,
  title={Prediction of infarction volume and infarction growth rate in acute ischemic stroke},
  author={Kamran, Saadat and Akhtar, Naveed and Alboudi, Ayman and Kamran, Kainat and Ahmad, Arsalan and Inshasi, Jihad and Salam, Abdul and Shuaib, Ashfaq and Qidwai, Uvais},
  journal={Scientific reports},
  volume={7},
  number={1},
  pages={7565},
  year={2017},
  publisher={Nature Publishing Group UK London}
}
@inproceedings{ali2018use,
  title={Use of combination of PCA and ANFIS in infarction volume growth rate prediction in ischemic stroke},
  author={Ali, Rahma and Qidwai, Uvais and Ilyas, Saadat K},
  booktitle={2018 IEEE-EMBS Conference on Biomedical Engineering and Sciences (IECBES)},
  pages={324--329},
  year={2018},
  organization={IEEE}
}
@article{al2023predicting,
  title={Predicting infarction growth rate II using ANFIS-based binary particle swarm optimization technique in ischemic stroke},
  author={Al-Ali, Afnan and Qidwai, Uvais and Kamran, Saadat},
  journal={MethodsX},
  pages={102375},
  year={2023},
  publisher={Elsevier}
}
@article{shah2022dyslipidemia,
  title={Dyslipidemia in acute non-cardioembolic ischemic stroke patients at a tertiary care centre: A descriptive cross-sectional study},
  author={Shah, Surendra Prasad and Shrestha, Aashish and Pandey, Sirish Raj and Sigdel, Kaushal and Sah, Namrata and Panthi, Sagar and Basnet, Lila Bahadur},
  journal={JNMA: Journal of the Nepal Medical Association},
  volume={60},
  number={247},
  pages={241},
  year={2022},
  publisher={Nepal Medical Association}
}
@inproceedings{bansal2011inertia,
  title={Inertia weight strategies in particle swarm optimization},
  author={Bansal, Jagdish Chand and Singh, PK and Saraswat, Mukesh and Verma, Abhishek and Jadon, Shimpi Singh and Abraham, Ajith},
  booktitle={2011 Third world congress on nature and biologically inspired computing},
  pages={633--640},
  year={2011},
  organization={IEEE}
}

@article{tian2019chaotic,
  title={Chaotic particle swarm optimization with sigmoid-based acceleration coefficients for numerical function optimization},
  author={Tian, Dongping and Zhao, Xiaofei and Shi, Zhongzhi},
  journal={Swarm and Evolutionary Computation},
  volume={51},
  pages={100573},
  year={2019},
  publisher={Elsevier}
}

@inproceedings{eberhart2001tracking,
  title={Tracking and optimizing dynamic systems with particle swarms},
  author={Eberhart, Russell C and Shi, Yuhui},
  booktitle={Proceedings of the 2001 congress on evolutionary computation (IEEE Cat. No. 01TH8546)},
  volume={1},
  pages={94--100},
  year={2001},
  organization={IEEE}
}

@article{kessentini2015particle,
  title={Particle swarm optimization with adaptive inertia weight},
  author={Kessentini, Sameh and Barchiesi, Dominique},
  journal={International Journal of Machine Learning and Computing},
  volume={5},
  number={5},
  pages={368},
  year={2015},
  publisher={IACSIT Press}
}

@inproceedings{xin2009particle,
  title={A particle swarm optimizer with multi-stage linearly-decreasing inertia weight},
  author={Xin, Jianbin and Chen, Guimin and Hai, Yubao},
  booktitle={2009 International joint conference on computational sciences and optimization},
  volume={1},
  pages={505--508},
  year={2009},
  organization={IEEE}
}

@article{malik2007new,
  title={New particle swarm optimizer with sigmoid increasing inertia weight},
  author={Malik, Reza Firsandaya and Rahman, Tharek Abdul and Hashim, Siti Zaiton Mohd and Ngah, Razali},
  journal={International Journal of Computer Science and Security},
  volume={1},
  number={2},
  pages={35--44},
  year={2007},
  publisher={Citeseer}
}

@inproceedings{feng2007chaotic,
  title={Chaotic inertia weight in particle swarm optimization},
  author={Feng, Yong and Teng, Gui-Fa and Wang, Ai-Xin and Yao, Yong-Mei},
  booktitle={Second International Conference on Innovative Computing, Informatio and Control (ICICIC 2007)},
  pages={475--475},
  year={2007},
  organization={IEEE}
}

@inproceedings{kentzoglanakis2009particle,
  title={Particle swarm optimization with an oscillating inertia weight},
  author={Kentzoglanakis, Kyriakos and Poole, Matthew},
  booktitle={Proceedings of the 11th Annual conference on Genetic and evolutionary computation},
  pages={1749--1750},
  year={2009}
}

@inproceedings{gao2008particle,
  title={A particle swarm optimization algorithm with logarithm decreasing inertia weight and chaos mutation},
  author={Gao, Yue-lin and An, Xiao-hui and Liu, Jun-min},
  booktitle={2008 international conference on computational intelligence and security},
  volume={1},
  pages={61--65},
  year={2008},
  organization={IEEE}
}

@inproceedings{li2009particle,
  title={Particle swarm optimization algorithm with exponent decreasing inertia weight and stochastic mutation},
  author={Li, Hui-Rong and Gao, Yue-Lin},
  booktitle={2009 second international conference on information and computing science},
  volume={1},
  pages={66--69},
  year={2009},
  organization={IEEE}
}


@article{liu2015analysis,
  title={An analysis of the inertia weight parameter for binary particle swarm optimization},
  author={Liu, Jianhua and Mei, Yi and Li, Xiaodong},
  journal={IEEE Transactions on Evolutionary Computation},
  volume={20},
  number={5},
  pages={666--681},
  year={2015},
  publisher={IEEE}
}
@article{wadhawan2022ebpso,
  title={EBPSO: Enhanced binary particle swarm optimization for cardiac disease classification with feature selection},
  author={Wadhawan, Savita and Maini, Raman},
  journal={Expert Systems},
  volume={39},
  number={8},
  pages={e13002},
  year={2022},
  publisher={Wiley Online Library}
}

@inproceedings{he2016parameters,
  title={The parameters selection of PSO algorithm influencing on performance of fault diagnosis},
  author={He, Yan and Ma, Wei Jin and Zhang, Ji Ping},
  booktitle={MATEC Web of conferences},
  volume={63},
  pages={02019},
  year={2016},
  organization={EDP Sciences}
}

@article{ardizzon2015adaptive,
  title={Adaptive acceleration coefficients for a new search diversification strategy in particle swarm optimization algorithms},
  author={Ardizzon, Guido and Cavazzini, Giovanna and Pavesi, Giorgio},
  journal={Information Sciences},
  volume={299},
  pages={337--378},
  year={2015},
  publisher={Elsevier}
}
@article{tripathi2007multi,
  title={Multi-objective particle swarm optimization with time variant inertia and acceleration coefficients},
  author={Tripathi, Praveen Kumar and Bandyopadhyay, Sanghamitra and Pal, Sankar Kumar},
  journal={Information sciences},
  volume={177},
  number={22},
  pages={5033--5049},
  year={2007},
  publisher={Elsevier}
}

