@inproceedings{saito2020unbiased,
  title={Unbiased recommender learning from missing-not-at-random implicit feedback},
  author={Saito, Yuta and Yaginuma, Suguru and Nishino, Yuta and Sakata, Hayato and Nakata, Kazuhide},
  booktitle={Proceedings of the 13th International Conference on Web Search and Data Mining},
  pages={501--509},
  year={2020}
}

@inproceedings{saito2022off,
  title={Off-Policy Evaluation for Large Action Spaces via Embeddings},
  author={Saito, Yuta and Joachims, Thorsten},
  booktitle={Proceedings of the 39th International Conference on Machine Learning},
  pages={19089--19122},
  year={2022},
  organization={PMLR}
}

@inproceedings{schnabel2016recommendations,
  title={Recommendations as treatments: Debiasing learning and evaluation},
  author={Schnabel, Tobias and Swaminathan, Adith and Singh, Ashudeep and Chandak, Navin and Joachims, Thorsten},
  booktitle={international conference on machine learning},
  pages={1670--1679},
  year={2016},
  organization={PMLR}
}

@inproceedings{swaminathan2015counterfactual,
  title={Counterfactual risk minimization: Learning from logged bandit feedback},
  author={Swaminathan, Adith and Joachims, Thorsten},
  booktitle={International Conference on Machine Learning},
  pages={814--823},
  year={2015},
  organization={PMLR}
}

