@inproceedings{li2018offline,
  title={Offline evaluation of ranking policies with click models},
  author={Li, Shuai and Abbasi-Yadkori, Yasin and Kveton, Branislav and Muthukrishnan, Shan and Vinay, Vishwa and Wen, Zheng},
  booktitle={Proceedings of the 24th ACM SIGKDD International Conference on Knowledge Discovery \& Data Mining},
  pages={1685--1694},
  year={2018}
}

@inproceedings{saito2022off,
  title={Off-Policy Evaluation for Large Action Spaces via Embeddings},
  author={Saito, Yuta and Joachims, Thorsten},
  booktitle={Proceedings of the 39th International Conference on Machine Learning},
  pages={19089--19122},
  year={2022},
  organization={PMLR}
}

@article{saito2020open,
  title={Open bandit dataset and pipeline: Towards realistic and reproducible off-policy evaluation},
  author={Saito, Yuta and Aihara, Shunsuke and Matsutani, Megumi and Narita, Yusuke},
  journal={arXiv preprint arXiv:2008.07146},
  year={2020}
}

@inproceedings{chen2019top,
  title={Top-k off-policy correction for a REINFORCE recommender system},
  author={Chen, Minmin and Beutel, Alex and Covington, Paul and Jain, Sagar and Belletti, Francois and Chi, Ed H},
  booktitle={Proceedings of the Twelfth ACM International Conference on Web Search and Data Mining},
  pages={456--464},
  year={2019}
}

@inproceedings{gruson2019offline,
  title={Offline evaluation to make decisions about playlistrecommendation algorithms},
  author={Gruson, Alois and Chandar, Praveen and Charbuillet, Christophe and McInerney, James and Hansen, Samantha and Tardieu, Damien and Carterette, Ben},
  booktitle={Proceedings of the Twelfth ACM International Conference on Web Search and Data Mining},
  pages={420--428},
  year={2019}
}

@article{chen2023bias,
  title={Bias and debias in recommender system: A survey and future directions},
  author={Chen, Jiawei and Dong, Hande and Wang, Xiang and Feng, Fuli and Wang, Meng and He, Xiangnan},
  journal={ACM Transactions on Information Systems},
  volume={41},
  number={3},
  pages={1--39},
  year={2023},
  publisher={ACM New York, NY}
}

@inproceedings{swaminathan2015counterfactual,
  title={Counterfactual risk minimization: Learning from logged bandit feedback},
  author={Swaminathan, Adith and Joachims, Thorsten},
  booktitle={International Conference on Machine Learning},
  pages={814--823},
  year={2015},
  organization={PMLR}
}

@inproceedings{agarwal2019general,
  title={A general framework for counterfactual learning-to-rank},
  author={Agarwal, Aman and Takatsu, Kenta and Zaitsev, Ivan and Joachims, Thorsten},
  booktitle={Proceedings of the 42nd International ACM SIGIR Conference on Research and Development in Information Retrieval},
  pages={5--14},
  year={2019}
}

@inproceedings{saito2020unbiased,
  title={Unbiased recommender learning from missing-not-at-random implicit feedback},
  author={Saito, Yuta and Yaginuma, Suguru and Nishino, Yuta and Sakata, Hayato and Nakata, Kazuhide},
  booktitle={Proceedings of the 13th International Conference on Web Search and Data Mining},
  pages={501--509},
  year={2020}
}

@inproceedings{schnabel2016recommendations,
  title={Recommendations as treatments: Debiasing learning and evaluation},
  author={Schnabel, Tobias and Swaminathan, Adith and Singh, Ashudeep and Chandak, Navin and Joachims, Thorsten},
  booktitle={international conference on machine learning},
  pages={1670--1679},
  year={2016},
  organization={PMLR}
}