@misc{bansal2023fewshotunifiedquestionanswering,
      title={Few-shot Unified Question Answering: Tuning Models or Prompts?}, 
      author={Srijan Bansal and Semih Yavuz and Bo Pang and Meghana Bhat and Yingbo Zhou},
      year={2023},
      eprint={2305.14569},
      archivePrefix={arXiv},
      primaryClass={cs.CL},
      url={https://arxiv.org/abs/2305.14569}, 
}

@misc{beygi2022logicalreasoningtaskoriented,
      title={Logical Reasoning for Task Oriented Dialogue Systems}, 
      author={Sajjad Beygi and Maryam Fazel-Zarandi and Alessandra Cervone and Prakash Krishnan and Siddhartha Reddy Jonnalagadda},
      year={2022},
      eprint={2202.04161},
      archivePrefix={arXiv},
      primaryClass={cs.CL},
      url={https://arxiv.org/abs/2202.04161}, 
}

@misc{chen2023programthoughtspromptingdisentangling,
      title={Program of Thoughts Prompting: Disentangling Computation from Reasoning for Numerical Reasoning Tasks}, 
      author={Wenhu Chen and Xueguang Ma and Xinyi Wang and William W. Cohen},
      year={2023},
      eprint={2211.12588},
      archivePrefix={arXiv},
      primaryClass={cs.CL},
      url={https://arxiv.org/abs/2211.12588}, 
}

@misc{clark2020transformerssoftreasonerslanguage,
      title={Transformers as Soft Reasoners over Language}, 
      author={Peter Clark and Oyvind Tafjord and Kyle Richardson},
      year={2020},
      eprint={2002.05867},
      archivePrefix={arXiv},
      primaryClass={cs.CL},
      url={https://arxiv.org/abs/2002.05867}, 
}

@misc{dong2024selfplayexecutionfeedbackimproving,
      title={Self-play with Execution Feedback: Improving Instruction-following Capabilities of Large Language Models}, 
      author={Guanting Dong and Keming Lu and Chengpeng Li and Tingyu Xia and Bowen Yu and Chang Zhou and Jingren Zhou},
      year={2024},
      eprint={2406.13542},
      archivePrefix={arXiv},
      primaryClass={cs.CL},
      url={https://arxiv.org/abs/2406.13542}, 
}

@inproceedings{frohberg2022crass,
  title={Crass: A novel data set and benchmark to test counterfactual reasoning of large language models},
  author={Frohberg, J{\"o}rg and Binder, Frank},
  booktitle={Proceedings of the Thirteenth Language Resources and Evaluation Conference},
  pages={2126--2140},
  year={2022}
}

@misc{gao2023palprogramaidedlanguagemodels,
      title={PAL: Program-aided Language Models}, 
      author={Luyu Gao and Aman Madaan and Shuyan Zhou and Uri Alon and Pengfei Liu and Yiming Yang and Jamie Callan and Graham Neubig},
      year={2023},
      eprint={2211.10435},
      archivePrefix={arXiv},
      primaryClass={cs.CL},
      url={https://arxiv.org/abs/2211.10435}, 
}

@misc{han2024folionaturallanguagereasoning,
      title={FOLIO: Natural Language Reasoning with First-Order Logic}, 
      author={Simeng Han and Hailey Schoelkopf and Yilun Zhao and Zhenting Qi and Martin Riddell and Wenfei Zhou and James Coady and David Peng and Yujie Qiao and Luke Benson and Lucy Sun and Alex Wardle-Solano and Hannah Szabo and Ekaterina Zubova and Matthew Burtell and Jonathan Fan and Yixin Liu and Brian Wong and Malcolm Sailor and Ansong Ni and Linyong Nan and Jungo Kasai and Tao Yu and Rui Zhang and Alexander R. Fabbri and Wojciech Kryscinski and Semih Yavuz and Ye Liu and Xi Victoria Lin and Shafiq Joty and Yingbo Zhou and Caiming Xiong and Rex Ying and Arman Cohan and Dragomir Radev},
      year={2024},
      eprint={2209.00840},
      archivePrefix={arXiv},
      primaryClass={cs.CL},
      url={https://arxiv.org/abs/2209.00840}, 
}

@misc{ismayilzada2023crowbenchmarkingcommonsensereasoning,
      title={CRoW: Benchmarking Commonsense Reasoning in Real-World Tasks}, 
      author={Mete Ismayilzada and Debjit Paul and Syrielle Montariol and Mor Geva and Antoine Bosselut},
      year={2023},
      eprint={2310.15239},
      archivePrefix={arXiv},
      primaryClass={cs.CL},
      url={https://arxiv.org/abs/2310.15239}, 
}

@article{joshi2020taxinli,
  title={TaxiNLI: Taking a ride up the NLU hill},
  author={Joshi, Pratik and Aditya, Somak and Sathe, Aalok and Choudhury, Monojit},
  journal={arXiv preprint arXiv:2009.14505},
  year={2020}
}

@misc{khashabi2019reasoningdrivenquestionansweringnaturallanguage,
      title={Reasoning-Driven Question-Answering for Natural Language Understanding}, 
      author={Daniel Khashabi},
      year={2019},
      eprint={1908.04926},
      archivePrefix={arXiv},
      primaryClass={cs.CL},
      url={https://arxiv.org/abs/1908.04926}, 
}

@article{li2024reframing,
  title={Reframing Spatial Reasoning Evaluation in Language Models: A Real-World Simulation Benchmark for Qualitative Reasoning},
  author={Li, Fangjun and Hogg, David C and Cohn, Anthony G},
  journal={arXiv preprint arXiv:2405.15064},
  year={2024}
}

@misc{liu2020logiqachallengedatasetmachine,
      title={LogiQA: A Challenge Dataset for Machine Reading Comprehension with Logical Reasoning}, 
      author={Jian Liu and Leyang Cui and Hanmeng Liu and Dandan Huang and Yile Wang and Yue Zhang},
      year={2020},
      eprint={2007.08124},
      archivePrefix={arXiv},
      primaryClass={cs.CL},
      url={https://arxiv.org/abs/2007.08124}, 
}

@misc{lu2023chameleonplugandplaycompositionalreasoning,
      title={Chameleon: Plug-and-Play Compositional Reasoning with Large Language Models}, 
      author={Pan Lu and Baolin Peng and Hao Cheng and Michel Galley and Kai-Wei Chang and Ying Nian Wu and Song-Chun Zhu and Jianfeng Gao},
      year={2023},
      eprint={2304.09842},
      archivePrefix={arXiv},
      primaryClass={cs.CL},
      url={https://arxiv.org/abs/2304.09842}, 
}

@article{mirzaee2021spartqa,
  title={Spartqa:: A textual question answering benchmark for spatial reasoning},
  author={Mirzaee, Roshanak and Faghihi, Hossein Rajaby and Ning, Qiang and Kordjmashidi, Parisa},
  journal={arXiv preprint arXiv:2104.05832},
  year={2021}
}

@article{mishra2022numglue,
  title={NumGLUE: A suite of fundamental yet challenging mathematical reasoning tasks},
  author={Mishra, Swaroop and Mitra, Arindam and Varshney, Neeraj and Sachdeva, Bhavdeep and Clark, Peter and Baral, Chitta and Kalyan, Ashwin},
  journal={arXiv preprint arXiv:2204.05660},
  year={2022}
}

@inproceedings{parmar2024logicbench,
  title={LogicBench: Towards systematic evaluation of logical reasoning ability of large language models},
  author={Parmar, Mihir and Patel, Nisarg and Varshney, Neeraj and Nakamura, Mutsumi and Luo, Man and Mashetty, Santosh and Mitra, Arindam and Baral, Chitta},
  booktitle={Proceedings of the 62nd Annual Meeting of the Association for Computational Linguistics (Volume 1: Long Papers)},
  pages={13679--13707},
  year={2024}
}

@article{prosser1993hybrid,
  title={Hybrid algorithms for the constraint satisfaction problem},
  author={Prosser, Patrick},
  journal={Computational intelligence},
  volume={9},
  number={3},
  pages={268--299},
  year={1993},
  publisher={Wiley Online Library}
}

@article{saeed2021rulebert,
  title={RuleBERT: Teaching soft rules to pre-trained language models},
  author={Saeed, Mohammed and Ahmadi, Naser and Nakov, Preslav and Papotti, Paolo},
  journal={arXiv preprint arXiv:2109.13006},
  year={2021}
}

@article{saparov2022language,
  title={Language models are greedy reasoners: A systematic formal analysis of chain-of-thought},
  author={Saparov, Abulhair and He, He},
  journal={arXiv preprint arXiv:2210.01240},
  year={2022}
}

@inproceedings{sinha-etal-2019-clutrr,
    title = "{CLUTRR}: A Diagnostic Benchmark for Inductive Reasoning from Text",
    author = "Sinha, Koustuv  and
      Sodhani, Shagun  and
      Dong, Jin  and
      Pineau, Joelle  and
      Hamilton, William L.",
    editor = "Inui, Kentaro  and
      Jiang, Jing  and
      Ng, Vincent  and
      Wan, Xiaojun",
    booktitle = "Proceedings of the 2019 Conference on Empirical Methods in Natural Language Processing and the 9th International Joint Conference on Natural Language Processing (EMNLP-IJCNLP)",
    month = nov,
    year = "2019",
    address = "Hong Kong, China",
    publisher = "Association for Computational Linguistics",
    url = "https://aclanthology.org/D19-1458",
    doi = "10.18653/v1/D19-1458",
    pages = "4506--4515",
    
}

@article{srivastava2023beyond,
  title={Beyond the Imitation Game: Quantifying and extrapolating the capabilities of language models},
  author={BIG-bench authors},
  journal={Transactions on Machine Learning Research},
  issn={2835-8856},
  year={2023},
  url={https://openreview.net/forum?id=uyTL5Bvosj},
  note={}
}

@article{suzgun2022challenging,
  title={Challenging big-bench tasks and whether chain-of-thought can solve them},
  author={Suzgun, Mirac and Scales, Nathan and Sch{\"a}rli, Nathanael and Gehrmann, Sebastian and Tay, Yi and Chung, Hyung Won and Chowdhery, Aakanksha and Le, Quoc V and Chi, Ed H and Zhou, Denny and others},
  journal={arXiv preprint arXiv:2210.09261},
  year={2022}
}

@article{tandon2019wiqa,
  title={Wiqa: A dataset for" what if..." reasoning over procedural text},
  author={Tandon, Niket and Mishra, Bhavana Dalvi and Sakaguchi, Keisuke and Bosselut, Antoine and Clark, Peter},
  journal={arXiv preprint arXiv:1909.04739},
  year={2019}
}

@inproceedings{tian2021diagnosing,
  title={Diagnosing the first-order logical reasoning ability through logicnli},
  author={Tian, Jidong and Li, Yitian and Chen, Wenqing and Xiao, Liqiang and He, Hao and Jin, Yaohui},
  booktitle={Proceedings of the 2021 Conference on Empirical Methods in Natural Language Processing},
  pages={3738--3747},
  year={2021}
}

@article{tikhonov2024plugh,
  title={PLUGH: A Benchmark for Spatial Understanding and Reasoning in Large Language Models},
  author={Tikhonov, Alexey},
  journal={arXiv preprint arXiv:2408.04648},
  year={2024}
}

@misc{wang2024letilearninggeneratetextual,
      title={LeTI: Learning to Generate from Textual Interactions}, 
      author={Xingyao Wang and Hao Peng and Reyhaneh Jabbarvand and Heng Ji},
      year={2024},
      eprint={2305.10314},
      archivePrefix={arXiv},
      primaryClass={cs.CL},
      url={https://arxiv.org/abs/2305.10314}, 
}

@misc{wang2024mintevaluatingllmsmultiturn,
      title={MINT: Evaluating LLMs in Multi-turn Interaction with Tools and Language Feedback}, 
      author={Xingyao Wang and Zihan Wang and Jiateng Liu and Yangyi Chen and Lifan Yuan and Hao Peng and Heng Ji},
      year={2024},
      eprint={2309.10691},
      archivePrefix={arXiv},
      primaryClass={cs.CL},
      url={https://arxiv.org/abs/2309.10691}, 
}

@article{white2024livebench,
  title={LiveBench: A Challenging, Contamination-Free LLM Benchmark},
  author={White, Colin and Dooley, Samuel and Roberts, Manley and Pal, Arka and Feuer, Ben and Jain, Siddhartha and Shwartz-Ziv, Ravid and Jain, Neel and Saifullah, Khalid and Naidu, Siddartha and others},
  journal={arXiv preprint arXiv:2406.19314},
  year={2024}
}

@article{yang2024aqa,
  title={AQA-Bench: An Interactive Benchmark for Evaluating LLMs' Sequential Reasoning Ability},
  author={Yang, Siwei and Zhao, Bingchen and Xie, Cihang},
  journal={arXiv preprint arXiv:2402.09404},
  year={2024}
}

@article{zhong2021ar,
  title={Ar-lsat: Investigating analytical reasoning of text},
  author={Zhong, Wanjun and Wang, Siyuan and Tang, Duyu and Xu, Zenan and Guo, Daya and Wang, Jiahai and Yin, Jian and Zhou, Ming and Duan, Nan},
  journal={arXiv preprint arXiv:2104.06598},
  year={2021}
}

