@article{ade20k,
author = {Zhou, Bolei and Zhao, Hang and Puig, Xavier and Fidler, Sanja and Barriuso, Adela and Torralba, Antonio},
year = {2019},
month = {03},
pages = {},
title = {Semantic Understanding of Scenes Through the ADE20K Dataset},
volume = {127},
journal = {International Journal of Computer Vision},
}

@INPROCEEDINGS{alderley,
  author={Milford, Michael J. and Wyeth, Gordon. F.},
  booktitle={2012 IEEE International Conference on Robotics and Automation}, 
  title={SeqSLAM: Visual route-based navigation for sunny summer days and stormy winter nights}, 
  year={2012},
  volume={},
  number={},
  pages={1643-1649}}

@inproceedings{cityscapes,
title={The Cityscapes Dataset for Semantic Urban Scene Understanding},
author={Cordts, Marius and Omran, Mohamed and Ramos, Sebastian and Rehfeld, Timo and Enzweiler, Markus and Benenson, Rodrigo and Franke, Uwe and Roth, Stefan and Schiele, Bernt},
booktitle={Proc. of the IEEE Conference on Computer Vision and Pattern Recognition (CVPR)},
year={2016}
}

@article{coco,
  author    = {Tsung{-}Yi Lin and Michael Maire and Serge J. Belongie and Lubomir D. Bourdev and Ross B. Girshick and James Hays and Pietro Perona and Deva Ramanan and Piotr Doll{'{a} }r and C. Lawrence Zitnick},
  title     = {Microsoft {COCO:} Common Objects in Context},
  journal   = {CoRR},
  volume    = {abs/1405.0312},
  year      = {2014},
  url       = {http://arxiv.org/abs/1405.0312},
  archivePrefix = {arXiv},
  eprint    = {1405.0312},
  timestamp = {Mon, 13 Aug 2018 16:48:13 +0200},
  biburl    = {https://dblp.org/rec/bib/journals/corr/LinMBHPRDZ14},
  bibsource = {dblp computer science bibliography, https://dblp.org}
}

@article{diode,
  title={{DIODE}: {A} {D}ense {I}ndoor and {O}utdoor {DE}pth {D}ataset},
  author={Igor Vasiljevic and Nick Kolkin and Shanyi Zhang and Ruotian Luo and
  Haochen Wang and Falcon Z. Dai and Andrea F. Daniele and Mohammadreza Mostajabi and
  Steven Basart and Matthew R. Walter and Gregory Shakhnarovich},
  journal={CoRR},
  volume={abs/1908.00463},
  year={2019},
  url={http://arxiv.org/abs/1908.00463}
}

@InProceedings{eth3d,
author = {Sch\"ops, Thomas and Sattler, Torsten and Pollefeys, Marc},
title = {{BAD SLAM}: Bundle Adjusted Direct {RGB-D SLAM}},
booktitle = {Conference on Computer Vision and Pattern Recognition (CVPR)},
year = {2019}
}

@article{euroc,
author = {Burri, Michael and Nikolic, Janosch and Gohl, Pascal and Schneider, Thomas and Rehder, Joern and Omari, Sammy and Achtelik, Markus W and Siegwart, Roland}, 
title = {The EuRoC micro aerial vehicle datasets},
year = {2016}, 
journal = {The International Journal of Robotics Research} 
}

@inproceedings{gta_drone,
author = {Kiefer, Benjamin and Ott, David and Zell, Andreas},
year = {2022},
month = {08},
pages = {3564-3571},
title = {Leveraging Synthetic Data in Object Detection on Unmanned Aerial Vehicles}
}

@incollection{gta_people,
  author = {Zhe Cao and
    Hang Gao and
    Karttikeya Mangalam and
    Qizhi Cai and
    Minh Vo and
    Jitendra Malik},
  title = {Long-term human motion prediction with scene context},
  booktitle = ECCV,
  year = {2020},
  }

@article{gta_seg,
  title={Playing for Data: Ground Truth from Computer Games},
  author={Stephan R. Richter and Vibhav Vineet and Stefan Roth and Vladlen Koltun},
  journal={ArXiv},
  year={2016},
  volume={abs/1608.02192}
}

@article{gtasynth,
title = {GTASynth: 3D synthetic data of outdoor non-urban environments.},
journal = {Data in Brief},
volume = {43},
pages = {108412},
year = {2022},
issn = {2352-3409},
author = {Giovanni Curnis and Simone Fontana and Domenico G. Sorrenti}
}

@INPROCEEDINGS{hrsd,
  author={Rajpal, Aakash and Cheema, Noshaba and Illgner-Fehns, Klaus and Slusallek, Philipp and Jaiswal, Sunil},
  booktitle={2023 IEEE/CVF Conference on Computer Vision and Pattern Recognition Workshops (CVPRW)}, 
  title={High-Resolution Synthetic RGB-D Datasets for Monocular Depth Estimation}, 
  year={2023},
  volume={},
  number={},
  pages={1188-1198}}

@INPROCEEDINGS{iclnuim,
  author={Handa, Ankur and Whelan, Thomas and McDonald, John and Davison, Andrew J.},
  booktitle={2014 IEEE International Conference on Robotics and Automation (ICRA)}, 
  title={A benchmark for RGB-D visual odometry, 3D reconstruction and SLAM}, 
  year={2014},
  volume={},
  number={},
  pages={1524-1531}}

@INPROCEEDINGS{imagenet,
  author={Deng, Jia and Dong, Wei and Socher, Richard and Li, Li-Jia and Kai Li and Li Fei-Fei},
  booktitle={2009 IEEE Conference on Computer Vision and Pattern Recognition}, 
  title={ImageNet: A large-scale hierarchical image database}, 
  year={2009},
  volume={},
  number={},
  pages={248-255}}

@inproceedings{kitti,
  author = {Andreas Geiger and Philip Lenz and Raquel Urtasun},
  title = {Are we ready for Autonomous Driving? The KITTI Vision Benchmark Suite},
  booktitle = {Conference on Computer Vision and Pattern Recognition (CVPR)},
  year = {2012}
}

@article{lvis,
  title={LVIS: A Dataset for Large Vocabulary Instance Segmentation},
  author={Agrim Gupta and Piotr Doll{\'a}r and Ross B. Girshick},
  journal={2019 IEEE/CVF Conference on Computer Vision and Pattern Recognition (CVPR)},
  year={2019},
  pages={5351-5359},
}

@INPROCEEDINGS{mapillary,
  author={Warburg, Frederik and Hauberg, Søren and López-Antequera, Manuel and Gargallo, Pau and Kuang, Yubin and Civera, Javier},
  booktitle={2020 IEEE/CVF Conference on Computer Vision and Pattern Recognition (CVPR)}, 
  title={Mapillary Street-Level Sequences: A Dataset for Lifelong Place Recognition}, 
  year={2020},
  volume={},
  number={},
  pages={2623-2632}}

@INPROCEEDINGS{mapillaryvistas,
  author={Neuhold, Gerhard and Ollmann, Tobias and Bulò, Samuel Rota and Kontschieder, Peter},
  booktitle={2017 IEEE International Conference on Computer Vision (ICCV)}, 
  title={The Mapillary Vistas Dataset for Semantic Understanding of Street Scenes}, 
  year={2017},
  volume={},
  number={},
  pages={5000-5009}}

@inProceedings{megadepth,
  title={MegaDepth: Learning Single-View Depth Prediction from Internet Photos},
  author={Zhengqi Li and Noah Snavely},
  booktitle={Computer Vision and Pattern Recognition (CVPR)},
  year={2018}
}

@INPROCEEDINGS{monodepth,
  author={Godard, Clement and Aodha, Oisin Mac and Firman, Michael and Brostow, Gabriel},
  booktitle={2019 IEEE/CVF International Conference on Computer Vision (ICCV)}, 
  title={Digging Into Self-Supervised Monocular Depth Estimation}, 
  year={2019},
  volume={},
  number={},
  pages={3827-3837}}

@INPROCEEDINGS{newer,
  author={Ramezani, Milad and Wang, Yiduo and Camurri, Marco and Wisth, David and Mattamala, Matias and Fallon, Maurice},
  booktitle={2020 IEEE/RSJ International Conference on Intelligent Robots and Systems (IROS)}, 
  title={The Newer College Dataset: Handheld LiDAR, Inertial and Vision with Ground Truth}, 
  year={2020},
  volume={},
  number={},
  pages={4353-4360}}

@article{nordland,
  author       = {Daniel Olid and
                  Jos{\'{e}} M. F{\'{a}}cil and
                  Javier Civera},
  title        = {Single-View Place Recognition under Seasonal Changes},
  journal      = {CoRR},
  volume       = {abs/1808.06516},
  year         = {2018},
  url          = {http://arxiv.org/abs/1808.06516},
  eprinttype    = {arXiv},
  eprint       = {1808.06516},
  timestamp    = {Thu, 14 Sep 2023 20:20:44 +0200},
  biburl       = {https://dblp.org/rec/journals/corr/abs-1808-06516.bib},
  bibsource    = {dblp computer science bibliography, https://dblp.org}
}

@inproceedings{nyudepth,
  author    = {Nathan Silberman, Derek Hoiem, Pushmeet Kohli and Rob Fergus},
  title     = {Indoor Segmentation and Support Inference from RGBD Images},
  booktitle = {ECCV},
  year      = {2012}
}

@INPROCEEDINGS{objects365,
  author={Shao, Shuai and Li, Zeming and Zhang, Tianyuan and Peng, Chao and Yu, Gang and Zhang, Xiangyu and Li, Jing and Sun, Jian},
  booktitle={2019 IEEE/CVF International Conference on Computer Vision (ICCV)}, 
  title={Objects365: A Large-Scale, High-Quality Dataset for Object Detection}, 
  year={2019},
  volume={},
  number={},
  pages={8429-8438}}

@article{openimages,
  title={The Open Images Dataset V4},
  author={Alina Kuznetsova and Hassan Rom and Neil Gordon Alldrin and Jasper R. R. Uijlings and Ivan Krasin and Jordi Pont-Tuset and Shahab Kamali and Stefan Popov and Matteo Malloci and Alexander Kolesnikov and Tom Duerig and Vittorio Ferrari},
  journal={International Journal of Computer Vision},
  year={2018},
  volume={128},
  pages={1956 - 1981},
}

@INPROCEEDINGS{pittsburgh,
  author={Torii, Akihiko and Sivic, Josef and Pajdla, Tomá and Okutomi, Masatoshi},
  booktitle={2013 IEEE Conference on Computer Vision and Pattern Recognition}, 
  title={Visual Place Recognition with Repetitive Structures}, 
  year={2013},
  volume={},
  number={},
  pages={883-890}}

@INPROCEEDINGS{presil,
  author={Hurl, Braden and Czarnecki, Krzysztof and Waslander, Steven},
  booktitle={2019 IEEE Intelligent Vehicles Symposium (IV)}, 
  title={Precise Synthetic Image and LiDAR (PreSIL) Dataset for Autonomous Vehicle Perception}, 
  year={2019},
  volume={},
  number={},
  pages={2522-2529}}

@InProceedings{redwood,
author = {Sungjoon Choi and Qian-Yi Zhou and Vladlen Koltun},
title = {Robust Reconstruction of Indoor Scenes},
booktitle = {IEEE Conference on Computer Vision and Pattern Recognition (CVPR)},
year = {2015}
}

@inproceedings{stlucia,
  author={Glover, Arren J. and Maddern, William P. and Milford, Michael J. and Wyeth, Gordon F.},
  booktitle={2010 IEEE International Conference on Robotics and Automation}, 
  title={FAB-MAP + RatSLAM: Appearance-based SLAM for multiple times of day}, 
  year={2010},
  volume={},
  number={},
  pages={3507-3512}}

@INPROCEEDINGS{sunrgdb,
  author={Song, Shuran and Lichtenberg, Samuel P. and Xiao, Jianxiong},
  booktitle={2015 IEEE Conference on Computer Vision and Pattern Recognition (CVPR)}, 
  title={SUN RGB-D: A RGB-D scene understanding benchmark suite}, 
  year={2015},
  volume={},
  number={},
  pages={567-576}}

@INPROCEEDINGS{synthia,
  author={Ros, German and Sellart, Laura and Materzynska, Joanna and Vazquez, David and Lopez, Antonio M.},
  booktitle={2016 IEEE Conference on Computer Vision and Pattern Recognition (CVPR)}, 
  title={The SYNTHIA Dataset: A Large Collection of Synthetic Images for Semantic Segmentation of Urban Scenes}, 
  year={2016},
  volume={},
  number={},
  pages={3234-3243}}

@INPROCEEDINGS{tokyo,
  author={Torii, Akihiko and Arandjelović, Relja and Sivic, Josef and Okutomi, Masatoshi and Pajdla, Tomas},
  booktitle={2015 IEEE Conference on Computer Vision and Pattern Recognition (CVPR)}, 
  title={24/7 place recognition by view synthesis}, 
  year={2015},
  volume={},
  number={},
  pages={1808-1817}}

@InProceedings{tum,
	author = {J. Sturm and N. Engelhard and F. Endres and W. Burgard and D. Cremers},
	title = "A Benchmark for the Evaluation of RGB-D SLAM Systems",
	booktitle = "Proc. of the International Conference on Intelligent Robot Systems (IROS)",
	year = "2012",
	month=oct,
}

@misc{usyd,
author = {Zhou, Wei and Berrio Perez, Julie Stephany and De Alvis, Charika and Shan, Mao and Worrall, Stewart and Ward, James and Nebot, Eduardo},
publisher = {IEEE Dataport},
title = {The USyd Campus Dataset},
year = {2019} }

@misc{virtualkitti2,
      title={Virtual KITTI 2}, 
      author={Yohann Cabon and Naila Murray and Martin Humenberger},
      year={2020},
      eprint={2001.10773},
      archivePrefix={arXiv},
      primaryClass={cs.CV},
      url={https://arxiv.org/abs/2001.10773}, 
}

