@inproceedings{CycleGAN2017,
 author = {Jun{-}Yan Zhu and
Taesung Park and
Phillip Isola and
Alexei A. Efros},
 booktitle = {Proc. of ICCV},
 title = {Unpaired Image-to-Image Translation Using Cycle-Consistent Adversarial
Networks},
pages = {2242--2251},
 year = {2017}
}

@inproceedings{cui2019dressing,
 author = {Zeyu Cui and
Zekun Li and
Shu Wu and
Xiaoyu Zhang and
Liang Wang},
 booktitle = {Proc. of WWW},
 title = {Dressing as a Whole: {Outfit} Compatibility Learning Based on Node-wise
Graph Neural Networks},
pages = {307--317},
 year = {2019}
}

@article{ding2021modeling,
 author = {Ding, Yujuan and Ma, Yunshan and Wong, Waikeung and Chua, Tat-Seng},
 journal = {IEEE Trans. on Multimedia},
 title = {Modeling Instant User Intent and Content-level Transition for Sequential Fashion Recommendation},
 volume={},
 year = {2021}
}

@article{feng2019interpretable,
 author = {Feng, Zunlei and Yu, Zhenyun and Jing, Yongcheng and Wu, Sai and Song, Mingli and Yang, Yezhou and Jiang, Junxiao},
 journal = {ACM Trans. on Multimedia Comput., Commun., and Appl.},
 title = {Interpretable Partitioned Embedding for Intelligent Multi-item Fashion Outfit Composition},
 volume={15},
 year = {2019}
}

@inproceedings{han2017learning,
 author = {Xintong Han and
Zuxuan Wu and
Yu{-}Gang Jiang and
Larry S. Davis},
 booktitle = {Proc. of ACM MM},
 title = {Learning Fashion Compatibility with Bidirectional {LSTMs}},
  pages = {1078--1086},
 year = {2017}
}

@inproceedings{hsiao2019fashion++,
 author = {Wei{-}Lin Hsiao and
Isay Katsman and
Chao{-}Yuan Wu and
Devi Parikh and
Kristen Grauman},
 booktitle = {Proc. of ICCV},
 title = {Fashion++: {Minimal} Edits for Outfit Improvement},
 pages = {5046--5055},
 year = {2019}
}

@inproceedings{huang2018munit,
 author = {Huang, Xun and Liu, Ming-Yu and Belongie, Serge and Kautz, Jan},
 booktitle = {Proc. of ECCV},
 title = {Multimodal Unsupervised Image-to-image Translation},
   pages={172--189},
 year = {2018}
}

@article{li2017mining,
 author = {Li, Yuncheng and Cao, Liangliang and Zhu, Jiang and Luo, Jiebo},
 journal = {IEEE Trans. on Multimedia},
 title = {Mining Fashion Outfit Composition Using an End-to-End Deep Learning Approach on Set Data},
   volume={19},
 year = {2017}
}

@inproceedings{li2020hierarchical,
 author = {Xingchen Li and
Xiang Wang and
Xiangnan He and
Long Chen and
Jun Xiao and
Tat{-}Seng Chua},
 booktitle = {Proc. of SIGIR},
 title = {Hierarchical Fashion Graph Network for Personalized Outfit Recommendation},
 pages = {159--168},
 year = {2020}
}

@article{li2020staged,
  title={Staged sketch-to-image synthesis via semi-supervised generative adversarial networks},
  author={Li, Zeyu and Deng, Cheng and Yang, Erkun and Tao, Dacheng},
  journal={IEEE Trans. on Multimedia},
  volume={23},
  pages={2694--2705},
  year={2020},
  publisher={IEEE}
}

@inproceedings{li2021image,
  title={Image-to-image translation via hierarchical style disentanglement},
  author={Li, Xinyang and Zhang, Shengchuan and Hu, Jie and Cao, Liujuan and Hong, Xiaopeng and Mao, Xudong and Huang, Feiyue and Wu, Yongjian and Ji, Rongrong},
  booktitle={Proc. of CVPR},
  pages={8639--8648},
  year={2021}
}

@article{liu2019collocating,
 author = {Liu, Linlin and Zhang, Haijun and Xu, Xiaofei and Zhang, Zhao and Yan, Shuicheng},
 journal = {IEEE Trans. on Neural Netw. and Learn. Syst.},
 title = {Collocating Clothes with Denerative Adversarial Networks Cosupervised by Categories and Attributes: {A} Multidiscriminator Framework},
   volume={31},
 year = {2019}
}

@article{liu2019toward,
 author = {Liu, Linlin and Zhang, Haijun and Ji, Yuzhu and Wu, QM Jonathan},
 journal = {Neurocomputing},
 title = {Toward {AI} fashion Design: {An} Attribute-{GAN} Model for Clothing Match},
   volume={341},
 year = {2019}
}

@inproceedings{mcauley2015image,
 author = {Julian J. McAuley and
Christopher Targett and
Qinfeng Shi and
Anton van den Hengel},
pages = {43--52},
 booktitle = {Proc. of SIGIR},
 title = {Image-Based Recommendations on Styles and Substitutes},
 year = {2015}
}

@inproceedings{park2020cut,
 author = {Taesung Park and Alexei A. Efros and Richard Zhang and Jun-Yan Zhu},
 booktitle = {Proc. of ECCV},
 title = {Contrastive Learning for Unpaired Image-to-Image Translation},
   pages={319--345},
 year = {2020}
}

@article{pix2pix2017,
  title={Image-to-Image Translation with Conditional Adversarial Networks},
  author={Isola, Phillip and Zhu, Jun-Yan and Zhou, Tinghui and Efros, Alexei A},
  journal={Proc. of CVPR},
  pages={5967-5976},
  year={2017}
}

@inproceedings{vasileva2018learning,
 author = {Vasileva, Mariya I and Plummer, Bryan A and Dusad, Krishna and Rajpal, Shreya and Kumar, Ranjitha and Forsyth, David},
 booktitle = {Proc. of ECCV},
 title = {Learning Type-aware Embeddings for Fashion Compatibility},
   pages={390--405},
 year = {2018}
}

@inproceedings{veit2015learning,
 author = {Andreas Veit and
Balazs Kovacs and
Sean Bell and
Julian J. McAuley and
Kavita Bala and
Serge J. Belongie},
 booktitle = {Proc. of ICCV},
 title = {Learning Visual Clothing Style with Heterogeneous Dyadic Co-Occurrences},
 pages = {4642--4650},
 year = {2015}
}

@inproceedings{wang2018pix2pixHD,
 author = {Ting{-}Chun Wang and
Ming{-}Yu Liu and
Jun{-}Yan Zhu and
Andrew Tao and
Jan Kautz and
Bryan Catanzaro},
 booktitle = {Proc. of CVPR},
 title = {High-Resolution Image Synthesis and Semantic Manipulation With Conditional
{GANs}},
 year = {2018}ï¼Œ
 pages = {8798--8807}
}

@inproceedings{wang2019diagnosis,
 author = {Xin Wang and
Bo Wu and
Yueqi Zhong},
 booktitle = {Proc. of ACM MM},
 title = {Outfit Compatibility Prediction and Diagnosis with Multi-Layered Comparison Network},
 pages = {329--337},
 year = {2019}
}

@article{yang2021attribute,
 author = {Yang, Xin and Song, Xuemeng and Feng, Fuli and Wen, Haokun and Duan, Ling-Yu and Nie, Liqiang},
 journal = {ACM Trans. on Multimedia Comput., Commun., and Appl.},
 title = {Attribute-wise Explainable Fashion Compatibility Modeling},
   volume={17},
 year = {2021}
}

@article{yang2021multi,
  title={Multi-Sentence Auxiliary Adversarial Networks for Fine-Grained Text-to-Image Synthesis},
  author={Yang, Yanhua and Wang, Lei and Xie, De and Deng, Cheng and Tao, Dacheng},
  journal={IEEE Trans. on Image Process.},
  volume={30},
  pages={2798--2809},
  year={2021},
  publisher={IEEE}
}

@inproceedings{yu2019personalized,
 author = {Cong Yu and
Yang Hu and
Yan Chen and
Bing Zeng},
 booktitle = {Proc. of ICCV},
 title = {Personalized Fashion Design},
 pages = {9045--9054},
 year = {2019}
}

@article{zhan2021a3,
 author = {Zhan, Huijing and Lin, Jie and Ak, Kenan Emir and Shi, Boxin and Duan, Ling-Yu and Kot, Alex C},
 journal = {IEEE Trans. on Multimedia},
 title = {{A3-FKG:} {Attentive} Attribute-Aware Fashion Knowledge Graph for Outfit Preference Prediction},
  volume={},
 year = {2021}
}

