@article{achiam2023gpt,
  title={Gpt-4 technical report},
  author={Achiam, Josh and Adler, Steven and Agarwal, Sandhini and Ahmad, Lama and Akkaya, Ilge and Aleman, Florencia Leoni and Almeida, Diogo and Altenschmidt, Janko and Altman, Sam and Anadkat, Shyamal and others},
  journal={arXiv preprint arXiv:2303.08774},
  year={2023}
}

@article{baka2017meet,
  title={Meet Nadine, one of the world’s most human-like robots},
  author={Baka, Evangelina and Ramanathan, Manoj and Mishra, Nidhi and Magnenat, Nadia Thalmann},
  journal={Virtual MultiModal Museum},
  year={2017}
}

@article{clark2021exploring,
  title={Exploring verbal uncanny valley effects with vague language in computer speech},
  author={Clark, Leigh and Ofemile, Abdulmalik and Cowan, Benjamin R},
  journal={Voice attractiveness: Studies on sexy, likable, and charismatic speakers},
  pages={317--330},
  year={2021},
  publisher={Springer}
}

@article{feng2024large,
  title={Large Language Model-based Human-Agent Collaboration for Complex Task Solving},
  author={Feng, Xueyang and Chen, Zhi-Yuan and Qin, Yujia and Lin, Yankai and Chen, Xu and Liu, Zhiyuan and Wen, Ji-Rong},
  journal={arXiv preprint arXiv:2402.12914},
  year={2024}
}

@article{kim2019eliza,
  title={Eliza in the uncanny valley: Anthropomorphizing consumer robots increases their perceived warmth but decreases liking},
  author={Kim, Seo Young and Schmitt, Bernd H and Thalmann, Nadia M},
  journal={Marketing letters},
  volume={30},
  pages={1--12},
  year={2019},
  publisher={Springer}
}

@inproceedings{koschate2016overcoming,
  title={Overcoming the uncanny valley: Displays of emotions reduce the uncanniness of humanlike robots},
  author={Koschate, Miriam and Potter, Richard and Bremner, Paul and Levine, Mark},
  booktitle={2016 11th ACM/IEEE International Conference on Human-Robot Interaction (HRI)},
  pages={359--366},
  year={2016},
  organization={IEEE}
}

@article{krauter2024bridging,
  title={Bridging the uncanny valley: Improving AI chatbots for effective leadership mentoring},
  author={Krauter, J{\"o}rg and others},
  journal={Open Journal of Leadership},
  volume={13},
  number={3},
  pages={342--384},
  year={2024},
  publisher={Scientific Research Publishing}
}

@inproceedings{mishra2019can,
  title={Can a humanoid robot be part of the organizational workforce? a user study leveraging sentiment analysis},
  author={Mishra, Nidhi and Ramanathan, Manoj and Satapathy, Ranjan and Cambria, Erik and Magnenat-Thalmann, Nadia},
  booktitle={2019 28th IEEE International Conference on Robot and Human Interactive Communication (RO-MAN)},
  pages={1--7},
  year={2019},
  organization={IEEE}
}

@article{mishra2022uncanny,
  title={Uncanny valley for interactive social agents: An experimental study},
  author={Mishra, Nidhi and Ramanathan, Manoj and Tulsulkar, Gauri and Thalmann, Nadia Magneat},
  journal={Virtual Reality \& Intelligent Hardware},
  volume={4},
  number={5},
  pages={393--405},
  year={2022},
  publisher={Elsevier}
}

@article{mori2012uncanny,
  title={The uncanny valley [from the field]},
  author={Mori, Masahiro and MacDorman, Karl F and Kageki, Norri},
  journal={IEEE Robotics \& automation magazine},
  volume={19},
  number={2},
  pages={98--100},
  year={2012},
  publisher={IEEE}
}

@inproceedings{ramanathan2019nadine,
  title={Nadine humanoid social robotics platform},
  author={Ramanathan, Manoj and Mishra, Nidhi and Thalmann, Nadia Magnenat},
  booktitle={Advances in Computer Graphics: 36th Computer Graphics International Conference, CGI 2019, Calgary, AB, Canada, June 17--20, 2019, Proceedings 36},
  pages={490--496},
  year={2019},
  organization={Springer}
}

@article{schwind2018avoiding,
  title={Avoiding the uncanny valley in virtual character design},
  author={Schwind, Valentin and Wolf, Katrin and Henze, Niels},
  journal={interactions},
  volume={25},
  number={5},
  pages={45--49},
  year={2018},
  publisher={ACM New York, NY, USA}
}

@article{skjuve2019help,
  title={Help! Is my chatbot falling into the uncanny valley? An empirical study of user experience in human--chatbot interaction},
  author={Skjuve, Marita and Haugstveit, Ida Maria and F{\o}lstad, Asbj{\o}rn and Brandtzaeg, Petter},
  journal={Human Technology},
  volume={15},
  number={1},
  pages={30--54},
  year={2019}
}

@article{spitale2023vita,
  title={Vita: A multi-modal llm-based system for longitudinal, autonomous, and adaptive robotic mental well-being coaching},
  author={Spitale, Micol and Axelsson, Minja and Gunes, Hatice},
  journal={arXiv preprint arXiv:2312.09740},
  year={2023}
}

@article{spitale2024appropriateness,
  title={Appropriateness of LLM-equipped Robotic Well-being Coach Language in the Workplace: A Qualitative Evaluation},
  author={Spitale, Micol and Axelsson, Minja and Gunes, Hatice},
  journal={arXiv preprint arXiv:2401.14935},
  year={2024}
}

@article{tanneberg2024help,
  title={To Help or Not to Help: LLM-based Attentive Support for Human-Robot Group Interactions},
  author={Tanneberg, Daniel and Ocker, Felix and Hasler, Stephan and Deigmoeller, Joerg and Belardinelli, Anna and Wang, Chao and Wersing, Heiko and Sendhoff, Bernhard and Gienger, Michael},
  journal={arXiv preprint arXiv:2403.12533},
  year={2024}
}

@inproceedings{thalmann2021nadine,
  title={Nadine the Social Robot: Three Case Studies in Everyday Life},
  author={Thalmann, Nadia Magnenat and Mishra, Nidhi and Tulsulkar, Gauri},
  booktitle={Social Robotics: 13th International Conference, ICSR 2021, Singapore, Singapore, November 10--13, 2021, Proceedings 13},
  pages={107--116},
  year={2021},
  organization={Springer}
}

@article{thepsoonthorn2021exploration,
  title={The exploration of the uncanny valley from the viewpoint of the robot’s nonverbal behaviour},
  author={Thepsoonthorn, Chidchanok and Ogawa, Ken-ichiro and Miyake, Yoshihiro},
  journal={International Journal of Social Robotics},
  volume={13},
  pages={1443--1455},
  year={2021},
  publisher={Springer}
}

@article{touvron2023llama,
  title={Llama: Open and efficient foundation language models},
  author={Touvron, Hugo and Lavril, Thibaut and Izacard, Gautier and Martinet, Xavier and Lachaux, Marie-Anne and Lacroix, Timoth{\'e}e and Rozi{\`e}re, Baptiste and Goyal, Naman and Hambro, Eric and Azhar, Faisal and others},
  journal={arXiv preprint arXiv:2302.13971},
  year={2023}
}

@article{tulsulkar2021can,
  title={Can a humanoid social robot stimulate the interactivity of cognitively impaired elderly? A thorough study based on computer vision methods},
  author={Tulsulkar, Gauri and Mishra, Nidhi and Thalmann, Nadia Magnenat and Lim, Hwee Er and Lee, Mei Ping and Cheng, Siok Khoong},
  journal={The Visual Computer},
  volume={37},
  number={12},
  pages={3019--3038},
  year={2021},
  publisher={Springer}
}

@book{wallace2009anatomy,
  title={The anatomy of ALICE},
  author={Wallace, Richard S},
  year={2009},
  publisher={Springer}
}

@inproceedings{wang2024lami,
  title={LaMI: Large Language Models for Multi-Modal Human-Robot Interaction},
  author={Wang, Chao and Hasler, Stephan and Tanneberg, Daniel and Ocker, Felix and Joublin, Frank and Ceravola, Antonello and Deigmoeller, Joerg and Gienger, Michael},
  booktitle={Extended Abstracts of the CHI Conference on Human Factors in Computing Systems},
  pages={1--10},
  year={2024}
}

@article{yam2021robots,
  title={Robots at work: People prefer—and forgive—service robots with perceived feelings.},
  author={Yam, Kai Chi and Bigman, Yochanan E and Tang, Pok Man and Ilies, Remus and De Cremer, David and Soh, Harold and Gray, Kurt},
  journal={Journal of Applied Psychology},
  volume={106},
  number={10},
  pages={1557},
  year={2021},
  publisher={American Psychological Association}
}

