### INTRODUCTION ###
# social robot application in education
@article{donnermann2022social,
  title={Social robots in applied settings: A long-term study on adaptive robotic tutors in higher education},
  author={Donnermann, Melissa and Schaper, Philipp and Lugrin, Birgit},
  journal={Frontiers in Robotics and AI},
  volume={9},
  pages={831633},
  year={2022},
  publisher={Frontiers Media SA}
}
# Social robot application in service operations
@article{vishwakarma2024adoption,
  title={The adoption of social robots in service operations: a comprehensive review},
  author={Vishwakarma, Laxmi Pandit and Singh, Rajesh Kr and Mishra, Ruchi and Demirkol, Denizhan and Daim, Tugrul},
  journal={Technology in Society},
  volume={76},
  pages={102441},
  year={2024},
  publisher={Elsevier}
}
# Social robot application in companionship
@article{ahmed2024human,
  title={Human--robot companionship: Current trends and future agenda},
  author={Ahmed, Eshtiak and Buruk, O{\u{g}}uz ‘Oz’ and Hamari, Juho},
  journal={International Journal of Social Robotics},
  volume={16},
  number={8},
  pages={1809--1860},
  year={2024},
  publisher={Springer}
}
# Social robot in mental well-being
@article{laban2024building,
  title={Building long-term human--robot relationships: Examining disclosure, perception and well-being across time},
  author={Laban, Guy and Kappas, Arvid and Morrison, Val and Cross, Emily S},
  journal={International Journal of Social Robotics},
  volume={16},
  number={5},
  pages={1--27},
  year={2024},
  publisher={Springer}
}
# Social robot - less anthropomorphized and emotions?
@article{zhang2023emotional,
  title={Emotional experiences of service robots’ anthropomorphic appearance: a multimodal measurement method},
  author={Zhang, Yun and Cao, Yaqin and Proctor, Robert W and Liu, Yu},
  journal={Ergonomics},
  volume={66},
  number={12},
  pages={2039--2057},
  year={2023},
  publisher={Taylor \& Francis}
}

# High anthropomorphized virtual human
@article{gutuleac2024will,
  title={Will virtual influencers overcome the uncanny valley? The moderating role of social cues},
  author={Gutuleac, Rada and Baima, Gabriele and Rizzo, Cristian and Bresciani, Stefano},
  journal={Psychology \& Marketing},
  year={2024},
  publisher={Wiley Online Library}
}
# Uncanny Valley Hypotheses
@inproceedings{zhang2020literature,
  title={A literature review of the research on the uncanny valley},
  author={Zhang, Jie and Li, Shuo and Zhang, Jing-Yu and Du, Feng and Qi, Yue and Liu, Xun},
  booktitle={Cross-Cultural Design. User Experience of Products, Services, and Intelligent Environments: 12th International Conference, CCD 2020, Held as Part of the 22nd HCI International Conference, HCII 2020, Copenhagen, Denmark, July 19--24, 2020, Proceedings, Part I 22},
  pages={255--268},
  year={2020},
  organization={Springer}
}
# Avoid Uncanny Valley
@phdthesis{carey2024unmasking,
  title={Unmasking the uncanny: The effect of the Uncanny Valley in 21st century character design},
  author={Carey, John},
  year={2024},
  school={Institute of Art, Design+ Technology}
}
# LLM-robot as therapist
@article{kian2024can,
  title={Can an LLM-powered socially assistive robot effectively and safely deliver cognitive behavioral therapy? A study with university students},
  author={Kian, Mina J and Zong, Mingyu and Fischer, Katrin and Singh, Abhyuday and Velentza, Anna-Maria and Sang, Pau and Upadhyay, Shriya and Gupta, Anika and Faruki, Misha A and Browning, Wallace and others},
  journal={arXiv preprint arXiv:2402.17937},
  year={2024}
}
# LLM-robot as an assistant
@inproceedings{padmanabha2024voicepilot,
  title={Voicepilot: Harnessing LLMs as speech interfaces for physically assistive robots},
  author={Padmanabha, Akhil and Yuan, Jessie and Gupta, Janavi and Karachiwalla, Zulekha and Majidi, Carmel and Admoni, Henny and Erickson, Zackory},
  booktitle={Proceedings of the 37th Annual ACM Symposium on User Interface Software and Technology},
  pages={1--18},
  year={2024}
}
# BERT-LLM
@article{devlin2018bert,
  title={Bert: Pre-training of deep bidirectional transformers for language understanding},
  author={Devlin, Jacob},
  journal={arXiv preprint arXiv:1810.04805},
  year={2018}
}
# LLM-agent reference
@article{yao2022react,
  title={React: Synergizing reasoning and acting in language models},
  author={Yao, Shunyu and Zhao, Jeffrey and Yu, Dian and Du, Nan and Shafran, Izhak and Narasimhan, Karthik and Cao, Yuan},
  journal={arXiv preprint arXiv:2210.03629},
  year={2022}
}
# LLM-agent
@article{wei2022chain,
  title={Chain-of-thought prompting elicits reasoning in large language models},
  author={Wei, Jason and Wang, Xuezhi and Schuurmans, Dale and Bosma, Maarten and Xia, Fei and Chi, Ed and Le, Quoc V and Zhou, Denny and others},
  journal={Advances in neural information processing systems},
  volume={35},
  pages={24824--24837},
  year={2022}
}
# LLM-robot in education
@article{latif2024physicsassistant,
  title={PhysicsAssistant: An LLM-Powered Interactive Learning Robot for Physics Lab Investigations},
  author={Latif, Ehsan and Parasuraman, Ramviyas and Zhai, Xiaoming},
  journal={arXiv preprint arXiv:2403.18721},
  year={2024}
}
# Young Generation AI Adoption
@techreport{bick2024rapid,
  title={The rapid adoption of generative ai},
  author={Bick, Alexander and Blandin, Adam and Deming, David J},
  year={2024},
  institution={National Bureau of Economic Research}
}
@article{stein2024attitudes,
  title={Attitudes towards AI: measurement and associations with personality},
  author={Stein, Jan-Philipp and Messingschlager, Tanja and Gnambs, Timo and Hutmacher, Fabian and Appel, Markus},
  journal={Scientific Reports},
  volume={14},
  number={1},
  pages={2909},
  year={2024},
  publisher={Nature Publishing Group UK London}
}
@article{morillo2024age,
  title={Age-related differences in the perception of robotic referential gaze in human-robot interaction},
  author={Morillo-Mendez, Lucas and Schrooten, Martien GS and Loutfi, Amy and Mozos, Oscar Martinez},
  journal={International journal of social robotics},
  volume={16},
  number={6},
  pages={1069--1081},
  year={2024},
  publisher={Springer}
}




### Nadine ###
# Nadine introduction
@article{baka2017meet,
  title={Meet Nadine, one of the world’s most human-like robots},
  author={Baka, Evangelina and Ramanathan, Manoj and Mishra, Nidhi and Magnenat, Nadia Thalmann},
  journal={Virtual MultiModal Museum},
  year={2017}
}
# Nadine old Platform
@inproceedings{ramanathan2019nadine,
  title={Nadine humanoid social robotics platform},
  author={Ramanathan, Manoj and Mishra, Nidhi and Thalmann, Nadia Magnenat},
  booktitle={Advances in Computer Graphics: 36th Computer Graphics International Conference, CGI 2019, Calgary, AB, Canada, June 17--20, 2019, Proceedings 36},
  pages={490--496},
  year={2019},
  organization={Springer}
}
# Nadine case study (Perception (Nadine, Nadia, a neutral person))
@inproceedings{baka2019talking,
  title={“Am i talking to a human or a robot?”: a preliminary study of human’s perception in human-humanoid interaction and its effects in cognitive and emotional states},
  author={Baka, Evangelia and Vishwanath, Ajay and Mishra, Nidhi and Vleioras, Georgios and Thalmann, Nadia Magnenat},
  booktitle={Advances in Computer Graphics: 36th Computer Graphics International Conference, CGI 2019, Calgary, AB, Canada, June 17--20, 2019, Proceedings 36},
  pages={240--252},
  year={2019},
  organization={Springer}
}
# Nadine user study (Workplace, Insurance company)
@inproceedings{mishra2019can,
  title={Can a humanoid robot be part of the organizational workforce? a user study leveraging sentiment analysis},
  author={Mishra, Nidhi and Ramanathan, Manoj and Satapathy, Ranjan and Cambria, Erik and Magnenat-Thalmann, Nadia},
  booktitle={2019 28th IEEE International Conference on Robot and Human Interactive Communication (RO-MAN)},
  pages={1--7},
  year={2019},
  organization={IEEE}
}
# Nadine as a consumer robot
@article{kim2019eliza,
  title={Eliza in the uncanny valley: Anthropomorphizing consumer robots increases their perceived warmth but decreases liking},
  author={Kim, Seo Young and Schmitt, Bernd H and Thalmann, Nadia M},
  journal={Marketing letters},
  volume={30},
  pages={1--12},
  year={2019},
  publisher={Springer}
}
# Nadine user study (elderly companion)
@article{tulsulkar2021can,
  title={Can a humanoid social robot stimulate the interactivity of cognitively impaired elderly? A thorough study based on computer vision methods},
  author={Tulsulkar, Gauri and Mishra, Nidhi and Thalmann, Nadia Magnenat and Lim, Hwee Er and Lee, Mei Ping and Cheng, Siok Khoong},
  journal={The Visual Computer},
  volume={37},
  number={12},
  pages={3019--3038},
  year={2021},
  publisher={Springer}
}
# Nadine user study (three case studies) Art science museum
@inproceedings{thalmann2021nadine,
  title={Nadine the Social Robot: Three Case Studies in Everyday Life},
  author={Thalmann, Nadia Magnenat and Mishra, Nidhi and Tulsulkar, Gauri},
  booktitle={Social Robotics: 13th International Conference, ICSR 2021, Singapore, Singapore, November 10--13, 2021, Proceedings 13},
  pages={107--116},
  year={2021},
  organization={Springer}
}
# Nadine user study (elderly bingo)
@inproceedings{mishra2022nadine,
  title={Nadine robot in elderly care simulation recreational activity: using computer vision and observations for analysis},
  author={Mishra, Nidhi and Tulsulkar, Gauri and Magnenat Thalmann, Nadia},
  booktitle={International Conference on Human-Computer Interaction},
  pages={29--51},
  year={2022},
  organization={Springer}
}
# Nadine new platform
@article{kang2024nadine,
  title={Nadine: A large language model-driven intelligent social robot with affective capabilities and human-like memory},
  author={Kang, Hangyeol and Ben Moussa, Maher and Thalmann, Nadia Magnenat},
  journal={Computer Animation and Virtual Worlds},
  volume={35},
  number={4},
  pages={e2290},
  year={2024},
  publisher={Wiley Online Library}
}
# Nadine Old Dialogue System
@book{wallace2009anatomy,
  title={The anatomy of ALICE},
  author={Wallace, Richard S},
  year={2009},
  publisher={Springer}
}
### Uncanny Valley ###
# First Uncanny Valley (Mori's)
@article{mori2012uncanny,
  title={The uncanny valley [from the field]},
  author={Mori, Masahiro and MacDorman, Karl F and Kageki, Norri},
  journal={IEEE Robotics \& automation magazine},
  volume={19},
  number={2},
  pages={98--100},
  year={2012},
  publisher={IEEE}
}
# Uncanny - Visual effects, Nadine, Nao, ...
@article{mishra2022uncanny,
  title={Uncanny valley for interactive social agents: An experimental study},
  author={Mishra, Nidhi and Ramanathan, Manoj and Tulsulkar, Gauri and Thalmann, Nadia Magneat},
  journal={Virtual Reality \& Intelligent Hardware},
  volume={4},
  number={5},
  pages={393--405},
  year={2022},
  publisher={Elsevier}
}
# Uncanny - Visual effects, Workplace (at a hotel)
@article{yam2021robots,
  title={Robots at work: People prefer—and forgive—service robots with perceived feelings.},
  author={Yam, Kai Chi and Bigman, Yochanan E and Tang, Pok Man and Ilies, Remus and De Cremer, David and Soh, Harold and Gray, Kurt},
  journal={Journal of Applied Psychology},
  volume={106},
  number={10},
  pages={1557},
  year={2021},
  publisher={American Psychological Association}
}
# Uncanny - Speech Characteristic
@article{clark2021exploring,
  title={Exploring verbal uncanny valley effects with vague language in computer speech},
  author={Clark, Leigh and Ofemile, Abdulmalik and Cowan, Benjamin R},
  journal={Voice attractiveness: Studies on sexy, likable, and charismatic speakers},
  pages={317--330},
  year={2021},
  publisher={Springer}
}
# Uncanny - Voice characteristics (Uncanny Taxonomy)
@article{krauter2024bridging,
  title={Bridging the uncanny valley: Improving AI chatbots for effective leadership mentoring},
  author={Krauter, J{\"o}rg and others},
  journal={Open Journal of Leadership},
  volume={13},
  number={3},
  pages={342--384},
  year={2024},
  publisher={Scientific Research Publishing}
}
# Uncanny - Emotion effects
@article{spitale2024appropriateness,
  title={Appropriateness of LLM-equipped Robotic Well-being Coach Language in the Workplace: A Qualitative Evaluation},
  author={Spitale, Micol and Axelsson, Minja and Gunes, Hatice},
  journal={arXiv preprint arXiv:2401.14935},
  year={2024}
}
# Uncanny - Interactional
@article{skjuve2019help,
  title={Help! Is my chatbot falling into the uncanny valley? An empirical study of user experience in human--chatbot interaction},
  author={Skjuve, Marita and Haugstveit, Ida Maria and F{\o}lstad, Asbj{\o}rn and Brandtzaeg, Petter},
  journal={Human Technology},
  volume={15},
  number={1},
  pages={30--54},
  year={2019}
}
# Uncanny - Gesture (Nonverbal Behavior)
@article{thepsoonthorn2021exploration,
  title={The exploration of the uncanny valley from the viewpoint of the robot’s nonverbal behaviour},
  author={Thepsoonthorn, Chidchanok and Ogawa, Ken-ichiro and Miyake, Yoshihiro},
  journal={International Journal of Social Robotics},
  volume={13},
  pages={1443--1455},
  year={2021},
  publisher={Springer}
}
# Uncanny - Overcome Uncanny with Emotional expression
@inproceedings{koschate2016overcoming,
  title={Overcoming the uncanny valley: Displays of emotions reduce the uncanniness of humanlike robots},
  author={Koschate, Miriam and Potter, Richard and Bremner, Paul and Levine, Mark},
  booktitle={2016 11th ACM/IEEE International Conference on Human-Robot Interaction (HRI)},
  pages={359--366},
  year={2016},
  organization={IEEE}
}
# Uncanny - Avoid Uncanny Visually
@article{schwind2018avoiding,
  title={Avoiding the uncanny valley in virtual character design},
  author={Schwind, Valentin and Wolf, Katrin and Henze, Niels},
  journal={interactions},
  volume={25},
  number={5},
  pages={45--49},
  year={2018},
  publisher={ACM New York, NY, USA}
}
### LLMs and HRI ###
# GPT reference
@article{achiam2023gpt,
  title={Gpt-4 technical report},
  author={Achiam, Josh and Adler, Steven and Agarwal, Sandhini and Ahmad, Lama and Akkaya, Ilge and Aleman, Florencia Leoni and Almeida, Diogo and Altenschmidt, Janko and Altman, Sam and Anadkat, Shyamal and others},
  journal={arXiv preprint arXiv:2303.08774},
  year={2023}
}
# Llama reference
@article{touvron2023llama,
  title={Llama: Open and efficient foundation language models},
  author={Touvron, Hugo and Lavril, Thibaut and Izacard, Gautier and Martinet, Xavier and Lachaux, Marie-Anne and Lacroix, Timoth{\'e}e and Rozi{\`e}re, Baptiste and Goyal, Naman and Hambro, Eric and Azhar, Faisal and others},
  journal={arXiv preprint arXiv:2302.13971},
  year={2023}
}
# LLM enhancing HRI
@inproceedings{abbas2024talkwithmachines,
  title={TalkWithMachines: Enhancing Human-Robot Interaction Through Large/Vision Language Models},
  author={Abbas, Ammar N and Beleznai, Csaba},
  booktitle={2024 Eighth IEEE International Conference on Robotic Computing (IRC)},
  pages={253--258},
  year={2024},
  organization={IEEE}
}
# LLM enhancing HRI
@article{atuhurra2024large,
  title={Large Language Models for Human-Robot Interaction: Opportunities and Risks},
  author={Atuhurra, Jesse},
  journal={arXiv preprint arXiv:2405.00693},
  year={2024}
}
# LLM & HRI (Robotic Coaches)
@article{spitale2023vita,
  title={Vita: A multi-modal llm-based system for longitudinal, autonomous, and adaptive robotic mental well-being coaching},
  author={Spitale, Micol and Axelsson, Minja and Gunes, Hatice},
  journal={arXiv preprint arXiv:2312.09740},
  year={2023}
}
# LLM & HRI (Sign Language)
@article{lim2023sign,
  title={A Sign Language Recognition System with Pepper, Lightweight-Transformer, and LLM},
  author={Lim, JongYoon and Sa, Inkyu and MacDonald, Bruce and Ahn, Ho Seok},
  journal={arXiv preprint arXiv:2309.16898},
  year={2023}
}
# LLM & HRI (Group Interactions)
@article{tanneberg2024help,
  title={To Help or Not to Help: LLM-based Attentive Support for Human-Robot Group Interactions},
  author={Tanneberg, Daniel and Ocker, Felix and Hasler, Stephan and Deigmoeller, Joerg and Belardinelli, Anna and Wang, Chao and Wersing, Heiko and Sendhoff, Bernhard and Gienger, Michael},
  journal={arXiv preprint arXiv:2403.12533},
  year={2024}
}
# LLM & HRI (Multimodal)
@inproceedings{wang2024lami,
  title={LaMI: Large Language Models for Multi-Modal Human-Robot Interaction},
  author={Wang, Chao and Hasler, Stephan and Tanneberg, Daniel and Ocker, Felix and Joublin, Frank and Ceravola, Antonello and Deigmoeller, Joerg and Gienger, Michael},
  booktitle={Extended Abstracts of the CHI Conference on Human Factors in Computing Systems},
  pages={1--10},
  year={2024}
}
# LLM & HRI (Comple task solving)
@article{feng2024large,
  title={Large Language Model-based Human-Agent Collaboration for Complex Task Solving},
  author={Feng, Xueyang and Chen, Zhi-Yuan and Qin, Yujia and Lin, Yankai and Chen, Xu and Liu, Zhiyuan and Wen, Ji-Rong},
  journal={arXiv preprint arXiv:2402.12914},
  year={2024}
}

### Analysis ###
# Thematic Analysis
@misc{braun2014thematic,
  title={Thematic analysis in Encyclopedia of critical psychology},
  author={Braun, V and Clarke, V},
  year={2014},
  publisher={New York: Springer publications}
}
# Multiple Linear Regression
@article{seabold2010statsmodels,
  title={Statsmodels: econometric and statistical modeling with python.},
  author={Seabold, Skipper and Perktold, Josef},
  journal={SciPy},
  volume={7},
  number={1},
  year={2010}
}
# Wilcoxon Test
@incollection{wilcoxon1992individual,
  title={Individual comparisons by ranking methods},
  author={Wilcoxon, Frank},
  booktitle={Breakthroughs in statistics: Methodology and distribution},
  pages={196--202},
  year={1992},
  publisher={Springer}
}

##### Discussion
@article{obaigbena2024ai,
  title={AI and human-robot interaction: A review of recent advances and challenges},
  author={Obaigbena, Alexander and Lottu, Oluwaseun Augustine and Ugwuanyi, Ejike David and Jacks, Boma Sonimitiem and Sodiya, Enoch Oluwademilade and Daraojimba, Obinna Donald},
  journal={GSC Advanced Research and Reviews},
  volume={18},
  number={2},
  pages={321--330},
  year={2024},
  publisher={GSC Advanced Research and Reviews}
}
@article{haring2014cultural,
  title={Cultural differences in perception and attitude towards robots},
  author={Haring, Kerstin Sophie and Mougenot, C{\'e}line and Ono, Fuminori and Watanabe, Katsumi},
  journal={International Journal of Affective Engineering},
  volume={13},
  number={3},
  pages={149--157},
  year={2014},
  publisher={Japan Society of Kansei Engineering}
}