@inproceedings{ahn2022visually,
  title={Visually Grounding Language Instruction for History-Dependent Manipulation},
  author={Ahn, Hyemin and Kwon, Obin and Kim, Kyungdo and Jeong, Jaeyeon and Jun, Howoong and Lee, Hongjung and Lee, Dongheui and Oh, Songhwai},
  booktitle={2022 International Conference on Robotics and Automation (ICRA)},
  pages={675--682},
  year={2022},
  organization={IEEE}
}

@article{batra2020rearrangement,
  title={Rearrangement: A challenge for embodied ai},
  author={Batra, Dhruv and Chang, Angel X and Chernova, Sonia and Davison, Andrew J and Deng, Jia and Koltun, Vladlen and Levine, Sergey and Malik, Jitendra and Mordatch, Igor and Mottaghi, Roozbeh and others},
  journal={arXiv preprint arXiv:2011.01975},
  year={2020}
}

@article{brunke2022safe,
  title={Safe learning in robotics: From learning-based control to safe reinforcement learning},
  author={Brunke, Lukas and Greeff, Melissa and Hall, Adam W and Yuan, Zhaocong and Zhou, Siqi and Panerati, Jacopo and Schoellig, Angela P},
  journal={Annual Review of Control, Robotics, and Autonomous Systems},
  volume={5},
  pages={411--444},
  year={2022},
  publisher={Annual Reviews}
}

@inproceedings{chang2019argoverse,
  title={Argoverse: 3d tracking and forecasting with rich maps},
  author={Chang, Ming-Fang and Lambert, John and Sangkloy, Patsorn and Singh, Jagjeet and Bak, Slawomir and Hartnett, Andrew and Wang, De and Carr, Peter and Lucey, Simon and Ramanan, Deva and others},
  booktitle={Proceedings of the IEEE/CVF conference on computer vision and pattern recognition},
  pages={8748--8757},
  year={2019}
}

@inproceedings{cheang2022learning,
  title={Learning 6-DoF Object Poses to Grasp Category-Level Objects by Language Instructions},
  author={Cheang, Chilam and Lin, Haitao and Fu, Yanwei and Xue, Xiangyang},
  booktitle={2022 International Conference on Robotics and Automation (ICRA)},
  pages={8476--8482},
  year={2022},
  organization={IEEE}
}

@inproceedings{ehsani2021manipulathor,
  title={Manipulathor: A framework for visual object manipulation},
  author={Ehsani, Kiana and Han, Winson and Herrasti, Alvaro and VanderBilt, Eli and Weihs, Luca and Kolve, Eric and Kembhavi, Aniruddha and Mottaghi, Roozbeh},
  booktitle={Proceedings of the IEEE/CVF conference on computer vision and pattern recognition},
  pages={4497--4506},
  year={2021}
}

@inproceedings{finn2017one,
  title={One-shot visual imitation learning via meta-learning},
  author={Finn, Chelsea and Yu, Tianhe and Zhang, Tianhao and Abbeel, Pieter and Levine, Sergey},
  booktitle={Conference on robot learning},
  pages={357--368},
  year={2017},
  organization={PMLR}
}

@article{jiang2022vima,
  title={Vima: General robot manipulation with multimodal prompts},
  author={Jiang, Yunfan and Gupta, Agrim and Zhang, Zichen and Wang, Guanzhi and Dou, Yongqiang and Chen, Yanjun and Fei-Fei, Li and Anandkumar, Anima and Zhu, Yuke and Fan, Linxi},
  journal={arXiv preprint arXiv:2210.03094},
  year={2022}
}

@inproceedings{kazemzadeh2014referitgame,
  title={Referitgame: Referring to objects in photographs of natural scenes},
  author={Kazemzadeh, Sahar and Ordonez, Vicente and Matten, Mark and Berg, Tamara},
  booktitle={Proceedings of the 2014 conference on empirical methods in natural language processing (EMNLP)},
  pages={787--798},
  year={2014}
}

@inproceedings{kuo2022trajectory,
  title={Trajectory prediction with linguistic representations},
  author={Kuo, Yen-Ling and Huang, Xin and Barbu, Andrei and McGill, Stephen G and Katz, Boris and Leonard, John J and Rosman, Guy},
  booktitle={2022 International Conference on Robotics and Automation (ICRA)},
  pages={2868--2875},
  year={2022},
  organization={IEEE}
}

@article{li2021igibson,
  title={igibson 2.0: Object-centric simulation for robot learning of everyday household tasks},
  author={Li, Chengshu and Xia, Fei and Mart{\'\i}n-Mart{\'\i}n, Roberto and Lingelbach, Michael and Srivastava, Sanjana and Shen, Bokui and Vainio, Kent and Gokmen, Cem and Dharan, Gokul and Jain, Tanish and others},
  journal={arXiv preprint arXiv:2108.03272},
  year={2021}
}

@inproceedings{li2023behavior,
  title={Behavior-1k: A benchmark for embodied ai with 1,000 everyday activities and realistic simulation},
  author={Li, Chengshu and Zhang, Ruohan and Wong, Josiah and Gokmen, Cem and Srivastava, Sanjana and Mart{\'\i}n-Mart{\'\i}n, Roberto and Wang, Chen and Levine, Gabrael and Lingelbach, Michael and Sun, Jiankai and others},
  booktitle={Conference on Robot Learning},
  pages={80--93},
  year={2023},
  organization={PMLR}
}

@article{mees2022calvin,
  title={Calvin: A benchmark for language-conditioned policy learning for long-horizon robot manipulation tasks},
  author={Mees, Oier and Hermann, Lukas and Rosete-Beas, Erick and Burgard, Wolfram},
  journal={IEEE Robotics and Automation Letters},
  volume={7},
  number={3},
  pages={7327--7334},
  year={2022},
  publisher={IEEE}
}

@inproceedings{shen2021igibson,
  title={iGibson 1.0: A simulation environment for interactive tasks in large realistic scenes},
  author={Shen, Bokui and Xia, Fei and Li, Chengshu and Mart{\'\i}n-Mart{\'\i}n, Roberto and Fan, Linxi and Wang, Guanzhi and P{\'e}rez-Dâ€™Arpino, Claudia and Buch, Shyamal and Srivastava, Sanjana and Tchapmi, Lyne and others},
  booktitle={2021 IEEE/RSJ International Conference on Intelligent Robots and Systems (IROS)},
  pages={7520--7527},
  year={2021},
  organization={IEEE}
}

@inproceedings{shridhar2020alfred,
  title={Alfred: A benchmark for interpreting grounded instructions for everyday tasks},
  author={Shridhar, Mohit and Thomason, Jesse and Gordon, Daniel and Bisk, Yonatan and Han, Winson and Mottaghi, Roozbeh and Zettlemoyer, Luke and Fox, Dieter},
  booktitle={Proceedings of the IEEE/CVF conference on computer vision and pattern recognition},
  pages={10740--10749},
  year={2020}
}

@inproceedings{srivastava2022behavior,
  title={Behavior: Benchmark for everyday household activities in virtual, interactive, and ecological environments},
  author={Srivastava, Sanjana and Li, Chengshu and Lingelbach, Michael and Mart{\'\i}n-Mart{\'\i}n, Roberto and Xia, Fei and Vainio, Kent Elliott and Lian, Zheng and Gokmen, Cem and Buch, Shyamal and Liu, Karen and others},
  booktitle={Conference on Robot Learning},
  pages={477--490},
  year={2022},
  organization={PMLR}
}

@article{stepputtis2020language,
  title={Language-conditioned imitation learning for robot manipulation tasks},
  author={Stepputtis, Simon and Campbell, Joseph and Phielipp, Mariano and Lee, Stefan and Baral, Chitta and Ben Amor, Heni},
  journal={Advances in Neural Information Processing Systems},
  volume={33},
  pages={13139--13150},
  year={2020}
}

@inproceedings{sun2020scalability,
  title={Scalability in perception for autonomous driving: Waymo open dataset},
  author={Sun, Pei and Kretzschmar, Henrik and Dotiwalla, Xerxes and Chouard, Aurelien and Patnaik, Vijaysai and Tsui, Paul and Guo, James and Zhou, Yin and Chai, Yuning and Caine, Benjamin and others},
  booktitle={Proceedings of the IEEE/CVF conference on computer vision and pattern recognition},
  pages={2446--2454},
  year={2020}
}

@inproceedings{yang2022interactive,
  title={Interactive robotic grasping with attribute-guided disambiguation},
  author={Yang, Yang and Lou, Xibai and Choi, Changhyun},
  booktitle={2022 International Conference on Robotics and Automation (ICRA)},
  pages={8914--8920},
  year={2022},
  organization={IEEE}
}

@inproceedings{yu2020meta,
  title={Meta-world: A benchmark and evaluation for multi-task and meta reinforcement learning},
  author={Yu, Tianhe and Quillen, Deirdre and He, Zhanpeng and Julian, Ryan and Hausman, Karol and Finn, Chelsea and Levine, Sergey},
  booktitle={Conference on robot learning},
  pages={1094--1100},
  year={2020},
  organization={PMLR}
}

@inproceedings{zeng2021transporter,
  title={Transporter networks: Rearranging the visual world for robotic manipulation},
  author={Zeng, Andy and Florence, Pete and Tompson, Jonathan and Welker, Stefan and Chien, Jonathan and Attarian, Maria and Armstrong, Travis and Krasin, Ivan and Duong, Dan and Sindhwani, Vikas and others},
  booktitle={Conference on Robot Learning},
  pages={726--747},
  year={2021},
  organization={PMLR}
}

@article{zhu2020robosuite,
  title={robosuite: A modular simulation framework and benchmark for robot learning},
  author={Zhu, Yuke and Wong, Josiah and Mandlekar, Ajay and Mart{\'\i}n-Mart{\'\i}n, Roberto and Joshi, Abhishek and Nasiriany, Soroush and Zhu, Yifeng},
  journal={arXiv preprint arXiv:2009.12293},
  year={2020}
}

