@String(PAMI = {IEEE Trans. Pattern Anal. Mach. Intell.})
@String(IJCV = {Int. J. Comput. Vis.})
@String(CVPR= {IEEE Conf. Comput. Vis. Pattern Recog.})
@String(ICCV= {Int. Conf. Comput. Vis.})
@String(ECCV= {Eur. Conf. Comput. Vis.})
@String(NIPS= {Adv. Neural Inform. Process. Syst.})
@String(ICPR = {Int. Conf. Pattern Recog.})
@String(BMVC= {Brit. Mach. Vis. Conf.})
@String(TOG= {ACM Trans. Graph.})
@String(TIP  = {IEEE Trans. Image Process.})
@String(TVCG  = {IEEE Trans. Vis. Comput. Graph.})
@String(TMM  = {IEEE Trans. Multimedia})
@String(ACMMM= {ACM Int. Conf. Multimedia})
@String(ICME = {Int. Conf. Multimedia and Expo})
@String(ICASSP=	{ICASSP})
@String(ICIP = {IEEE Int. Conf. Image Process.})
@String(ACCV  = {ACCV})
@String(ICLR = {Int. Conf. Learn. Represent.})
@String(IJCAI = {IJCAI})
@String(PR   = {Pattern Recognition})
@String(AAAI = {AAAI})
@String(CVPRW= {IEEE Conf. Comput. Vis. Pattern Recog. Worksh.})
@String(CSVT = {IEEE Trans. Circuit Syst. Video Technol.})

@String(SPL	= {IEEE Sign. Process. Letters})
@String(VR   = {Vis. Res.})
@String(JOV	 = {J. Vis.})
@String(TVC  = {The Vis. Comput.})
@String(JCST  = {J. Comput. Sci. Tech.})
@String(CGF  = {Comput. Graph. Forum})
@String(CVM = {Computational Visual Media})


@String(PAMI  = {IEEE TPAMI})
@String(IJCV  = {IJCV})
@String(CVPR  = {CVPR})
@String(ICCV  = {ICCV})
@String(ECCV  = {ECCV})
@String(NIPS  = {NeurIPS})
@String(ICPR  = {ICPR})
@String(BMVC  =	{BMVC})
@String(TOG   = {ACM TOG})
@String(TIP   = {IEEE TIP})
@String(TVCG  = {IEEE TVCG})
@String(TCSVT = {IEEE TCSVT})
@String(TMM   =	{IEEE TMM})
@String(ACMMM = {ACM MM})
@String(ICME  =	{ICME})
@String(ICASSP=	{ICASSP})
@String(ICIP  = {ICIP})
@String(ACCV  = {ACCV})
@String(ICLR  = {ICLR})
@String(IJCAI = {IJCAI})
@String(PR = {PR})
@String(AAAI = {AAAI})
@String(CVPRW= {CVPRW})
@String(CSVT = {IEEE TCSVT})

@misc{vaswani2023attentionneed,
      title={Attention Is All You Need}, 
      author={Ashish Vaswani and Noam Shazeer and Niki Parmar and Jakob Uszkoreit and Llion Jones and Aidan N. Gomez and Lukasz Kaiser and Illia Polosukhin},
      year={2023},
      eprint={1706.03762},
      archivePrefix={arXiv},
      primaryClass={cs.CL},
      url={https://arxiv.org/abs/1706.03762}, 
}

@article{zhouhan_lin_minwei_feng_cicero_nogueira_dos_santos_mo_yu_bing_xiang_bowen_zhou_yoshua_bengio:_structured_nodate,
    author = "{Zhouhan Lin, Minwei Feng, CÃ­cero Nogueira dos Santos, Mo Yu, Bing Xiang, Bowen Zhou, Yoshua Bengio:}",
    title = "A Structured Self-Attentive Sentence Embedding",
    keywords = "2017, PUBLICATION: ARXIV, ALANA, RELEVANTE"
}

@article{zhu_image_2018,
    author = "Zhu, Xinxin and Li, Lixiang and Liu, Jing and Li, Ziyi and Peng, Haipeng and Niu, Xinxin",
    title = "Image captioning with triple-attention and stack parallel LSTM",
    volume = "319",
    issn = "0925-2312",
    url = "http://www.sciencedirect.com/science/article/pii/S0925231218310324",
    doi = "10.1016/j.neucom.2018.08.069",
    abstract = "Image captioning aims to describe the content of images with a sentence. It is a natural way for people to express their understanding, but a challenging and important task from the view of image understanding. In this paper, we propose two innovations to improve the performance of such a sequence learning problem. First, we give a new attention method named triple attention (TA-LSTM) which can leverage the image context information at every stage of LSTM. Then, we redesign the structure of basic LSTM, in which not only the stacked LSTM but also the paralleled LSTM are adopted, called as PS-LSTM. In this structure, we not only use the stack LSTM but also use the parallel LSTM to achieve the improvement of the performance compared with the normal LSTM. Through this structure, the proposed model can ensemble more parameters on single model and has ensemble ability itself. Through numerical experiments, on the public available MSCOCO dataset, our final TA-PS-LSTM model achieves comparable performance with some state-of-the-art methods.",
    urldate = "2018-10-27",
    journal = "Neurocomputing",
    month = "November",
    year = "2018",
    keywords = "2018, IMAGE DESCRIPTION, MS STATIC, MS CAMERA MONOCULAR, COMPUTER VISION AND NLP, MS MULTIMODAL: IMAGE AND TEXT, HYBRID MODEL: CNN MODEL + LSTM MODEL, CHECK OK, PUBLICATION: Neurocomputing Elsevier, NAME: TA-LSTM, NOTA 4, RELEVANTE",
    pages = "55--65",
    file = "ScienceDirect Snapshot:/Users/alana/Zotero/storage/BERFKRTH/S0925231218310324.html:text/html"
}

@article{zhu_visual7w:_2015,
    author = "Zhu, Yuke and Groth, Oliver and Bernstein, Michael and Fei-Fei, Li",
    title = "Visual7W: Grounded Question Answering in Images",
    shorttitle = "{Visual7W}",
    url = "http://arxiv.org/abs/1511.03416",
    abstract = "We have seen great progress in basic perceptual tasks such as object recognition and detection. However, AI models still fail to match humans in high-level vision tasks due to the lack of capacities for deeper reasoning. Recently the new task of visual question answering (QA) has been proposed to evaluate a model's capacity for deep image understanding. Previous works have established a loose, global association between QA sentences and images. However, many questions and answers, in practice, relate to local regions in the images. We establish a semantic link between textual descriptions and image regions by object-level grounding. It enables a new type of QA with visual answers, in addition to textual answers used in previous work. We study the visual QA tasks in a grounded setting with a large collection of 7W multiple-choice QA pairs. Furthermore, we evaluate human performance and several baseline models on the QA tasks. Finally, we propose a novel LSTM model with spatial attention to tackle the 7W QA tasks.",
    urldate = "2019-05-13",
    journal = "arXiv:1511.03416 [cs]",
    month = "November",
    year = "2015",
    note = "arXiv: 1511.03416",
    keywords = "2016, VISUAL QUESTION-ANSWERING, MS STATIC, MS CAMERA MONOCULAR, COMPUTER VISION AND NLP, MS MULTIMODAL: IMAGE AND TEXT, HYBRID MODEL: CNN MODEL + LSTM MODEL, PERILLO - NOVOS ARTIGOS, PUBLICATION: CVPR, CHECK OK, NAME: Visual7W, NOTA 4, RELEVANTE",
    file = "arXiv\:1511.03416 PDF:/Users/alana/Zotero/storage/NZ9VG4RU/Zhu et al. - 2015 - Visual7W Grounded Question Answering in Images.pdf:application/pdf;arXiv.org Snapshot:/Users/alana/Zotero/storage/FYDVWEIL/1511.html:text/html"
}

@inproceedings{zhu2018self,
    author = "Zhu, Yingke and Ko, Tom and Snyder, David and Mak, Brian and Povey, Daniel",
    title = "Self-Attentive Speaker Embeddings for Text-Independent Speaker Verification.",
    booktitle = "Interspeech",
    pages = "3573--3577",
    year = "2018"
}



@article{noauthor_bi-directional_nodate,
  title={Bi-directional spatial-semantic attention networks for image-text matching},
  author={Huang, Feiran and Zhang, Xiaoming and Zhao, Zhonghua and Li, Zhoujun},
  journal={IEEE Transactions on Image Processing},
  volume={28},
  number={4},
  pages={2008--2020},
  year={2018},
  publisher={IEEE}
}






@article{noauthor_mri_nodate,
    title = "Mri Reconstruction Via Cascaded Channel-Wise Attention Network.",
    url = "https://dblp.org/rec/journals/corr/abs-1810-08229",
    keywords = "2019, PUBLICATION: ISBI, RELEVANTE"
}

@article{noauthor_weakly_nodate,
    title = "Weakly Labelled Audioset Classification With Attention Neural Networks.",
    url = "https://dblp.org/rec/journals/corr/abs-1903-00765",
    keywords = "2019, PUBLICATION: ARXIV, RELEVANTE"
}


@article{noauthor_skeleton_nodate,
  title={Skeleton-based human action recognition with global context-aware attention LSTM networks},
  author={Liu, Jun and Wang, Gang and Duan, Ling-Yu and Abdiyeva, Kamila and Kot, Alex C},
  journal={IEEE Transactions on Image Processing},
  volume={27},
  number={4},
  pages={1586--1599},
  year={2017},
  publisher={IEEE}
}

@article{noauthor_social_nodate,
    title = "Social Attention - Modeling Attention In Human Crowds.",
    url = "https://dblp.org/rec/journals/corr/abs-1710-04689",
    keywords = "2017, PUBLICATION: ARXIV, RELEVANTE"
}

@article{noauthor_bert_nodate,
    title = "Bert And Pals - Projected Attention Layers For Efficient Adaptation In Multi-Task Learning.",
    url = "https://dblp.org/rec/journals/corr/abs-1902-02671",
    keywords = "2019, PUBLICATION: ARXIV, RELEVANTE"
}


@inproceedings{noauthor_improving_nodate,
  title={Improving referring expression grounding with cross-modal attention-guided erasing},
  author={Liu, Xihui and Wang, Zihao and Shao, Jing and Wang, Xiaogang and Li, Hongsheng},
  booktitle={Proceedings of the IEEE/CVF Conference on Computer Vision and Pattern Recognition},
  pages={1950--1959},
  year={2019}
}


@article{noauthor_attention-augmented_nodate,
    title = "Attention-Augmented End-To-End Multi-Task Learning For Emotion Prediction From Speech.",
    url = "https://dblp.org/rec/journals/corr/abs-1903-12424",
    keywords = "2019, PUBLICATION: ICASSP, RELEVANTE"
}

@article{noauthor_advancing_nodate,
    title = "Advancing Connectionist Temporal Classification With Attention Modeling.",
    url = "https://dblp.org/rec/journals/corr/abs-1803-05563",
    keywords = "2018, PUBLICATION: ICASSP, RELEVANTE"
}



@article{noauthor_affect-rich_nodate,
    title = "An Affect-Rich Neural Conversational Model With Biased Attention And Weighted Cross-Entropy Loss.",
    url = "https://dblp.org/rec/journals/corr/abs-1811-07078",
    keywords = "2019, PUBLICATION: AAAI, RELEVANTE"
}

@article{noauthor_reproduction_nodate,
    title = "Reproduction Report On \\&Quot;Learn To Pay Attention\\&Quot;.",
    url = "https://dblp.org/rec/journals/corr/abs-1812-04650",
    keywords = "2018, PUBLICATION: ARXIV, RELEVANTE"
}



@inproceedings{noauthor_bottom-up_nodate,
  title={Bottom-up and top-down attention for image captioning and visual question answering},
  author={Anderson, Peter and He, Xiaodong and Buehler, Chris and Teney, Damien and Johnson, Mark and Gould, Stephen and Zhang, Lei},
  booktitle={Proceedings of the IEEE conference on computer vision and pattern recognition},
  pages={6077--6086},
  year={2018}
}


@article{noauthor_interpretable_nodate,
    title = "Interpretable Learning For Self-Driving Cars By Visualizing Causal Attention.",
    url = "https://dblp.org/rec/journals/corr/KimC17",
    keywords = "2017, PUBLICATION: ICCV, RELEVANTE"
}


@article{noauthor_object-part_nodate,
  author    = {Yuxin Peng and
               Xiangteng He and
               Junjie Zhao},
  title     = {Object-Part Attention Driven Discriminative Localization for Fine-grained
               Image Classification},
  journal   = {CoRR},
  volume    = {abs/1704.01740},
  year      = {2017},
  url       = {http://arxiv.org/abs/1704.01740},
  archivePrefix = {arXiv},
  eprint    = {1704.01740},
  timestamp = {Mon, 13 Aug 2018 16:47:37 +0200},
  biburl    = {https://dblp.org/rec/journals/corr/PengHZ17.bib},
  bibsource = {dblp computer science bibliography, https://dblp.org}
}





@inproceedings{noauthor_focusing_nodate,
  title={Focusing attention: Towards accurate text recognition in natural images},
  author={Cheng, Zhanzhan and Bai, Fan and Xu, Yunlu and Zheng, Gang and Pu, Shiliang and Zhou, Shuigeng},
  booktitle={Proc. of the IEEE ICCV},
  pages={5076--5084},
  year={2017}
}


@article{noauthor_granger-causal_nodate,
    title = "Granger-Causal Attentive Mixtures Of Experts.",
    url = "http://arxiv.org/abs/1708.02286",
    keywords = "2019, PUBLICATION: AAAI, RELEVANTE"
}

@inproceedings{noauthor_jointly_nodate,
  title={Jointly attentive spatial-temporal pooling networks for video-based person re-identification},
  author={Xu, Shuangjie and Cheng, Yu and Gu, Kang and Yang, Yang and Chang, Shiyu and Zhou, Pan},
  booktitle={Proceedings of the IEEE international conference on computer vision},
  pages={4733--4742},
  year={2017}
}



@article{noauthor_scan_nodate,
  title={Scan: Self-and-collaborative attention network for video person re-identification},
  author={Zhang, Ruimao and Li, Jingyu and Sun, Hongbin and Ge, Yuying and Luo, Ping and Wang, Xiaogang and Lin, Liang},
  journal={IEEE Transactions on Image Processing},
  volume={28},
  number={10},
  pages={4870--4882},
  year={2019},
  publisher={IEEE}
}


@article{noauthor_focal_nodate,
  title={Focal visual-text attention for memex question answering},
  author={Liang, Junwei and Jiang, Lu and Cao, Liangliang and Kalantidis, Yannis and Li, Li-Jia and Hauptmann, Alexander G},
  journal={IEEE PAMI},
  volume={41},
  number={8},
  pages={1893--1908},
  year={2019},
  publisher={IEEE}
}




@article{noauthor_emergent_nodate,
    title = "Emergent Tool Use From Multi-Agent Autocurricula",
    keywords = "2019, NAME: POLICY, RELEVANTE"
}

@article{sutton1999between,
  title={Between MDPs and semi-MDPs: A framework for temporal abstraction in reinforcement learning},
  author={Sutton, Richard S and Precup, Doina and Singh, Satinder},
  journal={Artificial intelligence},
  volume={112},
  number={1-2},
  pages={181--211},
  year={1999},
  publisher={Elsevier}
}

@article{sheridan2016human,
  title={Human--robot interaction: status and challenges},
  author={Sheridan, Thomas B},
  journal={Human factors},
  volume={58},
  number={4},
  pages={525--532},
  year={2016},
  publisher={SAGE Publications Sage CA: Los Angeles, CA}
}
@misc{wei2023chainofthought,
      title={Chain-of-Thought Prompting Elicits Reasoning in Large Language Models}, 
      author={Jason Wei and Xuezhi Wang and Dale Schuurmans and Maarten Bosma and Brian Ichter and Fei Xia and Ed Chi and Quoc Le and Denny Zhou},
      year={2023},
      eprint={2201.11903},
      archivePrefix={arXiv},
      primaryClass={cs.CL}
}
@misc{openai2023gpt4,
      title={GPT-4 Technical Report}, 
      author={OpenAI},
      year={2023},
      eprint={2303.08774},
      archivePrefix={arXiv},
      primaryClass={cs.CL}
}
@misc{touvron2023llama,
      title={LLaMA: Open and Efficient Foundation Language Models}, 
      author={Hugo Touvron and Thibaut Lavril and Gautier Izacard and Xavier Martinet and Marie-Anne Lachaux and TimothÃ©e Lacroix and Baptiste RoziÃ¨re and Naman Goyal and Eric Hambro and Faisal Azhar and Aurelien Rodriguez and Armand Joulin and Edouard Grave and Guillaume Lample},
      year={2023},
      eprint={2302.13971},
      archivePrefix={arXiv},
      primaryClass={cs.CL}
}
@misc{taylor2022galactica,
      title={Galactica: A Large Language Model for Science}, 
      author={Ross Taylor and Marcin Kardas and Guillem Cucurull and Thomas Scialom and Anthony Hartshorn and Elvis Saravia and Andrew Poulton and Viktor Kerkez and Robert Stojnic},
      year={2022},
      eprint={2211.09085},
      archivePrefix={arXiv},
      primaryClass={cs.CL}
}
@inproceedings{ahn2022visually,
  title={Visually Grounding Language Instruction for History-Dependent Manipulation},
  author={Ahn, Hyemin and Kwon, Obin and Kim, Kyungdo and Jeong, Jaeyeon and Jun, Howoong and Lee, Hongjung and Lee, Dongheui and Oh, Songhwai},
  booktitle={2022 International Conference on Robotics and Automation (ICRA)},
  pages={675--682},
  year={2022},
  organization={IEEE}
}
@inproceedings{yang2022interactive,
  title={Interactive robotic grasping with attribute-guided disambiguation},
  author={Yang, Yang and Lou, Xibai and Choi, Changhyun},
  booktitle={2022 International Conference on Robotics and Automation (ICRA)},
  pages={8914--8920},
  year={2022},
  organization={IEEE}
}
@inproceedings{cheang2022learning,
  title={Learning 6-DoF Object Poses to Grasp Category-Level Objects by Language Instructions},
  author={Cheang, Chilam and Lin, Haitao and Fu, Yanwei and Xue, Xiangyang},
  booktitle={2022 International Conference on Robotics and Automation (ICRA)},
  pages={8476--8482},
  year={2022},
  organization={IEEE}
}
@inproceedings{kuo2022trajectory,
  title={Trajectory prediction with linguistic representations},
  author={Kuo, Yen-Ling and Huang, Xin and Barbu, Andrei and McGill, Stephen G and Katz, Boris and Leonard, John J and Rosman, Guy},
  booktitle={2022 International Conference on Robotics and Automation (ICRA)},
  pages={2868--2875},
  year={2022},
  organization={IEEE}
}
@misc{chowdhery2022palm,
      title={PaLM: Scaling Language Modeling with Pathways}, 
      author={Aakanksha Chowdhery and Sharan Narang and Jacob Devlin and Maarten Bosma and Gaurav Mishra and Adam Roberts and Paul Barham and Hyung Won Chung and Charles Sutton and Sebastian Gehrmann and Parker Schuh and Kensen Shi and Sasha Tsvyashchenko and Joshua Maynez and Abhishek Rao and Parker Barnes and Yi Tay and Noam Shazeer and Vinodkumar Prabhakaran and Emily Reif and Nan Du and Ben Hutchinson and Reiner Pope and James Bradbury and Jacob Austin and Michael Isard and Guy Gur-Ari and Pengcheng Yin and Toju Duke and Anselm Levskaya and Sanjay Ghemawat and Sunipa Dev and Henryk Michalewski and Xavier Garcia and Vedant Misra and Kevin Robinson and Liam Fedus and Denny Zhou and Daphne Ippolito and David Luan and Hyeontaek Lim and Barret Zoph and Alexander Spiridonov and Ryan Sepassi and David Dohan and Shivani Agrawal and Mark Omernick and Andrew M. Dai and Thanumalayan Sankaranarayana Pillai and Marie Pellat and Aitor Lewkowycz and Erica Moreira and Rewon Child and Oleksandr Polozov and Katherine Lee and Zongwei Zhou and Xuezhi Wang and Brennan Saeta and Mark Diaz and Orhan Firat and Michele Catasta and Jason Wei and Kathy Meier-Hellstern and Douglas Eck and Jeff Dean and Slav Petrov and Noah Fiedel},
      year={2022},
      eprint={2204.02311},
      archivePrefix={arXiv},
      primaryClass={cs.CL}
}
@misc{rao2020make,
      title={How to Make Deep RL Work in Practice}, 
      author={Nirnai Rao and Elie Aljalbout and Axel Sauer and Sami Haddadin},
      year={2020},
      eprint={2010.13083},
      archivePrefix={arXiv},
      primaryClass={cs.LG}
}
@article{de2022attention,
  title={Attention, please! A survey of neural attention models in deep learning},
  author={de Santana Correia, Alana and Colombini, Esther Luna},
  journal={Artificial Intelligence Review},
  volume={55},
  number={8},
  pages={6037--6124},
  year={2022},
  publisher={Springer}
}
@article{bahdanau2014neural,
  title={Neural machine translation by jointly learning to align and translate},
  author={Bahdanau, Dzmitry and Cho, Kyunghyun and Bengio, Yoshua},
  journal={arXiv preprint arXiv:1409.0473},
  year={2014}
}
@article{zhao2023survey,
  title={A survey of large language models},
  author={Zhao, Wayne Xin and Zhou, Kun and Li, Junyi and Tang, Tianyi and Wang, Xiaolei and Hou, Yupeng and Min, Yingqian and Zhang, Beichen and Zhang, Junjie and Dong, Zican and others},
  journal={arXiv preprint arXiv:2303.18223},
  year={2023}
}
@article{bang2023multitask,
  title={A multitask, multilingual, multimodal evaluation of chatgpt on reasoning, hallucination, and interactivity},
  author={Bang, Yejin and Cahyawijaya, Samuel and Lee, Nayeon and Dai, Wenliang and Su, Dan and Wilie, Bryan and Lovenia, Holy and Ji, Ziwei and Yu, Tiezheng and Chung, Willy and others},
  journal={arXiv preprint arXiv:2302.04023},
  year={2023}
}
@article{christiano2017deep,
  title={Deep reinforcement learning from human preferences},
  author={Christiano, Paul F and Leike, Jan and Brown, Tom and Martic, Miljan and Legg, Shane and Amodei, Dario},
  journal={Advances in neural information processing systems},
  volume={30},
  year={2017}
}
@article{chang2023survey,
  title={A survey on evaluation of large language models},
  author={Chang, Yupeng and Wang, Xu and Wang, Jindong and Wu, Yuan and Zhu, Kaijie and Chen, Hao and Yang, Linyi and Yi, Xiaoyuan and Wang, Cunxiang and Wang, Yidong and others},
  journal={arXiv preprint arXiv:2307.03109},
  year={2023}
}
@misc{andrychowicz2020matters,
      title={What Matters In On-Policy Reinforcement Learning? A Large-Scale Empirical Study}, 
      author={Marcin Andrychowicz and Anton Raichuk and Piotr StaÅczyk and Manu Orsini and Sertan Girgin and Raphael Marinier and LÃ©onard Hussenot and Matthieu Geist and Olivier Pietquin and Marcin Michalski and Sylvain Gelly and Olivier Bachem},
      year={2020},
      eprint={2006.05990},
      archivePrefix={arXiv},
      primaryClass={cs.LG}
}
@misc{schulman2018highdimensional,
      title={High-Dimensional Continuous Control Using Generalized Advantage Estimation}, 
      author={John Schulman and Philipp Moritz and Sergey Levine and Michael Jordan and Pieter Abbeel},
      year={2018},
      eprint={1506.02438},
      archivePrefix={arXiv},
      primaryClass={cs.LG}
}
@article{mccann2018natural,
  title={The natural language decathlon: Multitask learning as question answering},
  author={McCann, Bryan and Keskar, Nitish Shirish and Xiong, Caiming and Socher, Richard},
  journal={arXiv preprint arXiv:1806.08730},
  year={2018}
}
@article{raffel2020exploring,
  title={Exploring the limits of transfer learning with a unified text-to-text transformer},
  author={Raffel, Colin and Shazeer, Noam and Roberts, Adam and Lee, Katherine and Narang, Sharan and Matena, Michael and Zhou, Yanqi and Li, Wei and Liu, Peter J},
  journal={The Journal of Machine Learning Research},
  volume={21},
  number={1},
  pages={5485--5551},
  year={2020},
  publisher={JMLRORG}
}
@article{shoeybi2019megatron,
  title={Megatron-lm: Training multi-billion parameter language models using model parallelism},
  author={Shoeybi, Mohammad and Patwary, Mostofa and Puri, Raul and LeGresley, Patrick and Casper, Jared and Catanzaro, Bryan},
  journal={arXiv preprint arXiv:1909.08053},
  year={2019}
}
@article{chen2022unified,
  title={A unified sequence interface for vision tasks},
  author={Chen, Ting and Saxena, Saurabh and Li, Lala and Lin, Tsung-Yi and Fleet, David J and Hinton, Geoffrey E},
  journal={Advances in Neural Information Processing Systems},
  volume={35},
  pages={31333--31346},
  year={2022}
}
@article{yuan2021florence,
  title={Florence: A new foundation model for computer vision},
  author={Yuan, Lu and Chen, Dongdong and Chen, Yi-Ling and Codella, Noel and Dai, Xiyang and Gao, Jianfeng and Hu, Houdong and Huang, Xuedong and Li, Boxin and Li, Chunyuan and others},
  journal={arXiv preprint arXiv:2111.11432},
  year={2021}
}
@inproceedings{ghiasi2021multi,
  title={Multi-task self-training for learning general representations},
  author={Ghiasi, Golnaz and Zoph, Barret and Cubuk, Ekin D and Le, Quoc V and Lin, Tsung-Yi},
  booktitle={Proceedings of the IEEE/CVF International Conference on Computer Vision},
  pages={8856--8865},
  year={2021}
}
@inproceedings{kolesnikov2020big,
  title={Big transfer (bit): General visual representation learning},
  author={Kolesnikov, Alexander and Beyer, Lucas and Zhai, Xiaohua and Puigcerver, Joan and Yung, Jessica and Gelly, Sylvain and Houlsby, Neil},
  booktitle={Computer Vision--ECCV 2020: 16th European Conference, Glasgow, UK, August 23--28, 2020, Proceedings, Part V 16},
  pages={491--507},
  year={2020},
  organization={Springer}
}
@inproceedings{jaegle2021perceiver,
  title={Perceiver: General perception with iterative attention},
  author={Jaegle, Andrew and Gimeno, Felix and Brock, Andy and Vinyals, Oriol and Zisserman, Andrew and Carreira, Joao},
  booktitle={International conference on machine learning},
  pages={4651--4664},
  year={2021},
  organization={PMLR}
}
@article{alayrac2022flamingo,
  title={Flamingo: a visual language model for few-shot learning},
  author={Alayrac, Jean-Baptiste and Donahue, Jeff and Luc, Pauline and Miech, Antoine and Barr, Iain and Hasson, Yana and Lenc, Karel and Mensch, Arthur and Millican, Katherine and Reynolds, Malcolm and others},
  journal={Advances in Neural Information Processing Systems},
  volume={35},
  pages={23716--23736},
  year={2022}
}
@article{bommasani2021opportunities,
  title={On the opportunities and risks of foundation models},
  author={Bommasani, Rishi and Hudson, Drew A and Adeli, Ehsan and Altman, Russ and Arora, Simran and von Arx, Sydney and Bernstein, Michael S and Bohg, Jeannette and Bosselut, Antoine and Brunskill, Emma and others},
  journal={arXiv preprint arXiv:2108.07258},
  year={2021}
}
@article{yang2023foundation,
  title={Foundation models for decision making: Problems, methods, and opportunities},
  author={Yang, Sherry and Nachum, Ofir and Du, Yilun and Wei, Jason and Abbeel, Pieter and Schuurmans, Dale},
  journal={arXiv preprint arXiv:2303.04129},
  year={2023}
}
@article{chen2021decision,
  title={Decision transformer: Reinforcement learning via sequence modeling},
  author={Chen, Lili and Lu, Kevin and Rajeswaran, Aravind and Lee, Kimin and Grover, Aditya and Laskin, Misha and Abbeel, Pieter and Srinivas, Aravind and Mordatch, Igor},
  journal={Advances in neural information processing systems},
  volume={34},
  pages={15084--15097},
  year={2021}
}
@article{janner2021offline,
  title={Offline reinforcement learning as one big sequence modeling problem},
  author={Janner, Michael and Li, Qiyang and Levine, Sergey},
  journal={Advances in neural information processing systems},
  volume={34},
  pages={1273--1286},
  year={2021}
}
@inproceedings{zheng2022online,
  title={Online decision transformer},
  author={Zheng, Qinqing and Zhang, Amy and Grover, Aditya},
  booktitle={international conference on machine learning},
  pages={27042--27059},
  year={2022},
  organization={PMLR}
}
@inproceedings{xu2022prompting,
  title={Prompting decision transformer for few-shot policy generalization},
  author={Xu, Mengdi and Shen, Yikang and Zhang, Shun and Lu, Yuchen and Zhao, Ding and Tenenbaum, Joshua and Gan, Chuang},
  booktitle={international conference on machine learning},
  pages={24631--24645},
  year={2022},
  organization={PMLR}
}
@inproceedings{shridhar2022cliport,
  title={Cliport: What and where pathways for robotic manipulation},
  author={Shridhar, Mohit and Manuelli, Lucas and Fox, Dieter},
  booktitle={Conference on Robot Learning},
  pages={894--906},
  year={2022},
  organization={PMLR}
}
@inproceedings{shridhar2023perceiver,
  title={Perceiver-actor: A multi-task transformer for robotic manipulation},
  author={Shridhar, Mohit and Manuelli, Lucas and Fox, Dieter},
  booktitle={Conference on Robot Learning},
  pages={785--799},
  year={2023},
  organization={PMLR}
}
@article{brohan2022rt,
  title={Rt-1: Robotics transformer for real-world control at scale},
  author={Brohan, Anthony and Brown, Noah and Carbajal, Justice and Chebotar, Yevgen and Dabis, Joseph and Finn, Chelsea and Gopalakrishnan, Keerthana and Hausman, Karol and Herzog, Alex and Hsu, Jasmine and others},
  journal={arXiv preprint arXiv:2212.06817},
  year={2022}
}
@article{shafiullah2022behavior,
  title={Behavior Transformers: Cloning $ k $ modes with one stone},
  author={Shafiullah, Nur Muhammad and Cui, Zichen and Altanzaya, Ariuntuya Arty and Pinto, Lerrel},
  journal={Advances in neural information processing systems},
  volume={35},
  pages={22955--22968},
  year={2022}
}
@article{cui2022play,
  title={From play to policy: Conditional behavior generation from uncurated robot data},
  author={Cui, Zichen Jeff and Wang, Yibin and Muhammad, Nur and Pinto, Lerrel and others},
  journal={arXiv preprint arXiv:2210.10047},
  year={2022}
}
@article{gupta2022maskvit,
  title={Maskvit: Masked visual pre-training for video prediction},
  author={Gupta, Agrim and Tian, Stephen and Zhang, Yunzhi and Wu, Jiajun and Mart{\'\i}n-Mart{\'\i}n, Roberto and Fei-Fei, Li},
  journal={arXiv preprint arXiv:2206.11894},
  year={2022}
}
@article{nair2022r3m,
  title={R3m: A universal visual representation for robot manipulation},
  author={Nair, Suraj and Rajeswaran, Aravind and Kumar, Vikash and Finn, Chelsea and Gupta, Abhinav},
  journal={arXiv preprint arXiv:2203.12601},
  year={2022}
}
@article{ma2022vip,
  title={Vip: Towards universal visual reward and representation via value-implicit pre-training},
  author={Ma, Yecheng Jason and Sodhani, Shagun and Jayaraman, Dinesh and Bastani, Osbert and Kumar, Vikash and Zhang, Amy},
  journal={arXiv preprint arXiv:2210.00030},
  year={2022}
}
@article{majumdar2023we,
  title={Where are we in the search for an Artificial Visual Cortex for Embodied Intelligence?},
  author={Majumdar, Arjun and Yadav, Karmesh and Arnaud, Sergio and Ma, Yecheng Jason and Chen, Claire and Silwal, Sneha and Jain, Aryan and Berges, Vincent-Pierre and Abbeel, Pieter and Malik, Jitendra and others},
  journal={arXiv preprint arXiv:2303.18240},
  year={2023}
}
@article{li2022pre,
  title={Pre-trained language models for interactive decision-making},
  author={Li, Shuang and Puig, Xavier and Paxton, Chris and Du, Yilun and Wang, Clinton and Fan, Linxi and Chen, Tao and Huang, De-An and Aky{\"u}rek, Ekin and Anandkumar, Anima and others},
  journal={Advances in Neural Information Processing Systems},
  volume={35},
  pages={31199--31212},
  year={2022}
}
@article{fan2022minedojo,
  title={Minedojo: Building open-ended embodied agents with internet-scale knowledge},
  author={Fan, Linxi and Wang, Guanzhi and Jiang, Yunfan and Mandlekar, Ajay and Yang, Yuncong and Zhu, Haoyi and Tang, Andrew and Huang, De-An and Zhu, Yuke and Anandkumar, Anima},
  journal={Advances in Neural Information Processing Systems},
  volume={35},
  pages={18343--18362},
  year={2022}
}
@inproceedings{grauman2022ego4d,
  title={Ego4d: Around the world in 3,000 hours of egocentric video},
  author={Grauman, Kristen and Westbury, Andrew and Byrne, Eugene and Chavis, Zachary and Furnari, Antonino and Girdhar, Rohit and Hamburger, Jackson and Jiang, Hao and Liu, Miao and Liu, Xingyu and others},
  booktitle={Proceedings of the IEEE/CVF Conference on Computer Vision and Pattern Recognition},
  pages={18995--19012},
  year={2022}
}
@article{ahn2022can,
  title={Do as i can, not as i say: Grounding language in robotic affordances},
  author={Ahn, Michael and Brohan, Anthony and Brown, Noah and Chebotar, Yevgen and Cortes, Omar and David, Byron and Finn, Chelsea and Fu, Chuyuan and Gopalakrishnan, Keerthana and Hausman, Karol and others},
  journal={arXiv preprint arXiv:2204.01691},
  year={2022}
}
@article{chowdhery2022palm,
  title={Palm: Scaling language modeling with pathways},
  author={Chowdhery, Aakanksha and Narang, Sharan and Devlin, Jacob and Bosma, Maarten and Mishra, Gaurav and Roberts, Adam and Barham, Paul and Chung, Hyung Won and Sutton, Charles and Gehrmann, Sebastian and others},
  journal={arXiv preprint arXiv:2204.02311},
  year={2022}
}
@inproceedings{huang2022language,
  title={Language models as zero-shot planners: Extracting actionable knowledge for embodied agents},
  author={Huang, Wenlong and Abbeel, Pieter and Pathak, Deepak and Mordatch, Igor},
  booktitle={International Conference on Machine Learning},
  pages={9118--9147},
  year={2022},
  organization={PMLR}
}
@article{huang2022inner,
  title={Inner monologue: Embodied reasoning through planning with language models},
  author={Huang, Wenlong and Xia, Fei and Xiao, Ted and Chan, Harris and Liang, Jacky and Florence, Pete and Zeng, Andy and Tompson, Jonathan and Mordatch, Igor and Chebotar, Yevgen and others},
  journal={arXiv preprint arXiv:2207.05608},
  year={2022}
}
@inproceedings{shah2023lm,
  title={Lm-nav: Robotic navigation with large pre-trained models of language, vision, and action},
  author={Shah, Dhruv and Osi{\'n}ski, B{\l}a{\.z}ej and Levine, Sergey and others},
  booktitle={Conference on Robot Learning},
  pages={492--504},
  year={2023},
  organization={PMLR}
}
@article{driess2023palm,
  title={Palm-e: An embodied multimodal language model},
  author={Driess, Danny and Xia, Fei and Sajjadi, Mehdi SM and Lynch, Corey and Chowdhery, Aakanksha and Ichter, Brian and Wahid, Ayzaan and Tompson, Jonathan and Vuong, Quan and Yu, Tianhe and others},
  journal={arXiv preprint arXiv:2303.03378},
  year={2023}
}
@article{stepputtis2020language,
  title={Language-conditioned imitation learning for robot manipulation tasks},
  author={Stepputtis, Simon and Campbell, Joseph and Phielipp, Mariano and Lee, Stefan and Baral, Chitta and Ben Amor, Heni},
  journal={Advances in Neural Information Processing Systems},
  volume={33},
  pages={13139--13150},
  year={2020}
}
@inproceedings{finn2017one,
  title={One-shot visual imitation learning via meta-learning},
  author={Finn, Chelsea and Yu, Tianhe and Zhang, Tianhao and Abbeel, Pieter and Levine, Sergey},
  booktitle={Conference on robot learning},
  pages={357--368},
  year={2017},
  organization={PMLR}
}
@article{batra2020rearrangement,
  title={Rearrangement: A challenge for embodied ai},
  author={Batra, Dhruv and Chang, Angel X and Chernova, Sonia and Davison, Andrew J and Deng, Jia and Koltun, Vladlen and Levine, Sergey and Malik, Jitendra and Mordatch, Igor and Mottaghi, Roozbeh and others},
  journal={arXiv preprint arXiv:2011.01975},
  year={2020}
}
@article{brunke2022safe,
  title={Safe learning in robotics: From learning-based control to safe reinforcement learning},
  author={Brunke, Lukas and Greeff, Melissa and Hall, Adam W and Yuan, Zhaocong and Zhou, Siqi and Panerati, Jacopo and Schoellig, Angela P},
  journal={Annual Review of Control, Robotics, and Autonomous Systems},
  volume={5},
  pages={411--444},
  year={2022},
  publisher={Annual Reviews}
}
@inproceedings{shridhar2020alfred,
  title={Alfred: A benchmark for interpreting grounded instructions for everyday tasks},
  author={Shridhar, Mohit and Thomason, Jesse and Gordon, Daniel and Bisk, Yonatan and Han, Winson and Mottaghi, Roozbeh and Zettlemoyer, Luke and Fox, Dieter},
  booktitle={Proceedings of the IEEE/CVF conference on computer vision and pattern recognition},
  pages={10740--10749},
  year={2020}
}
@inproceedings{shen2021igibson,
  title={iGibson 1.0: A simulation environment for interactive tasks in large realistic scenes},
  author={Shen, Bokui and Xia, Fei and Li, Chengshu and Mart{\'\i}n-Mart{\'\i}n, Roberto and Fan, Linxi and Wang, Guanzhi and P{\'e}rez-DâArpino, Claudia and Buch, Shyamal and Srivastava, Sanjana and Tchapmi, Lyne and others},
  booktitle={2021 IEEE/RSJ International Conference on Intelligent Robots and Systems (IROS)},
  pages={7520--7527},
  year={2021},
  organization={IEEE}
}
@article{li2021igibson,
  title={igibson 2.0: Object-centric simulation for robot learning of everyday household tasks},
  author={Li, Chengshu and Xia, Fei and Mart{\'\i}n-Mart{\'\i}n, Roberto and Lingelbach, Michael and Srivastava, Sanjana and Shen, Bokui and Vainio, Kent and Gokmen, Cem and Dharan, Gokul and Jain, Tanish and others},
  journal={arXiv preprint arXiv:2108.03272},
  year={2021}
}
@inproceedings{srivastava2022behavior,
  title={Behavior: Benchmark for everyday household activities in virtual, interactive, and ecological environments},
  author={Srivastava, Sanjana and Li, Chengshu and Lingelbach, Michael and Mart{\'\i}n-Mart{\'\i}n, Roberto and Xia, Fei and Vainio, Kent Elliott and Lian, Zheng and Gokmen, Cem and Buch, Shyamal and Liu, Karen and others},
  booktitle={Conference on Robot Learning},
  pages={477--490},
  year={2022},
  organization={PMLR}
}
@inproceedings{li2023behavior,
  title={Behavior-1k: A benchmark for embodied ai with 1,000 everyday activities and realistic simulation},
  author={Li, Chengshu and Zhang, Ruohan and Wong, Josiah and Gokmen, Cem and Srivastava, Sanjana and Mart{\'\i}n-Mart{\'\i}n, Roberto and Wang, Chen and Levine, Gabrael and Lingelbach, Michael and Sun, Jiankai and others},
  booktitle={Conference on Robot Learning},
  pages={80--93},
  year={2023},
  organization={PMLR}
}
@inproceedings{zeng2021transporter,
  title={Transporter networks: Rearranging the visual world for robotic manipulation},
  author={Zeng, Andy and Florence, Pete and Tompson, Jonathan and Welker, Stefan and Chien, Jonathan and Attarian, Maria and Armstrong, Travis and Krasin, Ivan and Duong, Dan and Sindhwani, Vikas and others},
  booktitle={Conference on Robot Learning},
  pages={726--747},
  year={2021},
  organization={PMLR}
}
@article{zhu2020robosuite,
  title={robosuite: A modular simulation framework and benchmark for robot learning},
  author={Zhu, Yuke and Wong, Josiah and Mandlekar, Ajay and Mart{\'\i}n-Mart{\'\i}n, Roberto and Joshi, Abhishek and Nasiriany, Soroush and Zhu, Yifeng},
  journal={arXiv preprint arXiv:2009.12293},
  year={2020}
}
@article{mees2022calvin,
  title={Calvin: A benchmark for language-conditioned policy learning for long-horizon robot manipulation tasks},
  author={Mees, Oier and Hermann, Lukas and Rosete-Beas, Erick and Burgard, Wolfram},
  journal={IEEE Robotics and Automation Letters},
  volume={7},
  number={3},
  pages={7327--7334},
  year={2022},
  publisher={IEEE}
}
@inproceedings{yu2020meta,
  title={Meta-world: A benchmark and evaluation for multi-task and meta reinforcement learning},
  author={Yu, Tianhe and Quillen, Deirdre and He, Zhanpeng and Julian, Ryan and Hausman, Karol and Finn, Chelsea and Levine, Sergey},
  booktitle={Conference on robot learning},
  pages={1094--1100},
  year={2020},
  organization={PMLR}
}
@article{ahmed2020causalworld,
  title={Causalworld: A robotic manipulation benchmark for causal structure and transfer learning},
  author={Ahmed, Ossama and Tr{\"a}uble, Frederik and Goyal, Anirudh and Neitz, Alexander and Bengio, Yoshua and Sch{\"o}lkopf, Bernhard and W{\"u}thrich, Manuel and Bauer, Stefan},
  journal={arXiv preprint arXiv:2010.04296},
  year={2020}
}
@inproceedings{ehsani2021manipulathor,
  title={Manipulathor: A framework for visual object manipulation},
  author={Ehsani, Kiana and Han, Winson and Herrasti, Alvaro and VanderBilt, Eli and Weihs, Luca and Kolve, Eric and Kembhavi, Aniruddha and Mottaghi, Roozbeh},
  booktitle={Proceedings of the IEEE/CVF conference on computer vision and pattern recognition},
  pages={4497--4506},
  year={2021}
}
@article{deitke2022ï¸,
  title={ProcTHOR: Large-Scale Embodied AI Using Procedural Generation},
  author={Deitke, Matt and VanderBilt, Eli and Herrasti, Alvaro and Weihs, Luca and Ehsani, Kiana and Salvador, Jordi and Han, Winson and Kolve, Eric and Kembhavi, Aniruddha and Mottaghi, Roozbeh},
  journal={Advances in Neural Information Processing Systems},
  volume={35},
  pages={5982--5994},
  year={2022}
}
@article{jiang2022vima,
  title={Vima: General robot manipulation with multimodal prompts},
  author={Jiang, Yunfan and Gupta, Agrim and Zhang, Zichen and Wang, Guanzhi and Dou, Yongqiang and Chen, Yanjun and Fei-Fei, Li and Anandkumar, Anima and Zhu, Yuke and Fan, Linxi},
  journal={arXiv preprint arXiv:2210.03094},
  year={2022}
}

@article{reed2022generalist,
  title={A generalist agent},
  author={Reed, Scott and Zolna, Konrad and Parisotto, Emilio and Colmenarejo, Sergio Gomez and Novikov, Alexander and Barth-Maron, Gabriel and Gimenez, Mai and Sulsky, Yury and Kay, Jackie and Springenberg, Jost Tobias and others},
  journal={arXiv preprint arXiv:2205.06175},
  year={2022}
}

@inproceedings{tellex2011understanding,
  title={Understanding natural language commands for robotic navigation and mobile manipulation},
  author={Tellex, Stefanie and Kollar, Thomas and Dickerson, Steven and Walter, Matthew and Banerjee, Ashis and Teller, Seth and Roy, Nicholas},
  booktitle={Proceedings of the AAAI Conference on Artificial Intelligence},
  volume={25},
  number={1},
  pages={1507--1514},
  year={2011}
}
@book{Siegwart,
author = {Siegwart, Roland and Nourbakhsh, Illah R. and Scaramuzza, Davide},
title = {Introduction to Autonomous Mobile Robots},
year = {2011},
isbn = {0262015358},
publisher = {The MIT Press},
edition = {2nd},
abstract = {Mobile robots range from the Mars Pathfinder mission's teleoperated Sojourner to the cleaning robots in the Paris Metro. This text offers students and other interested readers an introduction to the fundamentals of mobile robotics, spanning the mechanical, motor, sensory, perceptual, and cognitive layers the field comprises. The text focuses on mobility itself, offering an overview of the mechanisms that allow a mobile robot to move through a real world environment to perform its tasks, including locomotion, sensing, localization, and motion planning. It synthesizes material from such fields as kinematics, control theory, signal analysis, computer vision, information theory, artificial intelligence, and probability theory. The book presents the techniques and technology that enable mobility in a series of interacting modules. Each chapter treats a different aspect of mobility, as the book moves from low-level to high-level details. It covers all aspects of mobile robotics, including software and hardware design considerations, related technologies, and algorithmic techniques.] This second edition has been revised and updated throughout, with 130 pages of new material on such topics as locomotion, perception, localization, and planning and navigation. Problem sets have been added at the end of each chapter. Bringing together all aspects of mobile robotics into one volume, Introduction to Autonomous Mobile Robots can serve as a textbook or a working tool for beginning practitioners.}
}
@article{hauser2002faculty,
  title={The faculty of language: what is it, who has it, and how did it evolve?},
  author={Hauser, Marc D and Chomsky, Noam and Fitch, W Tecumseh},
  journal={science},
  volume={298},
  number={5598},
  pages={1569--1579},
  year={2002},
  publisher={American Association for the Advancement of Science}
}
@book{chomsky2014minimalist,
  title={The minimalist program},
  author={Chomsky, Noam},
  year={2014},
  publisher={MIT press}
}
@article{basili1996empirical,
  title={An empirical symbolic approach to natural language processing},
  author={Basili, Roberto and Pazienza, Maria Teresa and Velardi, Paola},
  journal={Artificial Intelligence},
  volume={85},
  number={1-2},
  pages={59--99},
  year={1996},
  publisher={Elsevier}
}
@book{wermter1996connectionist,
  title={Connectionist, statistical and symbolic approaches to learning for natural language processing},
  author={Wermter, Stefan and Riloff, Ellen and Scheler, Gabriele},
  volume={1040},
  year={1996},
  publisher={Springer Science \& Business Media}
}
@article{bonarini2020communication,
  title={Communication in human-robot interaction},
  author={Bonarini, Andrea},
  journal={Current Robotics Reports},
  volume={1},
  pages={279--285},
  year={2020},
  publisher={Springer}
}

@article{broadbent2017interactions,
  title={Interactions with robots: The truths we reveal about ourselves},
  author={Broadbent, Elizabeth},
  journal={Annual review of psychology},
  volume={68},
  pages={627--652},
  year={2017},
  publisher={Annual Reviews}
}

@article{tellex2020robots,
  title={Robots that use language},
  author={Tellex, Stefanie and Gopalan, Nakul and Kress-Gazit, Hadas and Matuszek, Cynthia},
  journal={Annual Review of Control, Robotics, and Autonomous Systems},
  volume={3},
  pages={25--55},
  year={2020},
  publisher={Annual Reviews}
}

@inproceedings{she2014teaching,
  title={Teaching robots new actions through natural language instructions},
  author={She, Lanbo and Cheng, Yu and Chai, Joyce Y and Jia, Yunyi and Yang, Shaohua and Xi, Ning},
  booktitle={The 23rd IEEE International Symposium on Robot and Human Interactive Communication},
  pages={868--873},
  year={2014},
  organization={IEEE}
}

@inproceedings{thomason2015learning,
  title={Learning to interpret natural language commands through human-robot dialog},
  author={Thomason, Jesse and Zhang, Shiqi and Mooney, Raymond J and Stone, Peter},
  booktitle={Twenty-Fourth International Joint Conference on Artificial Intelligence},
  year={2015}
}

@article{lauria2001training,
  title={Training personal robots using natural language instruction},
  author={Lauria, Stanislao and Bugmann, Guido and Kyriacou, Theocharis and Bos, Johan and Klein, A},
  journal={IEEE Intelligent systems},
  volume={16},
  number={5},
  pages={38--45},
  year={2001},
  publisher={IEEE}
}

@book{mildner2010cognitive,
  title={The cognitive neuroscience of human communication},
  author={Mildner, Vesna},
  year={2010},
  publisher={Psychology press}
}

@book{fitch2010evolution,
  title={The evolution of language},
  author={Fitch, W Tecumseh},
  year={2010},
  publisher={Cambridge University Press}
}

@book{gazzaniga2014handbook,
  title={Handbook of cognitive neuroscience},
  author={Gazzaniga, Michael S},
  year={2014},
  publisher={Springer}
}

@inproceedings{kollar2010toward,
  title={Toward understanding natural language directions},
  author={Kollar, Thomas and Tellex, Stefanie and Roy, Deb and Roy, Nicholas},
  booktitle={2010 5th ACM/IEEE International Conference on Human-Robot Interaction (HRI)},
  pages={259--266},
  year={2010},
  organization={IEEE}
}

@article{hirschberg2015advances,
  title={Advances in natural language processing},
  author={Hirschberg, Julia and Manning, Christopher D},
  journal={Science},
  volume={349},
  number={6245},
  pages={261--266},
  year={2015},
  publisher={American Association for the Advancement of Science}
}

@inproceedings{scheutz2006utility,
  title={The utility of affect expression in natural language interactions in joint human-robot tasks},
  author={Scheutz, Matthias and Schermerhorn, Paul and Kramer, James},
  booktitle={Proceedings of the 1st ACM SIGCHI/SIGART conference on Human-robot interaction},
  pages={226--233},
  year={2006}
}

@article{zhang2015towards,
  title={Towards vision-based deep reinforcement learning for robotic motion control},
  author={Zhang, Fangyi and Leitner, J{\"u}rgen and Milford, Michael and Upcroft, Ben and Corke, Peter},
  journal={arXiv preprint arXiv:1511.03791},
  year={2015}

}

@article{zhu2021deep,
  title={Deep reinforcement learning based mobile robot navigation: A review},
  author={Zhu, Kai and Zhang, Tao},
  journal={Tsinghua Science and Technology},
  volume={26},
  number={5},
  pages={674--691},
  year={2021},
  publisher={TUP}
}

@article{ouyang2022training,
  title={Training language models to follow instructions with human feedback},
  author={Ouyang, Long and Wu, Jeffrey and Jiang, Xu and Almeida, Diogo and Wainwright, Carroll and Mishkin, Pamela and Zhang, Chong and Agarwal, Sandhini and Slama, Katarina and Ray, Alex and others},
  journal={Advances in Neural Information Processing Systems},
  volume={35},
  pages={27730--27744},
  year={2022}
}

@article{kanda2004development,
  title={Development and evaluation of interactive humanoid robots},
  author={Kanda, Takayuki and Ishiguro, Hiroshi and Imai, Michita and Ono, Tetsuo},
  journal={Proceedings of the IEEE},
  volume={92},
  number={11},
  pages={1839--1850},
  year={2004},
  publisher={IEEE}
}

@article{dario2001humanoids,
  title={Humanoids and personal robots: Design and experiments},
  author={Dario, Paolo and Guglielmelli, Eugenio and Laschi, Cecilia},
  journal={Journal of robotic systems},
  volume={18},
  number={12},
  pages={673--690},
  year={2001},
  publisher={Wiley Online Library}
}

@inproceedings{hester2010generalized,
  title={Generalized model learning for reinforcement learning on a humanoid robot},
  author={Hester, Todd and Quinlan, Michael and Stone, Peter},
  booktitle={2010 IEEE International Conference on Robotics and Automation},
  pages={2369--2374},
  year={2010},
  organization={IEEE}
}

@inproceedings{cruz2015interactive,
  title={Interactive reinforcement learning through speech guidance in a domestic scenario},
  author={Cruz, Francisco and Twiefel, Johannes and Magg, Sven and Weber, Cornelius and Wermter, Stefan},
  booktitle={2015 international joint conference on neural networks (IJCNN)},
  pages={1--8},
  year={2015},
  organization={IEEE}
}

@article{cardona2019robot,
  title={Robot swarm navigation and victim detection using rendezvous consensus in search and rescue operations},
  author={Cardona, Gustavo A and Calderon, Juan M},
  journal={Applied Sciences},
  volume={9},
  number={8},
  pages={1702},
  year={2019},
  publisher={MDPI}
}

@article{xie2019deep,
  title={Deep reinforcement learning with optimized reward functions for robotic trajectory planning},
  author={Xie, Jiexin and Shao, Zhenzhou and Li, Yue and Guan, Yong and Tan, Jindong},
  journal={IEEE Access},
  volume={7},
  pages={105669--105679},
  year={2019},
  publisher={IEEE}
}

@article{cruz2016training,
  title={Training agents with interactive reinforcement learning and contextual affordances},
  author={Cruz, Francisco and Magg, Sven and Weber, Cornelius and Wermter, Stefan},
  journal={IEEE Transactions on Cognitive and Developmental Systems},
  volume={8},
  number={4},
  pages={271--284},
  year={2016},
  publisher={IEEE}
}

@article{purdy2016encoding,
  title={Encoding data for HTM systems},
  author={Purdy, Scott},
  journal={arXiv preprint arXiv:1602.05925},
  year={2016}
}

@article{schulman2017proximal,
  title={Proximal policy optimization algorithms},
  author={Schulman, John and Wolski, Filip and Dhariwal, Prafulla and Radford, Alec and Klimov, Oleg},
  journal={arXiv preprint arXiv:1707.06347},
  year={2017}
}

@misc{correia2021attention,
      title={Attention, please! A survey of Neural Attention Models in Deep Learning}, 
      author={Alana de Santana Correia and Esther Luna Colombini},
      year={2021},
      eprint={2103.16775},
      archivePrefix={arXiv},
      primaryClass={cs.LG}
}
  
@inproceedings{schulman2015trust,
  title={Trust region policy optimization},
  author={Schulman, John and Levine, Sergey and Abbeel, Pieter and Jordan, Michael and Moritz, Philipp},
  booktitle={International conference on machine learning},
  pages={1889--1897},
  year={2015},
  organization={PMLR}
}
@inproceedings{kakade2002approximately,
  title={Approximately optimal approximate reinforcement learning},
  author={Kakade, Sham and Langford, John},
  booktitle={Proceedings of the Nineteenth International Conference on Machine Learning},
  pages={267--274},
  year={2002}
}
@InProceedings{pmlr-v48-mniha16,
  title = 	 {Asynchronous Methods for Deep Reinforcement Learning},
  author = 	 {Mnih, Volodymyr and Badia, Adria Puigdomenech and Mirza, Mehdi and Graves, Alex and Lillicrap, Timothy and Harley, Tim and Silver, David and Kavukcuoglu, Koray},
  booktitle = 	 {Proceedings of The 33rd International Conference on Machine Learning},
  pages = 	 {1928--1937},
  year = 	 {2016},
  editor = 	 {Balcan, Maria Florina and Weinberger, Kilian Q.},
  volume = 	 {48},
  series = 	 {Proceedings of Machine Learning Research},
  address = 	 {New York, New York, USA},
  month = 	 {20--22 Jun},
  publisher =    {PMLR},
  pdf = 	 {http://proceedings.mlr.press/v48/mniha16.pdf},
  url = 	 {https://proceedings.mlr.press/v48/mniha16.html},
  abstract = 	 {We propose a conceptually simple and lightweight framework for deep reinforcement learning that uses asynchronous gradient descent for optimization of deep neural network controllers. We present asynchronous variants of four standard reinforcement learning algorithms and show that parallel actor-learners have a stabilizing effect on training allowing all four methods to successfully train neural network controllers. The best performing method, an asynchronous variant of actor-critic, surpasses the current state-of-the-art on the Atari domain while training for half the time on a single multi-core CPU instead of a GPU. Furthermore, we show that asynchronous actor-critic succeeds on a wide variety of continuous motor control problems as well as on a new task of navigating random 3D mazes using a visual input.}
}


@article{sutton1999policy,
  title={Policy gradient methods for reinforcement learning with function approximation},
  author={Sutton, Richard S and McAllester, David and Singh, Satinder and Mansour, Yishay},
  journal={Advances in neural information processing systems},
  volume={12},
  year={1999}
}
@article{sutton1992reinforcement,
  title={Reinforcement learning is direct adaptive optimal control},
  author={Sutton, Richard S and Barto, Andrew G and Williams, Ronald J},
  journal={IEEE control systems magazine},
  volume={12},
  number={2},
  pages={19--22},
  year={1992},
  publisher={IEEE}
}
@INPROCEEDINGS{6190579,
  author={Shamsuddin, Syamimi and Ismail, Luthffi Idzhar and Yussof, Hanafiah and Ismarrubie Zahari, Nur and Bahari, Saiful and Hashim, Hafizan and Jaffar, Ahmed},
  booktitle={2011 IEEE International Conference on Control System, Computing and Engineering}, 
  title={Humanoid robot NAO: Review of control and motion exploration}, 
  year={2011},
  volume={},
  number={},
  pages={511-516},
  doi={10.1109/ICCSCE.2011.6190579}}
@article{dosovitskiy2020image,
  title={An image is worth 16x16 words: Transformers for image recognition at scale},
  author={Dosovitskiy, Alexey and Beyer, Lucas and Kolesnikov, Alexander and Weissenborn, Dirk and Zhai, Xiaohua and Unterthiner, Thomas and Dehghani, Mostafa and Minderer, Matthias and Heigold, Georg and Gelly, Sylvain and others},
  journal={arXiv preprint arXiv:2010.11929},
  year={2020}
}

@article{ngo2022alignment,
  title={The alignment problem from a deep learning perspective},
  author={Ngo, Richard},
  journal={arXiv preprint arXiv:2209.00626},
  year={2022}
}
@book{rummery1994line,
  title={On-line Q-learning using connectionist systems},
  author={Rummery, Gavin A and Niranjan, Mahesan},
  volume={37},
  year={1994},
  publisher={University of Cambridge, Department of Engineering Cambridge, UK}
}
@article{watkins1992q,
  title={Q-learning},
  author={Watkins, Christopher JCH and Dayan, Peter},
  journal={Machine learning},
  volume={8},
  pages={279--292},
  year={1992},
  publisher={Springer}
}
@article{metropolis1949monte,
  title={The monte carlo method},
  author={Metropolis, Nicholas and Ulam, Stanislaw},
  journal={Journal of the American statistical association},
  volume={44},
  number={247},
  pages={335--341},
  year={1949},
  publisher={Taylor \& Francis}
}
@article{sutton1988learning,
  title={Learning to predict by the methods of temporal differences},
  author={Sutton, Richard S},
  journal={Machine learning},
  volume={3},
  pages={9--44},
  year={1988},
  publisher={Springer}
}
@article{williams2007partially,
  title={Partially observable Markov decision processes for spoken dialog systems},
  author={Williams, Jason D and Young, Steve},
  journal={Computer Speech \& Language},
  volume={21},
  number={2},
  pages={393--422},
  year={2007},
  publisher={Elsevier}
}
@article{lagoudakis2003least,
  title={Least-squares policy iteration},
  author={Lagoudakis, Michail G and Parr, Ronald},
  journal={The Journal of Machine Learning Research},
  volume={4},
  pages={1107--1149},
  year={2003},
  publisher={JMLR. org}
}
@article{puterman1990markov,
  title={Markov decision processes},
  author={Puterman, Martin L},
  journal={Handbooks in operations research and management science},
  volume={2},
  pages={331--434},
  year={1990},
  publisher={Elsevier}
}
@article{tokdar2010importance,
  title={Importance sampling: a review},
  author={Tokdar, Surya T and Kass, Robert E},
  journal={Wiley Interdisciplinary Reviews: Computational Statistics},
  volume={2},
  number={1},
  pages={54--60},
  year={2010},
  publisher={Wiley Online Library}
}
@article{bahdanau2016actor,
  title={An actor-critic algorithm for sequence prediction},
  author={Bahdanau, Dzmitry and Brakel, Philemon and Xu, Kelvin and Goyal, Anirudh and Lowe, Ryan and Pineau, Joelle and Courville, Aaron and Bengio, Yoshua},
  journal={arXiv preprint arXiv:1607.07086},
  year={2016}
}
@article{lange2000optimization,
  title={Optimization transfer using surrogate objective functions},
  author={Lange, Kenneth and Hunter, David R and Yang, Ilsoon},
  journal={Journal of computational and graphical statistics},
  volume={9},
  number={1},
  pages={1--20},
  year={2000},
  publisher={Taylor \& Francis}
}
@inproceedings{fujimoto2018addressing,
  title={Addressing function approximation error in actor-critic methods},
  author={Fujimoto, Scott and Hoof, Herke and Meger, David},
  booktitle={International conference on machine learning},
  pages={1587--1596},
  year={2018},
  organization={PMLR}
}
@article{konda1999actor,
  title={Actor-critic algorithms},
  author={Konda, Vijay and Tsitsiklis, John},
  journal={Advances in neural information processing systems},
  volume={12},
  year={1999}
}
@article{james2019pyrep,
  title={PyRep: Bringing V-REP to Deep Robot Learning},
  author={James, Stephen and Freese, Marc and Davison, Andrew J.},
  journal={arXiv preprint arXiv:1906.11176},
  year={2019}
}
@inproceedings{coppeliaSim,
author="E. Rohmer and S. P. N. Singh and M. Freese",
title="CoppeliaSim (formerly V-REP): a Versatile and Scalable Robot Simulation Framework",
booktitle="Proc. of The International Conference on Intelligent Robots and Systems (IROS)",
year="2013"
}
@ARTICLE{6313077,
  author={Barto, Andrew G. and Sutton, Richard S. and Anderson, Charles W.},
  journal={IEEE Transactions on Systems, Man, and Cybernetics}, 
  title={Neuronlike adaptive elements that can solve difficult learning control problems}, 
  year={1983},
  volume={SMC-13},
  number={5},
  pages={834-846},
  doi={10.1109/TSMC.1983.6313077}}

@article{williams1992simple,
  title={Simple statistical gradient-following algorithms for connectionist reinforcement learning},
  author={Williams, Ronald J},
  journal={Machine learning},
  volume={8},
  number={3-4},
  pages={229--256},
  year={1992},
  publisher={Springer}
}

@phdthesis{colombini2014attentional,
  title={An attentional model for intelligent robotics agents.},
  author={Colombini, Esther Luna and da Silva Simoes, A and Ribeiro, CHC},
  year={2014},
  school={Instituto Tecnol{\'o}gico de Aeron{\'a}utica, S{\~a}o Jos{\'e} dos Campos, Brazil}
}


@article{leadholm2021grid,
  title={Grid Cell Path Integration For Movement-Based Visual Object Recognition},
  author={Leadholm, Niels and Lewis, Marcus and Ahmad, Subutai},
  journal={arXiv preprint arXiv:2102.09076},
  year={2021}
}

@article{gillon2021learning,
  title={Learning from unexpected events in the neocortical microcircuit},
  author={Gillon, Colleen J and Pina, Jason E and Lecoq, J{\'e}r{\^o}me A and Ahmed, Ruweida and Billeh, Yazan and Caldejon, Shiella and Groblewski, Peter and Henley, Tim M and Lee, Eric and Luviano, Jennifer and others},
  journal={bioRxiv},
  year={2021},
  publisher={Cold Spring Harbor Laboratory}
}

@article{friston2009predictive,
  title={Predictive coding under the free-energy principle},
  author={Friston, Karl and Kiebel, Stefan},
  journal={Philosophical transactions of the Royal Society B: Biological sciences},
  volume={364},
  number={1521},
  pages={1211--1221},
  year={2009},
  publisher={The Royal Society London}
}

@book{ceci1996intelligence,
  title={On intelligence},
  author={Ceci, Stephen J},
  year={1996},
  publisher={Harvard University Press}
}

@article{rao1999predictive,
  title={Predictive coding in the visual cortex: a functional interpretation of some extra-classical receptive-field effects},
  author={Rao, Rajesh PN and Ballard, Dana H},
  journal={Nature neuroscience},
  volume={2},
  number={1},
  pages={79--87},
  year={1999},
  publisher={Nature Publishing Group}
}

@article{friston2009predictive,
  title={Predictive coding under the free-energy principle},
  author={Friston, Karl and Kiebel, Stefan},
  journal={Philosophical transactions of the Royal Society B: Biological sciences},
  volume={364},
  number={1521},
  pages={1211--1221},
  year={2009},
  publisher={The Royal Society London}
}

@article{maunsell1983connections,
  title={The connections of the middle temporal visual area (MT) and their relationship to a cortical hierarchy in the macaque monkey},
  author={Maunsell, JH and van Essen, DAVID C},
  journal={Journal of Neuroscience},
  volume={3},
  number={12},
  pages={2563--2586},
  year={1983},
  publisher={Soc Neuroscience}
}

@article{zeki1988functional,
  title={The functional logic of cortical connections},
  author={Zeki, Semir and Shipp, Stewart},
  journal={Nature},
  volume={335},
  number={6188},
  pages={311--317},
  year={1988},
  publisher={Nature Publishing Group}
}

@article{felleman1991distributed,
  title={Distributed hierarchical processing in the primate cerebral cortex.},
  author={Felleman, Daniel J and Van Essen, David C},
  journal={Cerebral cortex (New York, NY: 1991)},
  volume={1},
  number={1},
  pages={1--47},
  year={1991}
}

@article{defelipe2002microstructure,
  title={Microstructure of the neocortex: comparative aspects},
  author={DeFelipe, Javier and Alonso-Nanclares, Lidia and Arellano, Jon I},
  journal={Journal of neurocytology},
  volume={31},
  number={3},
  pages={299--316},
  year={2002},
  publisher={Springer}
}

@article{stringer2019spontaneous,
  title={Spontaneous behaviors drive multidimensional, brainwide activity},
  author={Stringer, Carsen and Pachitariu, Marius and Steinmetz, Nicholas and Reddy, Charu Bai and Carandini, Matteo and Harris, Kenneth D},
  journal={Science},
  volume={364},
  number={6437},
  year={2019},
  publisher={American Association for the Advancement of Science}
}

@article{press2020perceptual,
  title={The perceptual prediction paradox},
  author={Press, Clare and Kok, Peter and Yon, Daniel},
  journal={Trends in Cognitive Sciences},
  volume={24},
  number={1},
  pages={13--24},
  year={2020},
  publisher={Elsevier}
}

@article{hawkins_2,
  title={What intelligent machines need to learn from
the neocortex},
  author={Hawkins, Jeff},
  journal={IEEE Spectr 54:34â71}
}

@article{lewis2019locations,
  title={Locations in the neocortex: a theory of sensorimotor object recognition using cortical grid cells},
  author={Lewis, Marcus and Purdy, Scott and Ahmad, Subutai and Hawkins, Jeff},
  journal={Frontiers in neural circuits},
  volume={13},
  pages={22},
  year={2019},
  publisher={Frontiers}
}

@article{lotter2016deep,
  title={Deep predictive coding networks for video prediction and unsupervised learning},
  author={Lotter, William and Kreiman, Gabriel and Cox, David},
  journal={arXiv preprint arXiv:1605.08104},
  year={2016}
}

@article{oord2018representation,
  title={Representation learning with contrastive predictive coding},
  author={Oord, Aaron van den and Li, Yazhe and Vinyals, Oriol},
  journal={arXiv preprint arXiv:1807.03748},
  year={2018}
}

@article{grill2020bootstrap,
  title={Bootstrap your own latent: A new approach to self-supervised learning},
  author={Grill, Jean-Bastien and Strub, Florian and Altch{\'e}, Florent and Tallec, Corentin and Richemond, Pierre H and Buchatskaya, Elena and Doersch, Carl and Pires, Bernardo Avila and Guo, Zhaohan Daniel and Azar, Mohammad Gheshlaghi and others},
  journal={arXiv preprint arXiv:2006.07733},
  year={2020}
}

@inproceedings{chen2020simple,
  title={A simple framework for contrastive learning of visual representations},
  author={Chen, Ting and Kornblith, Simon and Norouzi, Mohammad and Hinton, Geoffrey},
  booktitle={International conference on machine learning},
  pages={1597--1607},
  year={2020},
  organization={PMLR}
}

@article{wayne2018unsupervised,
  title={Unsupervised predictive memory in a goal-directed agent},
  author={Wayne, Greg and Hung, Chia-Chun and Amos, David and Mirza, Mehdi and Ahuja, Arun and Grabska-Barwinska, Agnieszka and Rae, Jack and Mirowski, Piotr and Leibo, Joel Z and Santoro, Adam and others},
  journal={arXiv preprint arXiv:1803.10760},
  year={2018}
}

@phdthesis{simoes2006aprendizado,
  title={Aprendizado n{\~a}o-supervisionado em redes neurais pulsadas de base radial.},
  author={Sim{\~o}es, Alexandre da Silva},
  year={2006},
  school={Universidade de S{\~a}o Paulo}
}

@article{bohte2003spiking,
  title={Spiking neural networks},
  author={Bohte, Sander Marcel},
  year={2003},
  publisher={Citeseer}
}

@article{natschlager1998spatial,
  title={Spatial and temporal pattern analysis via spiking neurons},
  author={Natschl{\"a}ger, Thomas and Ruf, Berthold},
  journal={Network: Computation in Neural Systems},
  volume={9},
  number={3},
  pages={319},
  year={1998},
  publisher={IOP Publishing}
}

@misc{hawkins2021thousand,
  title={A thousand brains: A new theory of intelligence},
  author={Hawkins, Jeff},
  year={2021},
  publisher={Basic Books New York}
}

@article{o2021deep,
  title={Deep predictive learning in neocortex and pulvinar},
  author={O'Reilly, Randall C and Russin, Jacob L and Zolfaghar, Maryam and Rohrlich, John},
  journal={Journal of Cognitive Neuroscience},
  volume={33},
  number={6},
  pages={1158--1196},
  year={2021},
  publisher={MIT Press One Rogers Street, Cambridge, MA 02142-1209, USA journals-info~â¦}
}

@article{teney2020unshuffling,
  title={Unshuffling data for improved generalization},
  author={Teney, Damien and Abbasnejad, Ehsan and Hengel, Anton van den},
  journal={arXiv preprint arXiv:2002.11894},
  year={2020}
}

@article{albuquerque2020improving,
  title={Improving out-of-distribution generalization via multi-task self-supervised pretraining},
  author={Albuquerque, Isabela and Naik, Nikhil and Li, Junnan and Keskar, Nitish and Socher, Richard},
  journal={arXiv preprint arXiv:2003.13525},
  year={2020}
}

@article{koyama2020out,
  title={Out-of-distribution generalization with maximal invariant predictor},
  author={Koyama, Masanori and Yamaguchi, Shoichiro},
  journal={arXiv preprint arXiv:2008.01883},
  year={2020}
}

@article{nagarajan2020understanding,
  title={Understanding the failure modes of out-of-distribution generalization},
  author={Nagarajan, Vaishnavh and Andreassen, Anders and Neyshabur, Behnam},
  journal={arXiv preprint arXiv:2010.15775},
  year={2020}
}

@inproceedings{liu2021learning,
  title={Learning causal semantic representation for out-of-distribution prediction},
  author={Liu, Chang and Sun, Xinwei and Wang, Jindong and Tang, Haoyue and Li, Tao and Qin, Tao and Chen, Wei and Liu, Tie-Yan},
  booktitle={Thirty-Fifth Conference on Neural Information Processing Systems},
  year={2021}
}

@article{boutin2020iterative,
  title={Iterative VAE as a predictive brain model for out-of-distribution generalization},
  author={Boutin, Victor and Zerroug, Aimen and Jung, Minju and Serre, Thomas},
  journal={arXiv preprint arXiv:2012.00557},
  year={2020}
}

@article{bai2020decaug,
  title={Decaug: Out-of-distribution generalization via decomposed feature representation and semantic augmentation},
  author={Bai, Haoyue and Sun, Rui and Hong, Lanqing and Zhou, Fengwei and Ye, Nanyang and Ye, Han-Jia and Chan, S-H Gary and Li, Zhenguo},
  journal={arXiv preprint arXiv:2012.09382},
  year={2020}
}

@article{lee2021removing,
  title={Removing Undesirable Feature Contributions Using Out-of-Distribution Data},
  author={Lee, Saehyung and Park, Changhwa and Lee, Hyungyu and Yi, Jihun and Lee, Jonghyun and Yoon, Sungroh},
  journal={arXiv preprint arXiv:2101.06639},
  year={2021}
}

@article{ye2021out,
  title={Out-of-distribution generalization analysis via influence function},
  author={Ye, Haotian and Xie, Chuanlong and Liu, Yue and Li, Zhenguo},
  journal={arXiv preprint arXiv:2101.08521},
  year={2021}
}

@article{baranwal2021graph,
  title={Graph Convolution for Semi-Supervised Classification: Improved Linear Separability and Out-of-Distribution Generalization},
  author={Baranwal, Aseem and Fountoulakis, Kimon and Jagannath, Aukosh},
  journal={arXiv preprint arXiv:2102.06966},
  year={2021}
}

@article{fedorov2021tasting,
  title={Tasting the cake: evaluating self-supervised generalization on out-of-distribution multimodal MRI data},
  author={Fedorov, Alex and Geenjaar, Eloy and Wu, Lei and DeRamus, Thomas P and Calhoun, Vince D and Plis, Sergey M},
  journal={arXiv preprint arXiv:2103.15914},
  year={2021}
}

@article{zhang2021can,
  title={Can Subnetwork Structure be the Key to Out-of-Distribution Generalization?},
  author={Zhang, Dinghuai and Ahuja, Kartik and Xu, Yilun and Wang, Yisen and Courville, Aaron},
  journal={arXiv preprint arXiv:2106.02890},
  year={2021}
}

@article{ye2021ood,
  title={OoD-Bench: Benchmarking and Understanding Out-of-Distribution Generalization Datasets and Algorithms},
  author={Ye, Nanyang and Li, Kaican and Hong, Lanqing and Bai, Haoyue and Chen, Yiting and Zhou, Fengwei and Li, Zhenguo},
  journal={arXiv preprint arXiv:2106.03721},
  year={2021}
}

@article{ye2021towards,
  title={Towards a Theoretical Framework of Out-of-Distribution Generalization},
  author={Ye, Haotian and Xie, Chuanlong and Cai, Tianle and Li, Ruichen and Li, Zhenguo and Wang, Liwei},
  journal={arXiv preprint arXiv:2106.04496},
  year={2021}
}

@article{ahuja2021invariance,
  title={Invariance Principle Meets Information Bottleneck for Out-of-Distribution Generalization},
  author={Ahuja, Kartik and Caballero, Ethan and Zhang, Dinghuai and Bengio, Yoshua and Mitliagkas, Ioannis and Rish, Irina},
  journal={arXiv preprint arXiv:2106.06607},
  year={2021}
}

@misc{badia2020agent57,
      title={Agent57: Outperforming the Atari Human Benchmark}, 
      author={AdriÃ  PuigdomÃ¨nech Badia and Bilal Piot and Steven Kapturowski and Pablo Sprechmann and Alex Vitvitskyi and Daniel Guo and Charles Blundell},
      year={2020},
      eprint={2003.13350},
      archivePrefix={arXiv},
      primaryClass={cs.LG}
}

@article{correia2021attention2,
  title={Neural Attention Models in Deep Learning: Survey
and Taxonomy},
  author={Correia, Alana de Santana and Colombini, Esther Luna},
  journal={arXiv preprint arXiv:4070703}, 
  year={2021}
}

@article{andreassen2021evolution,
  title={The evolution of out-of-distribution robustness throughout fine-tuning},
  author={Andreassen, Anders and Bahri, Yasaman and Neyshabur, Behnam and Roelofs, Rebecca},
  journal={arXiv preprint arXiv:2106.15831},
  year={2021}
}

@article{dittadi2021representation,
  title={Representation learning for out-of-distribution generalization in reinforcement learning},
  author={Dittadi, Andrea and Tr{\"a}uble, Frederik and W{\"u}thrich, Manuel and Widmaier, Felix and Gehler, Peter and Winther, Ole and Locatello, Francesco and Bachem, Olivier and Sch{\"o}lkopf, Bernhard and Bauer, Stefan},
  journal={arXiv e-prints},
  pages={arXiv--2107},
  year={2021}
}

@inproceedings{milbich2021characterizing,
  title={Characterizing generalization under out-of-distribution shifts in deep metric learning},
  author={Milbich, Timo and Roth, Karsten and Sinha, Samarth and Schmidt, Ludwig and Ghassemi, Marzyeh and Ommer, Bj{\"o}rn},
  booktitle={Thirty-Fifth Conference on Neural Information Processing Systems},
  year={2021}
}

@inproceedings{larson2021exploring,
  title={Exploring Out-of-Distribution Generalization in Text Classifiers Trained on Tobacco-3482 and RVL-CDIP},
  author={Larson, Stefan and Singh, Navtej and Maheshwari, Saarthak and Stewart, Shanti and Krishnaswamy, Uma},
  booktitle={International Conference on Document Analysis and Recognition},
  pages={416--423},
  year={2021},
  organization={Springer}
}

@article{shen2021towards,
  title={Towards out-of-distribution generalization: A survey},
  author={Shen, Zheyan and Liu, Jiashuo and He, Yue and Zhang, Xingxuan and Xu, Renzhe and Yu, Han and Cui, Peng},
  journal={arXiv preprint arXiv:2108.13624},
  year={2021}
}

@inproceedings{zhang2021out,
  title={On the out-of-distribution generalization of probabilistic image modelling},
  author={Zhang, Mingtian and Zhang, Andi and McDonagh, Steven},
  booktitle={Thirty-Fifth Conference on Neural Information Processing Systems},
  year={2021}
}

@article{rame2021fishr,
  title={Fishr: Invariant gradient variances for out-of-distribution generalization},
  author={Rame, Alexandre and Dancette, Corentin and Cord, Matthieu},
  journal={arXiv preprint arXiv:2109.02934},
  year={2021}
}

@article{geisa2021towards,
  title={Towards a theory of out-of-distribution learning},
  author={Geisa, Ali and Mehta, Ronak and Helm, Hayden S and Dey, Jayanta and Eaton, Eric and Dick, Jeffery and Priebe, Carey E and Vogelstein, Joshua T},
  journal={arXiv preprint arXiv:2109.14501},
  year={2021}
}

@inproceedings{li2021semantic,
  title={Semantic segmentation with generative models: Semi-supervised learning and strong out-of-domain generalization},
  author={Li, Daiqing and Yang, Junlin and Kreis, Karsten and Torralba, Antonio and Fidler, Sanja},
  booktitle={Proceedings of the IEEE/CVF Conference on Computer Vision and Pattern Recognition},
  pages={8300--8311},
  year={2021}
}

@inproceedings{pandey2021generalization,
  title={Generalization on Unseen Domains via Inference-Time Label-Preserving Target Projections},
  author={Pandey, Prashant and Raman, Mrigank and Varambally, Sumanth and AP, Prathosh},
  booktitle={Proceedings of the IEEE/CVF Conference on Computer Vision and Pattern Recognition},
  pages={12924--12933},
  year={2021}
}

@article{boccato2021learning,
  title={Learning Numerosity Representations with Transformers: Number Generation Tasks and Out-of-Distribution Generalization},
  author={Boccato, Tommaso and Testolin, Alberto and Zorzi, Marco},
  journal={Entropy},
  volume={23},
  number={7},
  pages={857},
  year={2021},
  publisher={Multidisciplinary Digital Publishing Institute}
}

@inproceedings{bai2021ood,
  title={NAS-OoD: Neural Architecture Search for Out-of-Distribution Generalization},
  author={Bai, Haoyue and Zhou, Fengwei and Hong, Lanqing and Ye, Nanyang and Chan, S-H Gary and Li, Zhenguo},
  booktitle={Proceedings of the IEEE/CVF International Conference on Computer Vision},
  pages={8320--8329},
  year={2021}
}

@inproceedings{zhang2021deep,
  title={Deep Stable Learning for Out-Of-Distribution Generalization},
  author={Zhang, Xingxuan and Cui, Peng and Xu, Renzhe and Zhou, Linjun and He, Yue and Shen, Zheyan},
  booktitle={Proceedings of the IEEE/CVF Conference on Computer Vision and Pattern Recognition},
  pages={5372--5382},
  year={2021}
}

@inproceedings{hsu2020generalized,
  title={Generalized odin: Detecting out-of-distribution image without learning from out-of-distribution data},
  author={Hsu, Yen-Chang and Shen, Yilin and Jin, Hongxia and Kira, Zsolt},
  booktitle={Proceedings of the IEEE/CVF Conference on Computer Vision and Pattern Recognition},
  pages={10951--10960},
  year={2020}
}

@inproceedings{hendrycks2021many,
  title={The many faces of robustness: A critical analysis of out-of-distribution generalization},
  author={Hendrycks, Dan and Basart, Steven and Mu, Norman and Kadavath, Saurav and Wang, Frank and Dorundo, Evan and Desai, Rahul and Zhu, Tyler and Parajuli, Samyak and Guo, Mike and others},
  booktitle={Proceedings of the IEEE/CVF International Conference on Computer Vision},
  pages={8340--8349},
  year={2021}
}

@inproceedings{krueger2021out,
  title={Out-of-distribution generalization via risk extrapolation (rex)},
  author={Krueger, David and Caballero, Ethan and Jacobsen, Joern-Henrik and Zhang, Amy and Binas, Jonathan and Zhang, Dinghuai and Le Priol, Remi and Courville, Aaron},
  booktitle={International Conference on Machine Learning},
  pages={5815--5826},
  year={2021},
  organization={PMLR}
}

@phdthesis{kwon2021learning,
  title={Learning Representations Toward the Understanding of Out-of-Distribution for Neural Networks},
  author={Kwon, Gukyeong},
  year={2021},
  school={Georgia Institute of Technology}
}

@inproceedings{mann2021out,
  title={Out-of-distribution generalization of internal models is correlated with reward},
  author={Mann, Khushdeep Singh and Schneider, Steffen and Chiappa, Alberto and Lee, Jin Hwa and Bethge, Matthias and Mathis, Alexander and Mathis, Mackenzie W},
  booktitle={Self-Supervision for Reinforcement Learning Workshop-ICLR 2021},
  year={2021}
}

@phdthesis{arjovsky2020out,
  title={Out of distribution generalization in machine learning},
  author={Arjovsky, Martin},
  year={2020},
  school={New York University}
}

@inproceedings{trauble2021representation,
  title={Representation Learning for Out-of-distribution Generalization in Reinforcement Learning},
  author={Tr{\"a}uble, Frederik and Dittadi, Andrea and Wuthrich, Manuel and Widmaier, Felix and Gehler, Peter Vincent and Winther, Ole and Locatello, Francesco and Bachem, Olivier and Sch{\"o}lkopf, Bernhard and Bauer, Stefan},
  booktitle={ICML 2021 Workshop on Unsupervised Reinforcement Learning},
  year={2021}
}

@inproceedings{zhang2021deep,
  title={Deep Stable Learning for Out-Of-Distribution Generalization},
  author={Zhang, Xingxuan and Cui, Peng and Xu, Renzhe and Zhou, Linjun and He, Yue and Shen, Zheyan},
  booktitle={Proceedings of the IEEE/CVF Conference on Computer Vision and Pattern Recognition},
  pages={5372--5382},
  year={2021}
}

@article{bengio2013representation,
  title={Representation learning: A review and new perspectives},
  author={Bengio, Yoshua and Courville, Aaron and Vincent, Pascal},
  journal={IEEE transactions on pattern analysis and machine intelligence},
  volume={35},
  number={8},
  pages={1798--1828},
  year={2013},
  publisher={IEEE}
}

@inproceedings{locatello2019challenging,
  title={Challenging common assumptions in the unsupervised learning of disentangled representations},
  author={Locatello, Francesco and Bauer, Stefan and Lucic, Mario and Raetsch, Gunnar and Gelly, Sylvain and Sch{\"o}lkopf, Bernhard and Bachem, Olivier},
  booktitle={international conference on machine learning},
  pages={4114--4124},
  year={2019},
  organization={PMLR}
}

@inproceedings{yang2021causalvae,
  title={CausalVAE: disentangled representation learning via neural structural causal models},
  author={Yang, Mengyue and Liu, Furui and Chen, Zhitang and Shen, Xinwei and Hao, Jianye and Wang, Jun},
  booktitle={Proceedings of the IEEE/CVF Conference on Computer Vision and Pattern Recognition},
  pages={9593--9602},
  year={2021}
}

@article{higgins2016beta,
  title={beta-vae: Learning basic visual concepts with a constrained variational framework},
  author={Higgins, Irina and Matthey, Loic and Pal, Arka and Burgess, Christopher and Glorot, Xavier and Botvinick, Matthew and Mohamed, Shakir and Lerchner, Alexander},
  year={2016}
}

@inproceedings{kim2018disentangling,
  title={Disentangling by factorising},
  author={Kim, Hyunjik and Mnih, Andriy},
  booktitle={International Conference on Machine Learning},
  pages={2649--2658},
  year={2018},
  organization={PMLR}
}

@inproceedings{locatello2019challenging,
  title={Challenging common assumptions in the unsupervised learning of disentangled representations},
  author={Locatello, Francesco and Bauer, Stefan and Lucic, Mario and Raetsch, Gunnar and Gelly, Sylvain and Sch{\"o}lkopf, Bernhard and Bachem, Olivier},
  booktitle={international conference on machine learning},
  pages={4114--4124},
  year={2019},
  organization={PMLR}
}

@article{leeb2020structure,
  title={Structure by Architecture: Disentangled Representations without Regularization},
  author={Leeb, Felix and Lanzillotta, Guilia and Annadani, Yashas and Besserve, Michel and Bauer, Stefan and Sch{\"o}lkopf, Bernhard},
  journal={arXiv preprint arXiv:2006.07796},
  year={2020}
}

@article{dittadi2020transfer,
  title={On the transfer of disentangled representations in realistic settings},
  author={Dittadi, Andrea and Tr{\"a}uble, Frederik and Locatello, Francesco and W{\"u}thrich, Manuel and Agrawal, Vaibhav and Winther, Ole and Bauer, Stefan and Sch{\"o}lkopf, Bernhard},
  journal={arXiv preprint arXiv:2010.14407},
  year={2020}
}

@inproceedings{trauble2021disentangled,
  title={On disentangled representations learned from correlated data},
  author={Tr{\"a}uble, Frederik and Creager, Elliot and Kilbertus, Niki and Locatello, Francesco and Dittadi, Andrea and Goyal, Anirudh and Sch{\"o}lkopf, Bernhard and Bauer, Stefan},
  booktitle={International Conference on Machine Learning},
  pages={10401--10412},
  year={2021},
  organization={PMLR}
}

@inproceedings{muandet2013domain,
  title={Domain generalization via invariant feature representation},
  author={Muandet, Krikamol and Balduzzi, David and Sch{\"o}lkopf, Bernhard},
  booktitle={International Conference on Machine Learning},
  pages={10--18},
  year={2013},
  organization={PMLR}
}

@article{albuquerque2020adversarial,
  title={Adversarial target-invariant representation learning for domain generalization},
  author={Albuquerque, Isabela and Monteiro, Jo{\~a}o and Darvishi, Mohammad and Falk, Tiago H and Mitliagkas, Ioannis},
  year={2020}
}

@article{wang2021generalizing,
  title={Generalizing to Unseen Domains: A Survey on Domain Generalization},
  author={Wang, Jindong and Lan, Cuiling and Liu, Chang and Ouyang, Yidong and Zeng, Wenjun and Qin, Tao},
  journal={arXiv preprint arXiv:2103.03097},
  year={2021}
}

@inproceedings{garg2021learn,
  title={Learn to expect the unexpected: Probably approximately correct domain generalization},
  author={Garg, Vikas and Kalai, Adam Tauman and Ligett, Katrina and Wu, Steven},
  booktitle={International Conference on Artificial Intelligence and Statistics},
  pages={3574--3582},
  year={2021},
  organization={PMLR}
}

@article{zhao2020domain,
  title={Domain generalization via entropy regularization},
  author={Zhao, Shanshan and Gong, Mingming and Liu, Tongliang and Fu, Huan and Tao, Dacheng},
  journal={Advances in Neural Information Processing Systems},
  volume={33},
  year={2020}
}

@inproceedings{wang2020unseen,
  title={Unseen target stance detection with adversarial domain generalization},
  author={Wang, Zhen and Wang, Qiansheng and Lv, Chengguo and Cao, Xue and Fu, Guohong},
  booktitle={2020 International Joint Conference on Neural Networks (IJCNN)},
  pages={1--8},
  year={2020},
  organization={IEEE}
}

@inproceedings{gong2019dlow,
  title={Dlow: Domain flow for adaptation and generalization},
  author={Gong, Rui and Li, Wen and Chen, Yuhua and Gool, Luc Van},
  booktitle={Proceedings of the IEEE/CVF Conference on Computer Vision and Pattern Recognition},
  pages={2477--2486},
  year={2019}
}

@inproceedings{li2018deep,
  title={Deep domain generalization via conditional invariant adversarial networks},
  author={Li, Ya and Tian, Xinmei and Gong, Mingming and Liu, Yajing and Liu, Tongliang and Zhang, Kun and Tao, Dacheng},
  booktitle={Proceedings of the European Conference on Computer Vision (ECCV)},
  pages={624--639},
  year={2018}
}

@inproceedings{ganin2015unsupervised,
  title={Unsupervised domain adaptation by backpropagation},
  author={Ganin, Yaroslav and Lempitsky, Victor},
  booktitle={International conference on machine learning},
  pages={1180--1189},
  year={2015},
  organization={PMLR}
}

@article{tzeng2014deep,
  title={Deep domain confusion: Maximizing for domain invariance},
  author={Tzeng, Eric and Hoffman, Judy and Zhang, Ning and Saenko, Kate and Darrell, Trevor},
  journal={arXiv preprint arXiv:1412.3474},
  year={2014}
}

@inproceedings{wang2018visual,
  title={Visual domain adaptation with manifold embedded distribution alignment},
  author={Wang, Jindong and Feng, Wenjie and Chen, Yiqiang and Yu, Han and Huang, Meiyu and Yu, Philip S},
  booktitle={Proceedings of the 26th ACM international conference on Multimedia},
  pages={402--410},
  year={2018}
}

@article{pan2010domain,
  title={Domain adaptation via transfer component analysis},
  author={Pan, Sinno Jialin and Tsang, Ivor W and Kwok, James T and Yang, Qiang},
  journal={IEEE transactions on neural networks},
  volume={22},
  number={2},
  pages={199--210},
  year={2010},
  publisher={IEEE}
}

@article{wang2020transfer,
  title={Transfer learning with dynamic distribution adaptation},
  author={Wang, Jindong and Chen, Yiqiang and Feng, Wenjie and Yu, Han and Huang, Meiyu and Yang, Qiang},
  journal={ACM Transactions on Intelligent Systems and Technology (TIST)},
  volume={11},
  number={1},
  pages={1--25},
  year={2020},
  publisher={ACM New York, NY, USA}
}

@inproceedings{sun2016deep,
  title={Deep coral: Correlation alignment for deep domain adaptation},
  author={Sun, Baochen and Saenko, Kate},
  booktitle={European conference on computer vision},
  pages={443--450},
  year={2016},
  organization={Springer}
}

@inproceedings{sun2016return,
  title={Return of frustratingly easy domain adaptation},
  author={Sun, Baochen and Feng, Jiashi and Saenko, Kate},
  booktitle={Proceedings of the AAAI Conference on Artificial Intelligence},
  volume={30},
  number={1},
  year={2016}
}

@inproceedings{peng2018synthetic,
  title={Synthetic to real adaptation with generative correlation alignment networks},
  author={Peng, Xingchao and Saenko, Kate},
  booktitle={2018 IEEE Winter Conference on Applications of Computer Vision (WACV)},
  pages={1982--1991},
  year={2018},
  organization={IEEE}
}

@article{zhou2020domain,
  title={Domain generalization with optimal transport and metric learning},
  author={Zhou, Fan and Jiang, Zhuqing and Shui, Changjian and Wang, Boyu and Chaib-draa, Brahim},
  journal={arXiv preprint arXiv:2007.10573},
  year={2020}
}

@inproceedings{motiian2017unified,
  title={Unified deep supervised domain adaptation and generalization},
  author={Motiian, Saeid and Piccirilli, Marco and Adjeroh, Donald A and Doretto, Gianfranco},
  booktitle={Proceedings of the IEEE international conference on computer vision},
  pages={5715--5725},
  year={2017}
}

@article{wang2020transfer,
  title={Transfer learning with dynamic distribution adaptation},
  author={Wang, Jindong and Chen, Yiqiang and Feng, Wenjie and Yu, Han and Huang, Meiyu and Yang, Qiang},
  journal={ACM Transactions on Intelligent Systems and Technology (TIST)},
  volume={11},
  number={1},
  pages={1--25},
  year={2020},
  publisher={ACM New York, NY, USA}
}

@inproceedings{sun2016deep,
  title={Deep coral: Correlation alignment for deep domain adaptation},
  author={Sun, Baochen and Saenko, Kate},
  booktitle={European conference on computer vision},
  pages={443--450},
  year={2016},
  organization={Springer}
}

@article{jin2020enforcing,
  title={Enforcing predictive invariance across structured biomedical domains},
  author={Jin, Wengong and Barzilay, Regina and Jaakkola, Tommi},
  journal={arXiv preprint arXiv:2006.03908},
  year={2020}
}

@inproceedings{pan2018two,
  title={Two at once: Enhancing learning and generalization capacities via ibn-net},
  author={Pan, Xingang and Luo, Ping and Shi, Jianping and Tang, Xiaoou},
  booktitle={Proceedings of the European Conference on Computer Vision (ECCV)},
  pages={464--479},
  year={2018}
}

@inproceedings{huang2017arbitrary,
  title={Arbitrary style transfer in real-time with adaptive instance normalization},
  author={Huang, Xun and Belongie, Serge},
  booktitle={Proceedings of the IEEE International Conference on Computer Vision},
  pages={1501--1510},
  year={2017}
}

@article{jin2021style,
  title={Style Normalization and Restitution for DomainGeneralization and Adaptation},
  author={Jin, Xin and Lan, Cuiling and Zeng, Wenjun and Chen, Zhibo},
  journal={arXiv preprint arXiv:2101.00588},
  year={2021}
}
@inproceedings{kazemzadeh2014referitgame,
  title={Referitgame: Referring to objects in photographs of natural scenes},
  author={Kazemzadeh, Sahar and Ordonez, Vicente and Matten, Mark and Berg, Tamara},
  booktitle={Proceedings of the 2014 conference on empirical methods in natural language processing (EMNLP)},
  pages={787--798},
  year={2014}
}
@inproceedings{chang2019argoverse,
  title={Argoverse: 3d tracking and forecasting with rich maps},
  author={Chang, Ming-Fang and Lambert, John and Sangkloy, Patsorn and Singh, Jagjeet and Bak, Slawomir and Hartnett, Andrew and Wang, De and Carr, Peter and Lucey, Simon and Ramanan, Deva and others},
  booktitle={Proceedings of the IEEE/CVF conference on computer vision and pattern recognition},
  pages={8748--8757},
  year={2019}
}
@inproceedings{sun2020scalability,
  title={Scalability in perception for autonomous driving: Waymo open dataset},
  author={Sun, Pei and Kretzschmar, Henrik and Dotiwalla, Xerxes and Chouard, Aurelien and Patnaik, Vijaysai and Tsui, Paul and Guo, James and Zhou, Yin and Chai, Yuning and Caine, Benjamin and others},
  booktitle={Proceedings of the IEEE/CVF conference on computer vision and pattern recognition},
  pages={2446--2454},
  year={2020}
}
@article{nam2018batch,
  title={Batch-instance normalization for adaptively style-invariant neural networks},
  author={Nam, Hyeonseob and Kim, Hyo-Eun},
  journal={arXiv preprint arXiv:1805.07925},
  year={2018}
}

@article{blanchard2011generalizing,
  title={Generalizing from several related classification tasks to a new unlabeled sample},
  author={Blanchard, Gilles and Lee, Gyemin and Scott, Clayton},
  journal={Advances in neural information processing systems},
  volume={24},
  pages={2178--2186},
  year={2011}
}

@article{blanchard2017domain,
  title={Domain generalization by marginal transfer learning},
  author={Blanchard, Gilles and Deshmukh, Aniket Anand and Dogan, Urun and Lee, Gyemin and Scott, Clayton},
  journal={arXiv preprint arXiv:1711.07910},
  year={2017}
}

@inproceedings{grubinger2015domain,
  title={Domain generalization based on transfer component analysis},
  author={Grubinger, Thomas and Birlutiu, Adriana and Sch{\"o}ner, Holger and Natschl{\"a}ger, Thomas and Heskes, Tom},
  booktitle={International Work-Conference on Artificial Neural Networks},
  pages={325--334},
  year={2015},
  organization={Springer}
}

@article{ghifary2016scatter,
  title={Scatter component analysis: A unified framework for domain adaptation and domain generalization},
  author={Ghifary, Muhammad and Balduzzi, David and Kleijn, W Bastiaan and Zhang, Mengjie},
  journal={IEEE transactions on pattern analysis and machine intelligence},
  volume={39},
  number={7},
  pages={1414--1430},
  year={2016},
  publisher={IEEE}
}

@inproceedings{hu2020domain,
  title={Domain generalization via multidomain discriminant analysis},
  author={Hu, Shoubo and Zhang, Kun and Chen, Zhitang and Chan, Laiwan},
  booktitle={Uncertainty in Artificial Intelligence},
  pages={292--302},
  year={2020},
  organization={PMLR}
}

@inproceedings{muandet2013domain,
  title={Domain generalization via invariant feature representation},
  author={Muandet, Krikamol and Balduzzi, David and Sch{\"o}lkopf, Bernhard},
  booktitle={International Conference on Machine Learning},
  pages={10--18},
  year={2013},
  organization={PMLR}
}
