@inproceedings{AlexNet,
  author    = {Alex Krizhevsky and
               Ilya Sutskever and
               Geoffrey E. Hinton},
  title     = {ImageNet Classification with Deep Convolutional Neural Networks},
  booktitle = {NeurIPS},
  pages     = {1106--1114},
  year      = 2012
}


@article{VGG,
  author    = {Karen Simonyan and
               Andrew Zisserman},
  title     = {Very Deep Convolutional Networks for Large-Scale Image Recognition},
  year      = 2014,
  journal   = {CoRR},
  volume    = {abs/1409.1556},
}

@inproceedings{FasterRCNN,
  author    = {Shaoqing Ren and
               Kaiming He and
               Ross B. Girshick and
               Jian Sun},
  title     = {Faster {R-CNN:} Towards Real-Time Object Detection with Region Proposal
               Networks},
  booktitle = {NeurIPS},
  pages     = {91--99},
  year      = {2015}
}

@inproceedings{ImageNet,
  author    = {Jia Deng and
               Wei Dong and
               Richard Socher and
               Li{-}Jia Li and
               Kai Li and
               Fei{-}Fei Li},
  title     = {ImageNet: {A} large-scale hierarchical image database},
  booktitle = {CVPR},
  pages     = {248--255},
  year      = {2009},
}

@article{PascalVOC,
  author    = {Mark Everingham and
               S. M. Ali Eslami and
               Luc J. Van Gool and
               Christopher K. I. Williams and
               John M. Winn and
               Andrew Zisserman},
  title     = {The Pascal Visual Object Classes Challenge: {A} Retrospective},
  journal   = {IJCV},
  volume    = {111},
  number    = {1},
  pages     = {98--136},
  year      = {2015}
}

@inproceedings{Cityscapes,
	title={The Cityscapes Dataset for Semantic Urban Scene Understanding},
	author={Cordts, Marius and Omran, Mohamed and Ramos, Sebastian and Rehfeld, Timo and Enzweiler, Markus and Benenson, Rodrigo and Franke, Uwe and Roth, Stefan and Schiele, Bernt},
	booktitle={CVPR},
	year={2016}
}



@inproceedings{MSCOCO,
  author    = {Tsung{-}Yi Lin and
               Michael Maire and
               Serge J. Belongie and
               James Hays and
               Pietro Perona and
               Deva Ramanan and
               Piotr Doll{\'{a}}r and
               C. Lawrence Zitnick},
  title     = {Microsoft {COCO:} Common Objects in Context},
  booktitle = {ECCV},
  pages     = {740--755},
  year      = {2014},
}


@article{SurveyTransferLearning,
  author    = {Sinno Jialin Pan and
               Qiang Yang},
  title     = {A Survey on Transfer Learning},
  journal   = {{IEEE} Transactions on Knowledge and Data Engineering},
  volume    = {22},
  number    = {10},
  pages     = {1345--1359},
  month={Oct.},
  year      = {2010}
}

@inproceedings{ReturnEasyDA,
  author    = {Baochen Sun and
               Jiashi Feng and
               Kate Saenko},
  title     = {Return of Frustratingly Easy Domain Adaptation},
  booktitle = {AAAI},
  pages     = {2058--2065},
  year      = {2016}
}

@inproceedings{TransferableFeatures,
  title={How transferable are features in deep neural networks?},
  author={Yosinski, Jason and Clune, Jeff and Bengio, Yoshua and Lipson, Hod},
  booktitle={NeurIPS},
  pages={3320--3328},
  year={2014}
}


@article{VDARecentAdvances,
  author    = {Vishal M. Patel and
               Raghuraman Gopalan and
               Ruonan Li and
               Rama Chellappa},
  title     = {Visual Domain Adaptation: {A} survey of recent advances},
  journal   = {{IEEE} Signal Processing Magazine},
  volume    = {32},
  number    = {3},
  pages     = {53--69},
  year      = {2015},
}


@inproceedings{DAN,
  title={Learning transferable features with deep adaptation networks},
  author={Long, Mingsheng and Cao, Yue and Wang, Jianmin and Jordan, Michael},
  booktitle={ICML},
  pages={97--105},
  year={2015}
}


@inproceedings{JAN,
  author    = {Mingsheng Long and
               Han Zhu and
               Jianmin Wang and
               Michael I. Jordan},
  title     = {Deep Transfer Learning with Joint Adaptation Networks},
  booktitle = {ICML},
  pages     = {2208--2217},
  year      = {2017}
}

@inproceedings{FCN,
  author    = {Jonathan Long and
               Evan Shelhamer and
               Trevor Darrell},
  title     = {Fully convolutional networks for semantic segmentation},
  booktitle = {CVPR},
  pages     = {3431--3440},
  year      = {2015},
}


@article{BeyondSharingWeights,
  author    = {Artem Rozantsev and
               Mathieu Salzmann and
               Pascal Fua},
  title     = {Beyond Sharing Weights for Deep Domain Adaptation},
  journal   = {{IEEE} Trans. PAMI},
  volume    = {41},
  number    = {4},
  pages     = {801--814},
  year      = {2019}
}

@inproceedings{SimultaneousAcrossDomainsTasks,
  author    = {Eric Tzeng and
               Judy Hoffman and
               Trevor Darrell and
               Kate Saenko},
  title     = {Simultaneous Deep Transfer Across Domains and Tasks},
  booktitle = {ICCV},
  pages     = {4068--4076},
  year      = {2015}
}

@inproceedings{AsymTriTraining,
  author    = {Kuniaki Saito and
               Yoshitaka Ushiku and
               Tatsuya Harada},
  title     = {Asymmetric Tri-training for Unsupervised Domain Adaptation},
  booktitle = {ICML},
  pages     = {2988--2997},
  year      = {2017}
}

@inproceedings{CV2UnrealEngine,
  author    = {Weichao Qiu and
               Alan L. Yuille},
  title     = {UnrealCV: Connecting Computer Vision to Unreal Engine},
  booktitle = {ECCV Workshops},
  pages     = {909--916},
  year      = {2016}
}


@inproceedings{GTA5,
  author    = {Stephan R. Richter and
               Vibhav Vineet and
               Stefan Roth and
               Vladlen Koltun},
  title     = {Playing for Data: Ground Truth from Computer Games},
  booktitle = {ECCV},
  pages     = {102--118},
  year      = {2016}
}


@inproceedings{PixelDA,
  author    = {Konstantinos Bousmalis and
               Nathan Silberman and
               David Dohan and
               Dumitru Erhan and
               Dilip Krishnan},
  title     = {Unsupervised Pixel-Level Domain Adaptation with Generative Adversarial
               Networks},
  booktitle = {CVPR},
  pages     = {95--104},
  year      = {2017}
}


@article{Real2VirtualDriving,
  author    = {Luona Yang and
               Xiaodan Liang and
               Eric P. Xing},
  title     = {Unsupervised Real-to-Virtual Domain Unification for End-to-End Highway
               Driving},
  journal   = {CoRR},
  volume    = {abs/1801.03458},
  year      = {2018}
}


@inproceedings{SimulationImproveGrasping,
  author    = {Konstantinos Bousmalis and
               Alex Irpan and
               Paul Wohlhart and
               Yunfei Bai and
               Matthew Kelcey and
               Mrinal Kalakrishnan and
               Laura Downs and
               Julian Ibarz and
               Peter Pastor and
               Kurt Konolige and
               Sergey Levine and
               Vincent Vanhoucke},
  title     = {Using Simulation and Domain Adaptation to Improve Efficiency of Deep
               Robotic Grasping},
  booktitle = {International Conference on Robotics and Automation},
  pages     = {4243--4250},
  year      = {2018},
}


@inproceedings{SimilarityUDA,
  title={Unsupervised domain adaptation with similarity learning},
  author={Pinheiro, Pedro O and Element, AI},
  booktitle={CVPR},
  pages={8004--8013},
  year={2018}
}


@inproceedings{DSN,
  title={Domain separation networks},
  author={Bousmalis, Konstantinos and Trigeorgis, George and Silberman, Nathan and Krishnan, Dilip and Erhan, Dumitru},
  booktitle={NeurIPS},
  pages={343--351},
  year={2016}
}


@article{UDA-Simulation2RealWorld,
  author    = {Sicheng Zhao and
               Bichen Wu and
               Joseph Gonzalez and
               Sanjit A. Seshia and
               Kurt Keutzer},
  title     = {Unsupervised Domain Adaptation: from Simulation Engine to the RealWorld},
  journal   = {CoRR},
  volume    = {abs/1803.09180},
  year      = {2018}
}


@article{DDC,
  author    = {Eric Tzeng and
               Judy Hoffman and
               Ning Zhang and
               Kate Saenko and
               Trevor Darrell},
  title     = {Deep Domain Confusion: Maximizing for Domain Invariance},
  journal   = {CoRR},
  volume    = {abs/1412.3474},
  year      = {2014}
}


@inproceedings{DeepCoral,
  title={Deep coral: Correlation alignment for deep domain adaptation},
  author={Sun, Baochen and Saenko, Kate},
  booktitle={ECCV Workshops},
  pages={443--450},
  year={2016}
}

@incollection{Coral,
  title={Correlation alignment for unsupervised domain adaptation},
  author={Sun, Baochen and Feng, Jiashi and Saenko, Kate},
  booktitle={Domain Adaptation in Computer Vision Applications},
  pages={153--171},
  year={2017}
}


@inproceedings{RTN,
  author    = {Mingsheng Long and
               Han Zhu and
               Jianmin Wang and
               Michael I. Jordan},
  title     = {Unsupervised Domain Adaptation with Residual Transfer Networks},
  booktitle = {NeurIPS},
  pages     = {136--144},
  year      = {2016},
}

@inproceedings{GeodesicFlowKernel,
  author    = {Boqing Gong and
               Yuan Shi and
               Fei Sha and
               Kristen Grauman},
  title     = {Geodesic flow kernel for unsupervised domain adaptation},
  booktitle = {CVPR},
  pages     = {2066--2073},
  year      = {2012}
}


@inproceedings{LearnSemanticRepresentation,
  author    = {Shaoan Xie and
               Zibin Zheng and
               Liang Chen and
               Chuan Chen},
  title     = {Learning Semantic Representations for Unsupervised Domain Adaptation},
  booktitle = {ICML},
  pages     = {5419--5428},
  year      = {2018}
}

@article{FCN-Wild,
  author    = {Judy Hoffman and
               Dequan Wang and
               Fisher Yu and
               Trevor Darrell},
  title     = {FCNs in the Wild: Pixel-level Adversarial and Constraint-based Adaptation},
  journal   = {CoRR},
  volume    = {abs/1612.02649},
  year      = {2016}
}


@inproceedings{GAN,
  author    = {Ian J. Goodfellow and
               Jean Pouget{-}Abadie and
               Mehdi Mirza and
               Bing Xu and
               David Warde{-}Farley and
               Sherjil Ozair and
               Aaron C. Courville and
               Yoshua Bengio},
  title     = {Generative Adversarial Nets},
  booktitle = {NeurIPS},
  pages     = {2672--2680},
  year      = {2014}
}


@inproceedings{SimGAN,
  author    = {Ashish Shrivastava and
               Tomas Pfister and
               Oncel Tuzel and
               Joshua Susskind and
               Wenda Wang and
               Russell Webb},
  title     = {Learning from Simulated and Unsupervised Images through Adversarial
               Training},
  booktitle = {CVPR},
  pages     = {2242--2251},
  year      = {2017}
}

@inproceedings{CYCADA,
  author    = {Judy Hoffman and
               Eric Tzeng and
               Taesung Park and
               Jun{-}Yan Zhu and
               Phillip Isola and
               Kate Saenko and
               Alexei A. Efros and
               Trevor Darrell},
  title     = {CyCADA: Cycle-Consistent Adversarial Domain Adaptation},
  booktitle = {ICML},
  pages     = {1994--2003},
  year      = {2018}
}


@inproceedings{Pix2Pix,
  author    = {Phillip Isola and
               Jun{-}Yan Zhu and
               Tinghui Zhou and
               Alexei A. Efros},
  title     = {Image-to-Image Translation with Conditional Adversarial Networks},
  booktitle = {CVPR},
  pages     = {5967--5976},
  year      = {2017},
}


@inproceedings{DualGAN,
  author    = {Zili Yi and
               Hao (Richard) Zhang and
               Ping Tan and
               Minglun Gong},
  title     = {DualGAN: Unsupervised Dual Learning for Image-to-Image Translation},
  booktitle = {ICCV},
  pages     = {2868--2876},
  year      = {2017}
}


@inproceedings{CycleGAN,
  author    = {Jun{-}Yan Zhu and
               Taesung Park and
               Phillip Isola and
               Alexei A. Efros},
  title     = {Unpaired Image-to-Image Translation Using Cycle-Consistent Adversarial
               Networks},
  booktitle = {ICCV},
  pages     = {2242--2251},
  year      = {2017}
}

@inproceedings{SelfEnsembling,
  author    = {Geoffrey French and
               Michal Mackiewicz and
               Mark H. Fisher},
  title     = {Self-ensembling for visual domain adaptation},
  booktitle = {ICLR},
  year      = {2018}
}


@inproceedings{AdaBN,
  author    = {Yanghao Li and
               Naiyan Wang and
               Jianping Shi and
               Jiaying Liu and
               Xiaodi Hou},
  title     = {Revisiting Batch Normalization For Practical Domain Adaptation},
  booktitle = {ICLR Workshops},
  year      = {2017}
}


@inproceedings{DeepRC,
  author    = {Muhammad Ghifary and
               W. Bastiaan Kleijn and
               Mengjie Zhang and
               David Balduzzi and
               Wen Li},
  title     = {Deep Reconstruction-Classification Networks for Unsupervised Domain
               Adaptation},
  booktitle = {ECCV},
  pages     = {597--613},
  year      = {2016}
}


@inproceedings{CorrectSamples,
  author    = {Jiayuan Huang and
               Alexander J. Smola and
               Arthur Gretton and
               Karsten M. Borgwardt and
               Bernhard Sch{\"{o}}lkopf},
  title     = {Correcting Sample Selection Bias by Unlabeled Data},
  booktitle = {NeurIPS},
  pages     = {601--608},
  year      = {2006}
}


@article{TCA,
  author    = {Sinno Jialin Pan and
               Ivor W. Tsang and
               James T. Kwok and
               Qiang Yang},
  title     = {Domain Adaptation via Transfer Component Analysis},
  journal   = {{IEEE} Transactions Neural Networks},
  volume    = {22},
  number    = {2},
  pages     = {199--210},
  year      = {2011}
}


@inproceedings{ConnectingDotsLandmarks,
  author    = {Boqing Gong and
               Kristen Grauman and
               Fei Sha},
  title     = {Connecting the Dots with Landmarks: Discriminatively Learning Domain-Invariant
               Features for Unsupervised Domain Adaptation},
  booktitle = {ICML},
  pages     = {222--230},
  year      = {2013}
}


@inproceedings{KernelMMD,
  author    = {Arthur Gretton and
               Bharath K. Sriperumbudur and
               Dino Sejdinovic and
               Heiko Strathmann and
               Sivaraman Balakrishnan and
               Massimiliano Pontil and
               Kenji Fukumizu},
  title     = {Optimal kernel choice for large-scale two-sample tests},
  booktitle = {NeurIPS},
  pages     = {1214--1222},
  year      = {2012}
}


@inproceedings{AssocDA,
  author    = {Philip H{\"{a}}usser and
               Thomas Frerix and
               Alexander Mordvintsev and
               Daniel Cremers},
  title     = {Associative Domain Adaptation},
  booktitle = {ICCV},
  pages     = {2784--2792},
  year      = {2017}
}


@inproceedings{RevGral,
  author    = {Yaroslav Ganin and
               Victor S. Lempitsky},
  title     = {Unsupervised Domain Adaptation by Backpropagation},
  booktitle = {ICML},
  pages     = {1180--1189},
  year      = {2015}
}


@article{DANN,
  author    = {Yaroslav Ganin and
               Evgeniya Ustinova and
               Hana Ajakan and
               Pascal Germain and
               Hugo Larochelle and
               Fran{\c{c}}ois Laviolette and
               Mario Marchand and
               Victor S. Lempitsky},
  title     = {Domain-Adversarial Training of Neural Networks},
  journal   = {JMLR},
  volume    = {17},
  pages     = {59:1--59:35},
  year      = {2016}
}


@inproceedings{ADDA,
  author    = {Eric Tzeng and
               Judy Hoffman and
               Kate Saenko and
               Trevor Darrell},
  title     = {Adversarial Discriminative Domain Adaptation},
  booktitle = {CVPR},
  pages     = {2962--2971},
  year      = {2017}
}


@inproceedings{DIRT-T,
  author    = {Rui Shu and
               Hung H. Bui and
               Hirokazu Narui and
               Stefano Ermon},
  title     = {A {DIRT-T} Approach to Unsupervised Domain Adaptation},
  booktitle   = {ICLR},
  year      = {2018}
}


@article{VAT,
  author    = {Takeru Miyato and
               Shin{-}ichi Maeda and
               Masanori Koyama and
               Shin Ishii},
  title     = {Virtual Adversarial Training: {A} Regularization Method for Supervised
               and Semi-Supervised Learning},
  journal   = {{IEEE} Trans. PAMI},
  volume    = {41},
  number    = {8},
  pages     = {1979--1993},
  year      = {2019}
}



@inproceedings{MCD,
  author    = {Kuniaki Saito and
               Kohei Watanabe and
               Yoshitaka Ushiku and
               Tatsuya Harada},
  title     = {Maximum Classifier Discrepancy for Unsupervised Domain Adaptation},
  booktitle = {CVPR},
  pages     = {3723--3732},
  year      = {2018}
}


@inproceedings{SBADA-GAN,
  author    = {Paolo Russo and
               Fabio Maria Carlucci and
               Tatiana Tommasi and
               Barbara Caputo},
  title     = {From Source to Target and Back: Symmetric Bi-Directional Adaptive
               {GAN}},
  booktitle = {CVPR},
  pages     = {8099--8108},
  year      = {2018}
}



@inproceedings{CurriculumDA,
  author    = {Yang Zhang and
               Philip David and
               Boqing Gong},
  title     = {Curriculum Domain Adaptation for Semantic Segmentation of Urban Scenes},
  booktitle = {ICCV},
  pages     = {2039--2049},
  year      = {2017}
}


@inproceedings{SSInfoGAN,
  author    = {Adrian Spurr and
               Emre Aksan and
               Otmar Hilliges},
  title     = {Guiding InfoGAN with Semi-supervision},
  booktitle = {ECML},
  pages     = {119--134},
  year      = {2017}
}


@inproceedings{CondEnt,
  author    = {Yves Grandvalet and
               Yoshua Bengio},
  title     = {Semi-supervised Learning by Entropy Minimization},
  booktitle = {NeurIPS},
  pages     = {529--536},
  year      = {2004}
}


@inproceedings{RealEvalSemi8,
  author    = {Avital Oliver and
               Augustus Odena and
               Colin Raffel and
               Ekin Dogus Cubuk and
               Ian J. Goodfellow},
  title     = {Realistic Evaluation of Deep Semi-Supervised Learning Algorithms},
  booktitle = {NeurIPS},
  pages     = {3239--3250},
  year      = {2018}
}
@



@article{MNIST,
  title={Gradient-based learning applied to document recognition},
  author={LeCun, Yann and Bottou, L{\'e}on and Bengio, Yoshua and Haffner, Patrick},
  journal={Proceedings of the IEEE},
  volume={86},
  number={11},
  pages={2278--2324},
  year={1998},
  publisher={IEEE}
}


@article{USPS,
  author    = {Jonathan J. Hull},
  title     = {A Database for Handwritten Text Recognition Research},
  journal   = {{IEEE} Trans. PAMI},
  volume    = {16},
  number    = {5},
  pages     = {550--554},
  year      = {1994}
}

@inproceedings{SVHN,
  title={Reading digits in natural images with unsupervised feature learning},
  author={Netzer, Yuval and Wang, Tao and Coates, Adam and Bissacco, Alessandro and Wu, Bo and Ng, Andrew Y},
  booktitle={NeurIPS Workshops},
  volume={2011},
  number={2},
  pages={5},
  year={2011}
}


@article{BSDS500,
  author    = {Pablo Arbelaez and
               Michael Maire and
               Charless C. Fowlkes and
               Jitendra Malik},
  title     = {Contour Detection and Hierarchical Image Segmentation},
  journal   = {{IEEE} Trans. PAMI},
  volume    = {33},
  number    = {5},
  pages     = {898--916},
  year      = {2011}
}


@inproceedings{SNGAN,
  author    = {Takeru Miyato and
               Toshiki Kataoka and
               Masanori Koyama and
               Yuichi Yoshida},
  title     = {Spectral Normalization for Generative Adversarial Networks},
  booktitle = {ICLR},
  year      = {2018}
}



@inproceedings{Adam,
  author    = {Diederik P. Kingma and
               Jimmy Ba},
  title     = {Adam: {A} Method for Stochastic Optimization},
  booktitle = {ICLR},
  year      = {2015}
}


@inproceedings{UNIT,
  author    = {Ming{-}Yu Liu and
               Thomas Breuel and
               Jan Kautz},
  title     = {Unsupervised Image-to-Image Translation Networks},
  booktitle = {NeurIPS},
  pages     = {700--708},
  year      = {2017}
}

@inproceedings{CoGAN,
  author    = {Ming{-}Yu Liu and
               Oncel Tuzel},
  title     = {Coupled Generative Adversarial Networks},
  booktitle = {NeurIPS},
  pages     = {469--477},
  year      = {2016}
}


@article{InstanceNorm,
  author    = {Dmitry Ulyanov and
               Andrea Vedaldi and
               Victor S. Lempitsky},
  title     = {Instance Normalization: The Missing Ingredient for Fast Stylization},
  journal   = {CoRR},
  volume    = {abs/1607.08022},
  year      = {2016}
}


@inproceedings{PerceptualLosses,
  author    = {Justin Johnson and
               Alexandre Alahi and
               Li Fei{-}Fei},
  title     = {Perceptual Losses for Real-Time Style Transfer and Super-Resolution},
  booktitle = {ECCV},
  pages     = {694--711},
  year      = {2016}
}

@inproceedings{Improved_WGAN,
  author    = {Ishaan Gulrajani and
               Faruk Ahmed and
               Mart{\'{\i}}n Arjovsky and
               Vincent Dumoulin and
               Aaron C. Courville},
  title     = {Improved Training of Wasserstein GANs},
  booktitle = {NeurIPS},
  pages     = {5769--5779},
  year      = {2017}}
}


@inproceedings{CondAdvDA,
  author    = {Mingsheng Long and
               Zhangjie Cao and
               Jianmin Wang and
               Michael I. Jordan},
  title     = {Conditional Adversarial Domain Adaptation},
  booktitle = {NeurIPS},
  pages     = {1647--1657},
  year      = {2018},
}

@inproceedings{GenToAdapt,
  author    = {Swami Sankaranarayanan and
               Yogesh Balaji and
               Carlos D. Castillo and
               Rama Chellappa},
  title     = {Generate to Adapt: Aligning Domains Using Generative Adversarial Networks},
  booktitle = {CVPR},
  pages     = {8503--8512},
  year      = {2018}
}

@inproceedings{DuplexGAN,
  author    = {Lanqing Hu and
               Meina Kan and
               Shiguang Shan and
               Xilin Chen},
  title     = {Duplex Generative Adversarial Network for Unsupervised Domain Adaptation},
  booktitle = {CVPR},
  pages     = {1498--1507},
  year      = {2018}
}

@inproceedings{DTN,
  author    = {Yaniv Taigman and
               Adam Polyak and
               Lior Wolf},
  title     = {Unsupervised Cross-Domain Image Generation},
  booktitle = {ICLR},
  year      = {2017}
}


@inproceedings{DiscoGAN,
  author    = {Taeksoo Kim and
               Moonsu Cha and
               Hyunsoo Kim and
               Jung Kwon Lee and
               Jiwon Kim},
  title     = {Learning to Discover Cross-Domain Relations with Generative Adversarial
               Networks},
  booktitle = {ICML},
  pages     = {1857--1865},
  year      = {2017}
}




@article{Upsample,
  author = {Odena, Augustus and Dumoulin, Vincent and Olah, Chris},
  title = {Deconvolution and Checkerboard Artifacts},
  journal = {Distill},
  year = {2016}
}


@inproceedings{Resnet,
  author    = {Kaiming He and
               Xiangyu Zhang and
               Shaoqing Ren and
               Jian Sun},
  title     = {Deep Residual Learning for Image Recognition},
  booktitle = {CVPR},
  pages     = {770--778},
  year      = {2016}
}


@article{DCGAN,
  author    = {Alec Radford and
               Luke Metz and
               Soumith Chintala},
  title     = {Unsupervised Representation Learning with Deep Convolutional Generative
               Adversarial Networks},
  journal   = {CoRR},
  volume    = {abs/1511.06434},
  year      = {2015}
}

@inproceedings{BatchNorm,
  author    = {Sergey Ioffe and
               Christian Szegedy},
  title     = {Batch Normalization: Accelerating Deep Network Training by Reducing
               Internal Covariate Shift},
  booktitle = {ICML},
  pages     = {448--456},
  year      = {2015}
}

@article{TheoryDA,
  author    = {Shai Ben{-}David and
               John Blitzer and
               Koby Crammer and
               Alex Kulesza and
               Fernando Pereira and
               Jennifer Wortman Vaughan},
  title     = {A theory of learning from different domains},
  journal   = {Machine Learning},
  volume    = {79},
  number    = {1-2},
  pages     = {151--175},
  year      = {2010}
}


@inproceedings{LabelEfficientLearning,
  author    = {Zelun Luo and
               Yuliang Zou and
               Judy Hoffman and
               Fei{-}Fei Li},
  title     = {Label Efficient Learning of Transferable Representations acrosss Domains
               and Tasks},
  booktitle = {NeurIPS},
  pages     = {164--176},
  year      = {2017}
}

@inproceedings{TransferrableSegmentationImageTag,
  author    = {Seunghoon Hong and
               Junhyuk Oh and
               Honglak Lee and
               Bohyung Han},
  title     = {Learning Transferrable Knowledge for Semantic Segmentation with Deep
               Convolutional Neural Network},
  booktitle = {CVPR},
  pages     = {3204--3212},
  year      = {2016}
}


@inproceedings{SelfDriveSegmentation,
  author    = {Bi{-}ke Chen and
               Chen Gong and
               Jian Yang},
  title     = {Importance-Aware Semantic Segmentation for Autonomous Driving System},
  booktitle = {IJCAI},
  pages     = {1504--1510},
  year      = {2017}
}


@article{SceneLabelingSegmentation,
  author    = {Quan Zhou and
               Baoyu Zheng and
               Wei{-}Ping Zhu and
               Longin Jan Latecki},
  title     = {Multi-scale context for scene labeling via flexible segmentation graph},
  journal   = {Pattern Recognition},
  volume    = {59},
  pages     = {312--324},
  year      = {2016}
}


@inproceedings{BoxSupSegmentation,
  author    = {Jifeng Dai and
               Kaiming He and
               Jian Sun},
  title     = {BoxSup: Exploiting Bounding Boxes to Supervise Convolutional Networks
               for Semantic Segmentation},
  booktitle = {ICCV},
  pages     = {1635--1643},
  year      = {2015}
}


@inproceedings{WeaklySegmentationImageTag,
  author    = {George Papandreou and
               Liang{-}Chieh Chen and
               Kevin P. Murphy and
               Alan L. Yuille},
  title     = {Weakly-and Semi-Supervised Learning of a Deep Convolutional Network
               for Semantic Image Segmentation},
  booktitle = {ICCV},
  pages     = {1742--1750},
  year      = {2015}
}

@inproceedings{CrossDomainWeaklyObjectDetection,
  author    = {Naoto Inoue and
               Ryosuke Furuta and
               Toshihiko Yamasaki and
               Kiyoharu Aizawa},
  title     = {Cross-Domain Weakly-Supervised Object Detection Through Progressive
               Domain Adaptation},
  booktitle = {CVPR},
  pages     = {5001--5009},
  year      = {2018}
}


@inproceedings{SRGAN,
  author    = {Christian Ledig and
               Lucas Theis and
               Ferenc Huszar and
               Jose Caballero and
               Andrew Cunningham and
               Alejandro Acosta and
               Andrew P. Aitken and
               Alykhan Tejani and
               Johannes Totz and
               Zehan Wang and
               Wenzhe Shi},
  title     = {Photo-Realistic Single Image Super-Resolution Using a Generative Adversarial Network},
  booktitle = {CVPR},
  pages     = {105--114},
  year      = {2017}
}


@article{SegNet,
  author    = {Vijay Badrinarayanan and
               Alex Kendall and
               Roberto Cipolla},
  title     = {SegNet: {A} Deep Convolutional Encoder-Decoder Architecture for Image
               Segmentation},
  journal   = {{IEEE} Trans. PAMI},
  volume    = {39},
  number    = {12},
  pages     = {2481--2495},
  year      = {2017}
}

@inproceedings{ExFuse,
  author    = {Zhenli Zhang and
               Xiangyu Zhang and
               Chao Peng and
               Xiangyang Xue and
               Jian Sun},
  title     = {ExFuse: Enhancing Feature Fusion for Semantic Segmentation},
  booktitle = {ECCV},
  pages     = {273--288},
  year      = {2018}
}

@inproceedings{DeconvNet,
  author    = {Hyeonwoo Noh and
               Seunghoon Hong and
               Bohyung Han},
  title     = {Learning Deconvolution Network for Semantic Segmentation},
  booktitle = {ICCV},
  pages     = {1520--1528},
  year      = {2015}
}

@article{DeepLab,
  author    = {Liang{-}Chieh Chen and
               George Papandreou and
               Iasonas Kokkinos and
               Kevin Murphy and
               Alan L. Yuille},
  title     = {DeepLab: Semantic Image Segmentation with Deep Convolutional Nets,
               Atrous Convolution, and Fully Connected CRFs},
  journal   = {{IEEE} Trans. PAMI},
  volume    = {40},
  number    = {4},
  pages     = {834--848},
  year      = {2018}
}

@inproceedings{Deeplabv3plus,
  author    = {Liang{-}Chieh Chen and
               Yukun Zhu and
               George Papandreou and
               Florian Schroff and
               Hartwig Adam},
  title     = {Encoder-Decoder with Atrous Separable Convolution for Semantic Image
               Segmentation},
  booktitle = {ECCV},
  pages     = {833--851},
  year      = {2018}
}


@article{DilatedNet,
  author    = {Fisher Yu and
               Vladlen Koltun},
  title     = {Multi-Scale Context Aggregation by Dilated Convolutions},
  journal   = {CoRR},
  volume    = {abs/1511.07122},
  year      = {2015}
}

@inproceedings{RefineNet,
  author    = {Guosheng Lin and
               Anton Milan and
               Chunhua Shen and
               Ian D. Reid},
  title     = {RefineNet: Multi-path Refinement Networks for High-Resolution Semantic Segmentation},
  booktitle = {CVPR},
  pages     = {5168--5177},
  year      = {2017}
}

@inproceedings{PSPNet,
  author    = {Hengshuang Zhao and
               Jianping Shi and
               Xiaojuan Qi and
               Xiaogang Wang and
               Jiaya Jia},
  title     = {Pyramid Scene Parsing Network},
  booktitle = {CVPR},
  pages     = {6230--6239},
  year      = {2017}
}


@inproceedings{BoxConstrainSegmentation,
  author    = {Alexander Kolesnikov and
               Christoph H. Lampert},
  title     = {Seed, Expand and Constrain: Three Principles for Weakly-Supervised
               Image Segmentation},
  booktitle = {ECCV},
  pages     = {695--711},
  year      = {2016}
}


@inproceedings{NoMoreCCA,
  author    = {Yi{-}Hsin Chen and
               Wei{-}Yu Chen and
               Yu{-}Ting Chen and
               Bo{-}Cheng Tsai and
               Yu{-}Chiang Frank Wang and
               Min Sun},
  title     = {No More Discrimination: Cross City Adaptation of Road Scene Segmenters},
  booktitle = {ICCV},
  pages     = {2011--2020},
  year      = {2017}
}


@inproceedings{OutputSpaceAdapt,
  author    = {Yi{-}Hsuan Tsai and
               Wei{-}Chih Hung and
               Samuel Schulter and
               Kihyuk Sohn and
               Ming{-}Hsuan Yang and
               Manmohan Chandraker},
  title     = {Learning to Adapt Structured Output Space for Semantic Segmentation},
  booktitle = {CVPR},
  pages     = {7472--7481},
  year      = {2018}
}


@inproceedings{ROAD,
  author    = {Yuhua Chen and
               Wen Li and
               Luc Van Gool},
  title     = {{ROAD:} Reality Oriented Adaptation for Semantic Segmentation of Urban
               Scenes},
  booktitle = {CVPR},
  pages     = {7892--7901},
  year      = {2018}
}


@inproceedings{CBST,
  author    = {Yang Zou and
               Zhiding Yu and
               B. V. K. Vijaya Kumar and
               Jinsong Wang},
  title     = {Unsupervised Domain Adaptation for Semantic Segmentation via Class-Balanced Self-training},
  booktitle = {ECCV},
  pages     = {297--313},
  year      = {2018}
}


@inproceedings{PenalizeTPConservativeLoss,
  author    = {Xinge Zhu and
               Hui Zhou and
               Ceyuan Yang and
               Jianping Shi and
               Dahua Lin},
  title     = {Penalizing Top Performers: Conservative Loss for Semantic Segmentation
               Adaptation},
  booktitle = {ECCV},
  pages     = {587--603},
  year      = {2018}
}

@inproceedings{SyntheticDA,
  author    = {Swami Sankaranarayanan and
               Yogesh Balaji and
               Arpit Jain and
               Ser{-}Nam Lim and
               Rama Chellappa},
  title     = {Learning From Synthetic Data: Addressing Domain Shift for Semantic
               Segmentation},
  booktitle = {CVPR},
  pages     = {3752--3761},
  year      = {2018}
}


@inproceedings{CascadedRefinement,
  author    = {Qifeng Chen and
               Vladlen Koltun},
  title     = {Photographic Image Synthesis with Cascaded Refinement Networks},
  booktitle = {ICCV},
  pages     = {1520--1529},
  year      = {2017}
}


@article{ConditionalGAN,
  author    = {Mehdi Mirza and
               Simon Osindero},
  title     = {Conditional Generative Adversarial Nets},
  journal   = {CoRR},
  volume    = {abs/1411.1784},
  year      = {2014}
}

@inproceedings{CartoonGAN,
  author    = {Yang Chen and
               Yu{-}Kun Lai and
               Yong{-}Jin Liu},
  title     = {CartoonGAN: Generative Adversarial Networks for Photo Cartoonization},
  booktitle = {CVPR},
  pages     = {9465--9474},
  year      = {2018}
}


@inproceedings{ESTHER,
  author    = {Chao Yang and
               Taehwan Kim and
               Ruizhe Wang and
               Hao Peng and
               C.{-}C. Jay Kuo},
  title     = {{ESTHER:} Extremely Simple Image Translation Through Self-Regularization},
  booktitle = {BMCV},
  pages     = {110},
  year      = {2018}
}


@inproceedings{SYNTHIA,
  author    = {Germ{\'{a}}n Ros and
               Laura Sellart and
               Joanna Materzynska and
               David V{\'{a}}zquez and
               Antonio M. L{\'{o}}pez},
  title     = {The {SYNTHIA} Dataset: {A} Large Collection of Synthetic Images for
               Semantic Segmentation of Urban Scenes},
  booktitle = {CVPR},
  pages     = {3234--3243},
  year      = {2016}
}

@inproceedings{SWA,
  author    = {Pavel Izmailov and
               Dmitrii Podoprikhin and
               Timur Garipov and
               Dmitry P. Vetrov and
               Andrew Gordon Wilson},
  title     = {Averaging Weights Leads to Wider Optima and Better Generalization},
  booktitle = {Conference on Uncertainty in Artificial
               Intelligence, {UAI}},
  pages     = {876--885},
  year      = {2018},
}


@inproceedings{MeanTeacher,
  author    = {Antti Tarvainen and
               Harri Valpola},
  title     = {Mean teachers are better role models: Weight-averaged consistency
               targets improve semi-supervised deep learning results},
  booktitle = {NeurIPS},
  pages     = {1195--1204},
  year      = {2017}
}


@inproceedings{DRN,
  author    = {Fisher Yu and
               Vladlen Koltun and
               Thomas A. Funkhouser},
  title     = {Dilated Residual Networks},
  booktitle = {CVPR},
  pages     = {636--644},
  year      = {2017}
}



@article{DomainStylizationBaseline,
  author    = {Aysegul Dundar and
               Ming{-}Yu Liu and
               Ting{-}Chun Wang and
               John Zedlewski and
               Jan Kautz},
  title     = {Domain Stylization: {A} Strong, Simple Baseline for Synthetic to Real
               Image Domain Adaptation},
  journal   = {CoRR},
  volume    = {abs/1807.09384},
  year      = {2018}
}


@inproceedings{ZFNet,
  author    = {Matthew D. Zeiler and
               Rob Fergus},
  title     = {Visualizing and Understanding Convolutional Networks},
  booktitle = {ECCV},
  pages     = {818--833},
  year      = {2014}
}

@inproceedings{GoogleNet-v1,
  author    = {Christian Szegedy and
               Wei Liu and
               Yangqing Jia and
               Pierre Sermanet and
               Scott E. Reed and
               Dragomir Anguelov and
               Dumitru Erhan and
               Vincent Vanhoucke and
               Andrew Rabinovich},
  title     = {Going deeper with convolutions},
  booktitle = {CVPR},
  pages     = {1--9},
  year      = {2015}
}



@inproceedings{StyleTransferConvolutionalNN,
  author    = {Leon A. Gatys and
               Alexander S. Ecker and
               Matthias Bethge},
  title     = {Image Style Transfer Using Convolutional Neural Networks},
  booktitle = {CVPR},
  pages     = {2414--2423},
  year      = {2016}
}


@inproceedings{StyleTransferAdaptIN,
  author    = {Xun Huang and
               Serge J. Belongie},
  title     = {Arbitrary Style Transfer in Real-Time with Adaptive Instance Normalization},
  booktitle = {ICCV},
  pages     = {1510--1519},
  year      = {2017}
}

@inproceedings{pix2pixHD,
  author    = {Ting{-}Chun Wang and
               Ming{-}Yu Liu and
               Jun{-}Yan Zhu and
               Andrew Tao and
               Jan Kautz and
               Bryan Catanzaro},
  title     = {High-Resolution Image Synthesis and Semantic Manipulation With Conditional
               GANs},
  booktitle = {CVPR},
  pages     = {8798--8807},
  year      = {2018}
}

@inproceedings{ImageBlindDenoiseGAN,
  author    = {Jingwen Chen and
               Jiawei Chen and
               Hongyang Chao and
               Ming Yang},
  title     = {Image Blind Denoising With Generative Adversarial Network Based Noise
               Modeling},
  booktitle = {CVPR},
  pages     = {3155--3164},
  year      = {2018}
}

@inproceedings{ShapeInpaintingGAN,
  author    = {Weiyue Wang and
               Qiangui Huang and
               Suya You and
               Chao Yang and
               Ulrich Neumann},
  title     = {Shape Inpainting Using 3D Generative Adversarial Network and Recurrent
               Convolutional Networks},
  booktitle = {ICCV},
  pages     = {2317--2325},
  year      = {2017}
}


@inproceedings{SemiSupervisedDA,
  author    = {Ting Yao and
               Yingwei Pan and
               Chong{-}Wah Ngo and
               Houqiang Li and
               Tao Mei},
  title     = {Semi-supervised Domain Adaptation with Subspace Learning for visual
               recognition},
  booktitle = {CVPR},
  pages     = {2142--2150},
  year      = {2015}
}


@inproceedings{MADA,
  author    = {Zhongyi Pei and
               Zhangjie Cao and
               Mingsheng Long and
               Jianmin Wang},
  title     = {Multi-Adversarial Domain Adaptation},
  booktitle = {AAAI},
  pages     = {3934--3941},
  year      = {2018}
}


@inproceedings{InfoGAN,
  author    = {Xi Chen and
               Yan Duan and
               Rein Houthooft and
               John Schulman and
               Ilya Sutskever and
               Pieter Abbeel},
  title     = {InfoGAN: Interpretable Representation Learning by Information Maximizing
               Generative Adversarial Nets},
  booktitle = {NeurIPS},
  pages     = {2172--2180},
  year      = {2016}
}

@inproceedings{SemiEntropyMin,
  author    = {Yves Grandvalet and
               Yoshua Bengio},
  title     = {Semi-supervised Learning by Entropy Minimization},
  booktitle = {NeurIPS},
  pages     = {529--536},
  year      = {2004}
}


@inproceedings{JDDA,
  author    = {Chao Chen and
               Zhihong Chen and
               Boyuan Jiang and
               Xinyu Jin},
  title     = {Joint Domain Alignment and Discriminative Feature Learning for Unsupervised
               Deep Domain Adaptation},
  booktitle   = {AAAI},
  year      = {2019},
}


@inproceedings{CMD,
  author    = {Werner Zellinger and
               Thomas Grubinger and
               Edwin Lughofer and
               Thomas Natschl{\"{a}}ger and
               Susanne Saminger{-}Platz},
  title     = {Central Moment Discrepancy {(CMD)} for Domain-Invariant Representation
               Learning},
  booktitle = {ICLR},
  year      = {2017}
}

@inproceedings{Synsign,
  author    = {Boris Moiseev and
               Artem Konev and
               Alexander Chigorin and
               Anton Konushin},
  title     = {Evaluation of Traffic Sign Recognition Methods Trained on Synthetically
               Generated Data},
  booktitle = {Advanced Concepts for Intelligent Vision Systems},
  pages     = {576--583},
  year      = {2013}
}


@inproceedings{GTSRB,
  author    = {Johannes Stallkamp and
               Marc Schlipsing and
               Jan Salmen and
               Christian Igel},
  title     = {The German Traffic Sign Recognition Benchmark: {A} multi-class classification
               competition},
  booktitle = {International Joint Conference on Neural Networks},
  pages     = {1453--1460},
  year      = {2011}
}

@article{tSNE,
  title={Visualizing data using t-SNE},
  author={Maaten, Laurens van der and Hinton, Geoffrey},
  journal={Journal of Machine Learning Research},
  volume={9},
  number={Nov},
  pages={2579--2605},
  year={2008}
}


@inproceedings{colearn,
  author    = {Si Wu and
               Jian Zhong and
               Wenming Cao and
               Rui Li and
               Zhiwen Yu and
               Hau-San Wong},
  title     = {Improving Domain-Specific Classification by Collaborative Learning with Adaptation Networks},
  booktitle = {AAAI},
  year      = {2019}
}

@inproceedings{VisDA17,
  author    = {Xingchao Peng and
               Ben Usman and
               Neela Kaushik and
               Dequan Wang and
               Judy Hoffman and
               Kate Saenko},
  title     = {VisDA: {A} Synthetic-to-Real Benchmark for Visual Domain Adaptation},
  booktitle = {CVPR Workshops},
  pages     = {2021--2026},
  year      = {2018}
}


@inproceedings{Office-31,
  author    = {Kate Saenko and
               Brian Kulis and
               Mario Fritz and
               Trevor Darrell},
  title     = {Adapting Visual Category Models to New Domains},
  booktitle = {ECCV},
  pages     = {213--226},
  year      = {2010}
}


@inproceedings{SWD,
  author    = {Chen{-}Yu Lee and
               Tanmay Batra and
               Mohammad Haris Baig and
               Daniel Ulbricht},
  title     = {Sliced Wasserstein Discrepancy for Unsupervised Domain Adaptation},
  booktitle = {CVPR},
  pages     = {10285--10295},
  year      = {2019}
}


@article{scikit-learn,
  author    = {Fabian Pedregosa and
               Ga{\"{e}}l Varoquaux and
               Alexandre Gramfort and
               Vincent Michel and
               Bertrand Thirion and
               Olivier Grisel and
               Mathieu Blondel and
               Peter Prettenhofer and
               Ron Weiss and
               Vincent Dubourg and
               Jake VanderPlas and
               Alexandre Passos and
               David Cournapeau and
               Matthieu Brucher and
               Matthieu Perrot and
               Edouard Duchesnay},
  title     = {Scikit-learn: Machine Learning in Python},
  journal   = {JMLR},
  volume    = {12},
  pages     = {2825--2830},
  year      = {2011}
}


@inproceedings{DAnosource,
  author    = {Boris Chidlovskii and
               St{\'{e}}phane Clinchant and
               Gabriela Csurka},
  title     = {Domain Adaptation in the Absence of Source Domain Data},
  booktitle = {KDD},
  pages     = {451--460},
  year      = {2016},
}


@inproceedings{CRST,
  author    = {Yang Zou and
               Zhiding Yu and
               Xiaofeng Liu and
               B. V. K. Vijaya Kumar and
               Jinsong Wang},
  title     = {Confidence Regularized Self-Training},
  booktitle = {ICCV},
  pages     = {5981--5990},
  year      = {2019},
}



@inproceedings{LearningWoMemorize,
  author    = {Prithviraj Dhar and
               Rajat Vikram Singh and
               Kuan{-}Chuan Peng and
               Ziyan Wu and
               Rama Chellappa},
  title     = {Learning Without Memorizing},
  booktitle = {CVPR},
  pages     = {5138--5146},
  year      = {2019}
}

@inproceedings{LearningWoForget,
  author    = {Zhizhong Li and
               Derek Hoiem},
  editor    = {Bastian Leibe and
               Jiri Matas and
               Nicu Sebe and
               Max Welling},
  title     = {Learning Without Forgetting},
  booktitle = {ECCV},
  volume    = {9908},
  pages     = {614--629},
  year      = {2016}
}



@inproceedings{UniversalDA,
  author    = {Kaichao You and
               Mingsheng Long and
               Zhangjie Cao and
               Jianmin Wang and
               Michael I. Jordan},
  title     = {Universal Domain Adaptation},
  booktitle = {CVPR},
  pages     = {2720--2729},
  year      = {2019}
}



@inproceedings{DisCertaintyDA,
  author    = {Vinod Kumar Kurmi and
               Shanu Kumar and
               Vinay P. Namboodiri},
  title     = {Attending to Discriminative Certainty for Domain Adaptation},
  booktitle = {CVPR},
  pages     = {491--500},
  year      = {2019}
}