@inproceedings{AssocDA,
  author    = {Philip H{\"{a}}usser and
               Thomas Frerix and
               Alexander Mordvintsev and
               Daniel Cremers},
  title     = {Associative Domain Adaptation},
  booktitle = {ICCV},
  pages     = {2784--2792},
  year      = {2017}
}

@inproceedings{AsymTriTraining,
  author    = {Kuniaki Saito and
               Yoshitaka Ushiku and
               Tatsuya Harada},
  title     = {Asymmetric Tri-training for Unsupervised Domain Adaptation},
  booktitle = {ICML},
  pages     = {2988--2997},
  year      = {2017}
}

@inproceedings{CRST,
  author    = {Yang Zou and
               Zhiding Yu and
               Xiaofeng Liu and
               B. V. K. Vijaya Kumar and
               Jinsong Wang},
  title     = {Confidence Regularized Self-Training},
  booktitle = {ICCV},
  pages     = {5981--5990},
  year      = {2019},
}

@inproceedings{CYCADA,
  author    = {Judy Hoffman and
               Eric Tzeng and
               Taesung Park and
               Jun{-}Yan Zhu and
               Phillip Isola and
               Kate Saenko and
               Alexei A. Efros and
               Trevor Darrell},
  title     = {CyCADA: Cycle-Consistent Adversarial Domain Adaptation},
  booktitle = {ICML},
  pages     = {1994--2003},
  year      = {2018}
}

@inproceedings{CoGAN,
  author    = {Ming{-}Yu Liu and
               Oncel Tuzel},
  title     = {Coupled Generative Adversarial Networks},
  booktitle = {NeurIPS},
  pages     = {469--477},
  year      = {2016}
}

@inproceedings{CondAdvDA,
  author    = {Mingsheng Long and
               Zhangjie Cao and
               Jianmin Wang and
               Michael I. Jordan},
  title     = {Conditional Adversarial Domain Adaptation},
  booktitle = {NeurIPS},
  pages     = {1647--1657},
  year      = {2018},
}

@inproceedings{CycleGAN,
  author    = {Jun{-}Yan Zhu and
               Taesung Park and
               Phillip Isola and
               Alexei A. Efros},
  title     = {Unpaired Image-to-Image Translation Using Cycle-Consistent Adversarial
               Networks},
  booktitle = {ICCV},
  pages     = {2242--2251},
  year      = {2017}
}

@inproceedings{DAN,
  title={Learning transferable features with deep adaptation networks},
  author={Long, Mingsheng and Cao, Yue and Wang, Jianmin and Jordan, Michael},
  booktitle={ICML},
  pages={97--105},
  year={2015}
}

@article{DANN,
  author    = {Yaroslav Ganin and
               Evgeniya Ustinova and
               Hana Ajakan and
               Pascal Germain and
               Hugo Larochelle and
               Fran{\c{c}}ois Laviolette and
               Mario Marchand and
               Victor S. Lempitsky},
  title     = {Domain-Adversarial Training of Neural Networks},
  journal   = {JMLR},
  volume    = {17},
  pages     = {59:1--59:35},
  year      = {2016}
}

@article{DDC,
  author    = {Eric Tzeng and
               Judy Hoffman and
               Ning Zhang and
               Kate Saenko and
               Trevor Darrell},
  title     = {Deep Domain Confusion: Maximizing for Domain Invariance},
  journal   = {CoRR},
  volume    = {abs/1412.3474},
  year      = {2014}
}

@inproceedings{DIRT-T,
  author    = {Rui Shu and
               Hung H. Bui and
               Hirokazu Narui and
               Stefano Ermon},
  title     = {A {DIRT-T} Approach to Unsupervised Domain Adaptation},
  booktitle   = {ICLR},
  year      = {2018}
}

@inproceedings{DSN,
  title={Domain separation networks},
  author={Bousmalis, Konstantinos and Trigeorgis, George and Silberman, Nathan and Krishnan, Dilip and Erhan, Dumitru},
  booktitle={NeurIPS},
  pages={343--351},
  year={2016}
}

@inproceedings{DTN,
  author    = {Yaniv Taigman and
               Adam Polyak and
               Lior Wolf},
  title     = {Unsupervised Cross-Domain Image Generation},
  booktitle = {ICLR},
  year      = {2017}
}

@inproceedings{DeepCoral,
  title={Deep coral: Correlation alignment for deep domain adaptation},
  author={Sun, Baochen and Saenko, Kate},
  booktitle={ECCV Workshops},
  pages={443--450},
  year={2016}
}

@inproceedings{DiscoGAN,
  author    = {Taeksoo Kim and
               Moonsu Cha and
               Hyunsoo Kim and
               Jung Kwon Lee and
               Jiwon Kim},
  title     = {Learning to Discover Cross-Domain Relations with Generative Adversarial
               Networks},
  booktitle = {ICML},
  pages     = {1857--1865},
  year      = {2017}
}

@inproceedings{DualGAN,
  author    = {Zili Yi and
               Hao (Richard) Zhang and
               Ping Tan and
               Minglun Gong},
  title     = {DualGAN: Unsupervised Dual Learning for Image-to-Image Translation},
  booktitle = {ICCV},
  pages     = {2868--2876},
  year      = {2017}
}

@inproceedings{DuplexGAN,
  author    = {Lanqing Hu and
               Meina Kan and
               Shiguang Shan and
               Xilin Chen},
  title     = {Duplex Generative Adversarial Network for Unsupervised Domain Adaptation},
  booktitle = {CVPR},
  pages     = {1498--1507},
  year      = {2018}
}

@inproceedings{GAN,
  author    = {Ian J. Goodfellow and
               Jean Pouget{-}Abadie and
               Mehdi Mirza and
               Bing Xu and
               David Warde{-}Farley and
               Sherjil Ozair and
               Aaron C. Courville and
               Yoshua Bengio},
  title     = {Generative Adversarial Nets},
  booktitle = {NeurIPS},
  pages     = {2672--2680},
  year      = {2014}
}

@inproceedings{GenToAdapt,
  author    = {Swami Sankaranarayanan and
               Yogesh Balaji and
               Carlos D. Castillo and
               Rama Chellappa},
  title     = {Generate to Adapt: Aligning Domains Using Generative Adversarial Networks},
  booktitle = {CVPR},
  pages     = {8503--8512},
  year      = {2018}
}

@inproceedings{JAN,
  author    = {Mingsheng Long and
               Han Zhu and
               Jianmin Wang and
               Michael I. Jordan},
  title     = {Deep Transfer Learning with Joint Adaptation Networks},
  booktitle = {ICML},
  pages     = {2208--2217},
  year      = {2017}
}

@inproceedings{KernelMMD,
  author    = {Arthur Gretton and
               Bharath K. Sriperumbudur and
               Dino Sejdinovic and
               Heiko Strathmann and
               Sivaraman Balakrishnan and
               Massimiliano Pontil and
               Kenji Fukumizu},
  title     = {Optimal kernel choice for large-scale two-sample tests},
  booktitle = {NeurIPS},
  pages     = {1214--1222},
  year      = {2012}
}

@inproceedings{LearnSemanticRepresentation,
  author    = {Shaoan Xie and
               Zibin Zheng and
               Liang Chen and
               Chuan Chen},
  title     = {Learning Semantic Representations for Unsupervised Domain Adaptation},
  booktitle = {ICML},
  pages     = {5419--5428},
  year      = {2018}
}

@inproceedings{LearningWoForget,
  author    = {Zhizhong Li and
               Derek Hoiem},
  editor    = {Bastian Leibe and
               Jiri Matas and
               Nicu Sebe and
               Max Welling},
  title     = {Learning Without Forgetting},
  booktitle = {ECCV},
  volume    = {9908},
  pages     = {614--629},
  year      = {2016}
}

@inproceedings{LearningWoMemorize,
  author    = {Prithviraj Dhar and
               Rajat Vikram Singh and
               Kuan{-}Chuan Peng and
               Ziyan Wu and
               Rama Chellappa},
  title     = {Learning Without Memorizing},
  booktitle = {CVPR},
  pages     = {5138--5146},
  year      = {2019}
}

@inproceedings{MADA,
  author    = {Zhongyi Pei and
               Zhangjie Cao and
               Mingsheng Long and
               Jianmin Wang},
  title     = {Multi-Adversarial Domain Adaptation},
  booktitle = {AAAI},
  pages     = {3934--3941},
  year      = {2018}
}

@inproceedings{MCD,
  author    = {Kuniaki Saito and
               Kohei Watanabe and
               Yoshitaka Ushiku and
               Tatsuya Harada},
  title     = {Maximum Classifier Discrepancy for Unsupervised Domain Adaptation},
  booktitle = {CVPR},
  pages     = {3723--3732},
  year      = {2018}
}

@inproceedings{Pix2Pix,
  author    = {Phillip Isola and
               Jun{-}Yan Zhu and
               Tinghui Zhou and
               Alexei A. Efros},
  title     = {Image-to-Image Translation with Conditional Adversarial Networks},
  booktitle = {CVPR},
  pages     = {5967--5976},
  year      = {2017},
}

@inproceedings{PixelDA,
  author    = {Konstantinos Bousmalis and
               Nathan Silberman and
               David Dohan and
               Dumitru Erhan and
               Dilip Krishnan},
  title     = {Unsupervised Pixel-Level Domain Adaptation with Generative Adversarial
               Networks},
  booktitle = {CVPR},
  pages     = {95--104},
  year      = {2017}
}

@inproceedings{RevGral,
  author    = {Yaroslav Ganin and
               Victor S. Lempitsky},
  title     = {Unsupervised Domain Adaptation by Backpropagation},
  booktitle = {ICML},
  pages     = {1180--1189},
  year      = {2015}
}

@inproceedings{SWD,
  author    = {Chen{-}Yu Lee and
               Tanmay Batra and
               Mohammad Haris Baig and
               Daniel Ulbricht},
  title     = {Sliced Wasserstein Discrepancy for Unsupervised Domain Adaptation},
  booktitle = {CVPR},
  pages     = {10285--10295},
  year      = {2019}
}

@inproceedings{SemiSupervisedDA,
  author    = {Ting Yao and
               Yingwei Pan and
               Chong{-}Wah Ngo and
               Houqiang Li and
               Tao Mei},
  title     = {Semi-supervised Domain Adaptation with Subspace Learning for visual
               recognition},
  booktitle = {CVPR},
  pages     = {2142--2150},
  year      = {2015}
}

@inproceedings{SimGAN,
  author    = {Ashish Shrivastava and
               Tomas Pfister and
               Oncel Tuzel and
               Joshua Susskind and
               Wenda Wang and
               Russell Webb},
  title     = {Learning from Simulated and Unsupervised Images through Adversarial
               Training},
  booktitle = {CVPR},
  pages     = {2242--2251},
  year      = {2017}
}

@inproceedings{SimilarityUDA,
  title={Unsupervised domain adaptation with similarity learning},
  author={Pinheiro, Pedro O and Element, AI},
  booktitle={CVPR},
  pages={8004--8013},
  year={2018}
}

@article{TheoryDA,
  author    = {Shai Ben{-}David and
               John Blitzer and
               Koby Crammer and
               Alex Kulesza and
               Fernando Pereira and
               Jennifer Wortman Vaughan},
  title     = {A theory of learning from different domains},
  journal   = {Machine Learning},
  volume    = {79},
  number    = {1-2},
  pages     = {151--175},
  year      = {2010}
}

@inproceedings{UNIT,
  author    = {Ming{-}Yu Liu and
               Thomas Breuel and
               Jan Kautz},
  title     = {Unsupervised Image-to-Image Translation Networks},
  booktitle = {NeurIPS},
  pages     = {700--708},
  year      = {2017}
}

@inproceedings{UniversalDA,
  author    = {Kaichao You and
               Mingsheng Long and
               Zhangjie Cao and
               Jianmin Wang and
               Michael I. Jordan},
  title     = {Universal Domain Adaptation},
  booktitle = {CVPR},
  pages     = {2720--2729},
  year      = {2019}
}

@inproceedings{colearn,
  author    = {Si Wu and
               Jian Zhong and
               Wenming Cao and
               Rui Li and
               Zhiwen Yu and
               Hau-San Wong},
  title     = {Improving Domain-Specific Classification by Collaborative Learning with Adaptation Networks},
  booktitle = {AAAI},
  year      = {2019}
}

