@misc{IRAHUL,
	author = {Rahul ,Sasi},
	title = {Drone Attacks: How I hijacked a drone},
	year = {2015},
	organization = {NULLCON},
}

@article{abdel2024multiobjective,
  title={A Multiobjective Optimization Algorithm for Safety and Optimality of 3-D Route Planning in UAV},
  author={Abdel-Basset, Mohamed and Mohamed, Reda and Sallam, Karam M and Hezam, Ibrahim M and Munasinghe, Kumudu and Jamalipour, Abbas},
  journal={IEEE Transactions on Aerospace and Electronic Systems},
  year={2024},
  publisher={IEEE}
}

@misc{ardupilot,
  title = {{Ardupilo}},
  howpublished = "\url{https://ardupilot.
org/ardupilot/}",
  year = {},
  note ={} 
}

@inproceedings{bonior2017implementation,
  title={Implementation of a wireless time distribution testbed protected with quantum key distribution},
  author={Bonior, Jason and Evans, Philip and Sheets, Greg and Jones, John Paul and Flynn, Toby and O'Neil, Lori Ross and Hutton, William and Pratt, Richard and Carroll, Thomas},
  booktitle={2017 IEEE Wireless Communications and Networking Conference (WCNC)},
  pages={1--6},
  year={2017},
  organization={IEEE}
}

@article{carvalho1997optimal,
  title={Optimal nonlinear filtering in GPS/INS integration},
  author={Carvalho, Himilcon and Del Moral, Pierre and Monin, Andr{\'e} and Salut, G{\'e}rard},
  journal={IEEE Transactions on Aerospace and Electronic Systems},
  volume={33},
  number={3},
  pages={835--850},
  year={1997},
  publisher={IEEE}
}

@article{ceccato2021generalized,
  title={Generalized likelihood ratio test for GNSS spoofing detection in devices with IMU},
  author={Ceccato, Marco and Formaggio, Francesco and Laurenti, Nicola and Tomasin, Stefano},
  journal={IEEE Transactions on Information Forensics and Security},
  volume={16},
  pages={3496--3509},
  year={2021},
  publisher={IEEE}
}

@article{davison2007monoslam,
  title={MonoSLAM: Real-time single camera SLAM},
  author={Davison, Andrew J and Reid, Ian D and Molton, Nicholas D and Stasse, Olivier},
  journal={IEEE transactions on pattern analysis and machine intelligence},
  volume={29},
  number={6},
  pages={1052--1067},
  year={2007},
  publisher={IEEE}
}

@misc{dji,
  title = {{DJI Drone Flight Logs, Photos and Videos Exposed to Unauthorized Access}},
  howpublished = "\url{https://www.bleepingcomputer.com/news/security/dji-drone-flight-logs-photos-and-videos-exposed-to-unauthorized-access/}",
  year = {},
  author = {Ionut Ilascu},
  note ={}
}

@article{eckenhoff2021mimc,
  title={MIMC-VINS: A versatile and resilient multi-IMU multi-camera visual-inertial navigation system},
  author={Eckenhoff, Kevin and Geneva, Patrick and Huang, Guoquan},
  journal={IEEE Transactions on Robotics},
  volume={37},
  number={5},
  pages={1360--1380},
  year={2021},
  publisher={IEEE}
}

@article{forster2016svo,
  title={SVO: Semidirect visual odometry for monocular and multicamera systems},
  author={Forster, Christian and Zhang, Zichao and Gassner, Michael and Werlberger, Manuel and Scaramuzza, Davide},
  journal={IEEE Transactions on Robotics},
  volume={33},
  number={2},
  pages={249--265},
  year={2016},
  publisher={IEEE}
}

@article{han2022ads,
  title={ADS-lead: Lifelong anomaly detection in autonomous driving systems},
  author={Han, Xingshuo and Zhou, Yuan and Chen, Kangjie and Qiu, Han and Qiu, Meikang and Liu, Yang and Zhang, Tianwei},
  journal={IEEE Transactions on Intelligent Transportation Systems},
  volume={24},
  number={1},
  pages={1039--1051},
  year={2022},
  publisher={IEEE}
}

@article{he2018friendly,
	title={A friendly and low-cost technique for capturing non-cooperative civilian unmanned aerial vehicles},
	author={He, Daojing and Qiao, Yinrong and Chen, Shiqing and Du, Xiao and Chen, Wenjie and Zhu, Sencun and Guizani, Mohsen},
	journal={IEEE Network},
	volume={33},
	number={2},
	pages={146--151},
	year={2018},
	publisher={IEEE}
}

@article{kerns2014unmanned,
	title={Unmanned aircraft capture and control via GPS spoofing},
	author={Kerns, Andrew J and Shepard, Daniel P and Bhatti, Jahshan A and Humphreys, Todd E},
	journal={Journal of Field Robotics},
	volume={31},
	number={4},
	pages={617--636},
	year={2014},
	publisher={Wiley Online Library}
}

@article{khazraei2024black,
  title={Black-box Stealthy GPS Attacks on Unmanned Aerial Vehicles},
  author={Khazraei, Amir and Meng, Haocheng and Pajic, Miroslav},
  journal={arXiv preprint arXiv:2409.11405},
  year={2024}
}

@inproceedings{liang2019detection,
  title={Detection of GPS spoofing attack on unmanned aerial vehicle system},
  author={Liang, Chen and Miao, Meixia and Ma, Jianfeng and Yan, Hongyan and Zhang, Qun and Li, Xinghua and Li, Teng},
  booktitle={Machine Learning for Cyber Security: Second International Conference, ML4CS 2019, Xiâ€™an, China, September 19-21, 2019, Proceedings 2},
  pages={123--139},
  year={2019},
  organization={Springer}
}

@article{ma2024novel,
  title={A Novel Navigation Spoofing Algorithm for UAV Based on GPS/INS-Integrated Navigation},
  author={Ma, Xiaomeng and Gao, Meiguo and Zhao, Yangguang and Yu, Mohan},
  journal={IEEE Transactions on Vehicular Technology},
  year={2024},
  publisher={IEEE}
}

@article{nguyen2021miliom,
  title={Miliom: Tightly coupled multi-input lidar-inertia odometry and mapping},
  author={Nguyen, Thien-Minh and Yuan, Shenghai and Cao, Muqing and Yang, Lyu and Nguyen, Thien Hoang and Xie, Lihua},
  journal={IEEE Robotics and Automation Letters},
  volume={6},
  number={3},
  pages={5573--5580},
  year={2021},
  publisher={IEEE}
}

@misc{px4,
  title = {{PX4}},
  howpublished = "\url{https://github.com/PX4/
PX4-Autopilot/}",
  year = {},
  note ={} 
}

@article{qi2002direct,
  title={Direct Kalman filtering approach for GPS/INS integration},
  author={Qi, Honghui and Moore, John B},
  journal={IEEE Transactions on Aerospace and Electronic Systems},
  volume={38},
  number={2},
  pages={687--693},
  year={2002},
  publisher={IEEE}
}

@article{qin2018vins,
  title={Vins-mono: A robust and versatile monocular visual-inertial state estimator},
  author={Qin, Tong and Li, Peiliang and Shen, Shaojie},
  journal={IEEE transactions on robotics},
  volume={34},
  number={4},
  pages={1004--1020},
  year={2018},
  publisher={IEEE}
}

@inproceedings{shen2020drift,
  title={Drift with devil: Security of multi-sensor fusion based localization in high-level autonomous driving under GPS spoofing},
  author={Shen, Junjie and Won, Jun Yeon and Chen, Zeyuan and Chen, Qi Alfred},
  booktitle={Proceedings of the 29th USENIX Conference on Security Symposium},
  pages={931--948},
  year={2020}
}

@article{tang2023gan,
  title={GAN-based robust motion planning for mobile robots against localization attacks},
  author={Tang, Wenbing and Zhou, Yuan and Sun, Haiying and Zhang, Yuhong and Liu, Yang and Ding, Zuohua and Liu, Jing and He, Jifeng},
  journal={IEEE Robotics and Automation Letters},
  volume={8},
  number={3},
  pages={1603--1610},
  year={2023},
  publisher={IEEE}
}

@inproceedings{vervisch2017influence,
	title={Influence of gnss spoofing on drone in automatic flight mode},
	author={Vervisch-Picois, Alexandre and Samama, Nel and Taillandier-Loize, Thierry},
	booktitle={ITSNT 2017: 4th International Symposium of Navigation and Timing},
	pages={1--9},
	year={2017},
	organization={Ecole nationale de l'aviation civile}
}

@article{xu2021novel,
  title={Novel denial-of-service attacks against cloud-based multi-robot systems},
  author={Xu, Yuan and Deng, Gelei and Zhang, Tianwei and Qiu, Han and Bao, Yungang},
  journal={Information Sciences},
  volume={576},
  pages={329--344},
  year={2021},
  publisher={Elsevier}
}

@article{xu2022fast,
  title={Fast-lio2: Fast direct lidar-inertial odometry},
  author={Xu, Wei and Cai, Yixi and He, Dongjiao and Lin, Jiarong and Zhang, Fu},
  journal={IEEE Transactions on Robotics},
  volume={38},
  number={4},
  pages={2053--2073},
  year={2022},
  publisher={IEEE}
}

@article{yang2021secure,
  title={A secure sensor fusion framework for connected and automated vehicles under sensor attacks},
  author={Yang, Tianci and Lv, Chen},
  journal={IEEE Internet of Things Journal},
  volume={9},
  number={22},
  pages={22357--22365},
  year={2021},
  publisher={IEEE}
}

@inproceedings{zhang2014loam,
  title={LOAM: Lidar odometry and mapping in real-time.},
  author={Zhang, Ji and Singh, Sanjiv and others},
  booktitle={Robotics: Science and systems},
  volume={2},
  number={9},
  pages={1--9},
  year={2014},
  organization={Berkeley, CA}
}

