@article{tang2023gan,
  title={GAN-based robust motion planning for mobile robots against localization attacks},
  author={Tang, Wenbing and Zhou, Yuan and Sun, Haiying and Zhang, Yuhong and Liu, Yang and Ding, Zuohua and Liu, Jing and He, Jifeng},
  journal={IEEE Robotics and Automation Letters},
  volume={8},
  number={3},
  pages={1603--1610},
  year={2023},
  publisher={IEEE}
}

@misc{IRAHUL,
	author = {Rahul ,Sasi},
	title = {Drone Attacks: How I hijacked a drone},
	year = {2015},
	organization = {NULLCON},
}

@misc{dji,
  title = {{DJI Drone Flight Logs, Photos and Videos Exposed to Unauthorized Access}},
  howpublished = "\url{https://www.bleepingcomputer.com/news/security/dji-drone-flight-logs-photos-and-videos-exposed-to-unauthorized-access/}",
  year = {},
  author = {Ionut Ilascu},
  note ={}
}

@article{kerns2014unmanned,
	title={Unmanned aircraft capture and control via GPS spoofing},
	author={Kerns, Andrew J and Shepard, Daniel P and Bhatti, Jahshan A and Humphreys, Todd E},
	journal={Journal of Field Robotics},
	volume={31},
	number={4},
	pages={617--636},
	year={2014},
	publisher={Wiley Online Library}
}
@inproceedings{vervisch2017influence,
	title={Influence of gnss spoofing on drone in automatic flight mode},
	author={Vervisch-Picois, Alexandre and Samama, Nel and Taillandier-Loize, Thierry},
	booktitle={ITSNT 2017: 4th International Symposium of Navigation and Timing},
	pages={1--9},
	year={2017},
	organization={Ecole nationale de l'aviation civile}
}
@article{he2018friendly,
	title={A friendly and low-cost technique for capturing non-cooperative civilian unmanned aerial vehicles},
	author={He, Daojing and Qiao, Yinrong and Chen, Shiqing and Du, Xiao and Chen, Wenjie and Zhu, Sencun and Guizani, Mohsen},
	journal={IEEE Network},
	volume={33},
	number={2},
	pages={146--151},
	year={2018},
	publisher={IEEE}
}

@inproceedings{shen2020drift,
  title={Drift with devil: Security of multi-sensor fusion based localization in high-level autonomous driving under GPS spoofing},
  author={Shen, Junjie and Won, Jun Yeon and Chen, Zeyuan and Chen, Qi Alfred},
  booktitle={Proceedings of the 29th USENIX Conference on Security Symposium},
  pages={931--948},
  year={2020}
}

@inproceedings{chen2022clean,
  title={Clean-image backdoor: Attacking multi-label models with poisoned labels only},
  author={Chen, Kangjie and Lou, Xiaoxuan and Xu, Guowen and Li, Jiwei and Zhang, Tianwei},
  booktitle={The Eleventh International Conference on Learning Representations},
  year={2022}
}

@article{wang2023survey,
  title={A survey on cybersecurity attacks and defenses for unmanned aerial systems},
  author={Wang, Zhaoxuan and Li, Yang and Wu, Shihao and Zhou, Yuan and Yang, Libin and Xu, Yuan and Zhang, Tianwei and Pan, Quan},
  journal={Journal of Systems Architecture},
  volume={138},
  pages={102870},
  year={2023},
  publisher={Elsevier}
}

@article{xu2021novel,
  title={Novel denial-of-service attacks against cloud-based multi-robot systems},
  author={Xu, Yuan and Deng, Gelei and Zhang, Tianwei and Qiu, Han and Bao, Yungang},
  journal={Information Sciences},
  volume={576},
  pages={329--344},
  year={2021},
  publisher={Elsevier}
}

@article{qi2002direct,
  title={Direct Kalman filtering approach for GPS/INS integration},
  author={Qi, Honghui and Moore, John B},
  journal={IEEE Transactions on Aerospace and Electronic Systems},
  volume={38},
  number={2},
  pages={687--693},
  year={2002},
  publisher={IEEE}
}
@article{abdel2024multiobjective,
  title={A Multiobjective Optimization Algorithm for Safety and Optimality of 3-D Route Planning in UAV},
  author={Abdel-Basset, Mohamed and Mohamed, Reda and Sallam, Karam M and Hezam, Ibrahim M and Munasinghe, Kumudu and Jamalipour, Abbas},
  journal={IEEE Transactions on Aerospace and Electronic Systems},
  year={2024},
  publisher={IEEE}
}
@inproceedings{zhang2014loam,
  title={LOAM: Lidar odometry and mapping in real-time.},
  author={Zhang, Ji and Singh, Sanjiv and others},
  booktitle={Robotics: Science and systems},
  volume={2},
  number={9},
  pages={1--9},
  year={2014},
  organization={Berkeley, CA}
}
@article{qin2018vins,
  title={Vins-mono: A robust and versatile monocular visual-inertial state estimator},
  author={Qin, Tong and Li, Peiliang and Shen, Shaojie},
  journal={IEEE transactions on robotics},
  volume={34},
  number={4},
  pages={1004--1020},
  year={2018},
  publisher={IEEE}
}
@article{eckenhoff2021mimc,
  title={MIMC-VINS: A versatile and resilient multi-IMU multi-camera visual-inertial navigation system},
  author={Eckenhoff, Kevin and Geneva, Patrick and Huang, Guoquan},
  journal={IEEE Transactions on Robotics},
  volume={37},
  number={5},
  pages={1360--1380},
  year={2021},
  publisher={IEEE}
}
@article{davison2007monoslam,
  title={MonoSLAM: Real-time single camera SLAM},
  author={Davison, Andrew J and Reid, Ian D and Molton, Nicholas D and Stasse, Olivier},
  journal={IEEE transactions on pattern analysis and machine intelligence},
  volume={29},
  number={6},
  pages={1052--1067},
  year={2007},
  publisher={IEEE}
}
@article{forster2016svo,
  title={SVO: Semidirect visual odometry for monocular and multicamera systems},
  author={Forster, Christian and Zhang, Zichao and Gassner, Michael and Werlberger, Manuel and Scaramuzza, Davide},
  journal={IEEE Transactions on Robotics},
  volume={33},
  number={2},
  pages={249--265},
  year={2016},
  publisher={IEEE}
}
@article{xu2022fast,
  title={Fast-lio2: Fast direct lidar-inertial odometry},
  author={Xu, Wei and Cai, Yixi and He, Dongjiao and Lin, Jiarong and Zhang, Fu},
  journal={IEEE Transactions on Robotics},
  volume={38},
  number={4},
  pages={2053--2073},
  year={2022},
  publisher={IEEE}
}
@article{nguyen2021miliom,
  title={Miliom: Tightly coupled multi-input lidar-inertia odometry and mapping},
  author={Nguyen, Thien-Minh and Yuan, Shenghai and Cao, Muqing and Yang, Lyu and Nguyen, Thien Hoang and Xie, Lihua},
  journal={IEEE Robotics and Automation Letters},
  volume={6},
  number={3},
  pages={5573--5580},
  year={2021},
  publisher={IEEE}
}
@article{carvalho1997optimal,
  title={Optimal nonlinear filtering in GPS/INS integration},
  author={Carvalho, Himilcon and Del Moral, Pierre and Monin, Andr{\'e} and Salut, G{\'e}rard},
  journal={IEEE Transactions on Aerospace and Electronic Systems},
  volume={33},
  number={3},
  pages={835--850},
  year={1997},
  publisher={IEEE}
}
@article{rawat2015detection,
  title={Detection of false data injection attacks in smart grid communication systems},
  author={Rawat, Danda B and Bajracharya, Chandra},
  journal={IEEE Signal Processing Letters},
  volume={22},
  number={10},
  pages={1652--1656},
  year={2015},
  publisher={IEEE}
}
@inproceedings{quinonez2020savior,
  title={$\{$SAVIOR$\}$: Securing autonomous vehicles with robust physical invariants},
  author={Quinonez, Raul and Giraldo, Jairo and Salazar, Luis and Bauman, Erick and Cardenas, Alvaro and Lin, Zhiqiang},
  booktitle={29th USENIX security symposium (USENIX Security 20)},
  pages={895--912},
  year={2020}
}

@inproceedings{choi2018detecting,
  title={Detecting attacks against robotic vehicles: A control invariant approach},
  author={Choi, Hongjun and Lee, Wen-Chuan and Aafer, Yousra and Fei, Fan and Tu, Zhan and Zhang, Xiangyu and Xu, Dongyan and Deng, Xinyan},
  booktitle={Proceedings of the 2018 ACM SIGSAC Conference on Computer and Communications Security},
  pages={801--816},
  year={2018}
}
@inproceedings{schreiber2016vehicle,
  title={Vehicle localization with tightly coupled GNSS and visual odometry},
  author={Schreiber, Markus and K{\"o}nigshof, Hendrik and Hellmund, Andr{\'e}-Marcel and Stiller, Christoph},
  booktitle={2016 IEEE Intelligent Vehicles Symposium (IV)},
  pages={858--863},
  year={2016},
  organization={IEEE}
}
@inproceedings{han2024backdooring,
  title={Backdooring multimodal learning},
  author={Han, Xingshuo and Wu, Yutong and Zhang, Qingjie and Zhou, Yuan and Xu, Yuan and Qiu, Han and Xu, Guowen and Zhang, Tianwei},
  booktitle={2024 IEEE Symposium on Security and Privacy (SP)},
  pages={3385--3403},
  year={2024},
  organization={IEEE}
}
@inproceedings{han2022physical,
  title={Physical backdoor attacks to lane detection systems in autonomous driving},
  author={Han, Xingshuo and Xu, Guowen and Zhou, Yuan and Yang, Xuehuan and Li, Jiwei and Zhang, Tianwei},
  booktitle={Proceedings of the 30th ACM International Conference on Multimedia},
  pages={2957--2968},
  year={2022}
}
@article{piche2016online,
  title={Online tests of Kalman filter consistency},
  author={Pich{\'e}, Robert},
  journal={International Journal of Adaptive Control and Signal Processing},
  volume={30},
  number={1},
  pages={115--124},
  year={2016},
  publisher={Wiley Online Library}
}
@article{khazraei2024black,
  title={Black-box Stealthy GPS Attacks on Unmanned Aerial Vehicles},
  author={Khazraei, Amir and Meng, Haocheng and Pajic, Miroslav},
  journal={arXiv preprint arXiv:2409.11405},
  year={2024}
}
@article{ma2024novel,
  title={A Novel Navigation Spoofing Algorithm for UAV Based on GPS/INS-Integrated Navigation},
  author={Ma, Xiaomeng and Gao, Meiguo and Zhao, Yangguang and Yu, Mohan},
  journal={IEEE Transactions on Vehicular Technology},
  year={2024},
  publisher={IEEE}
}
@misc{px4,
  title = {{PX4}},
  howpublished = "\url{https://github.com/PX4/
PX4-Autopilot/}",
  year = {},
  note ={} 
}
@misc{ardupilot,
  title = {{Ardupilo}},
  howpublished = "\url{https://ardupilot.
org/ardupilot/}",
  year = {},
  note ={} 
}
@misc{eclekf2,
  title = {{ECL EKF2}},
  howpublished = "\url{https://github.com/PX4/PX4-ECL/}",
  year = {},
  note ={} 
}
@inproceedings{zhang2022adversarial,
  title={On adversarial robustness of trajectory prediction for autonomous vehicles},
  author={Zhang, Qingzhao and Hu, Shengtuo and Sun, Jiachen and Chen, Qi Alfred and Mao, Z Morley},
  booktitle={Proceedings of the IEEE/CVF Conference on Computer Vision and Pattern Recognition},
  pages={15159--15168},
  year={2022}
}
@article{wu2023highly,
  title={A highly interpretable framework for generic low-cost UAV attack detection},
  author={Wu, Shihao and Li, Yang and Wang, Zhaoxuan and Tan, Zheng and Pan, Quan},
  journal={IEEE Sensors Journal},
  volume={23},
  number={7},
  pages={7288--7300},
  year={2023},
  publisher={IEEE}
}
@article{liu2023rpau,
  title={RPAU: Fooling the eyes of UAVs via physical adversarial patches},
  author={Liu, Taifeng and Yang, Chao and Liu, Xinjing and Han, Ruidong and Ma, Jianfeng},
  journal={IEEE Transactions on Intelligent Transportation Systems},
  volume={25},
  number={3},
  pages={2586--2598},
  year={2023},
  publisher={IEEE}
}
@article{wei2024survey,
  title={A Survey on Security of Unmanned Aerial Vehicle Systems: Attacks and Countermeasures},
  author={Wei, Xiaomin and Ma, Jianfeng and Sun, Cong},
  journal={IEEE Internet of Things Journal},
  year={2024},
  publisher={IEEE}
}
@inproceedings{liang2019detection,
  title={Detection of GPS spoofing attack on unmanned aerial vehicle system},
  author={Liang, Chen and Miao, Meixia and Ma, Jianfeng and Yan, Hongyan and Zhang, Qun and Li, Xinghua and Li, Teng},
  booktitle={Machine Learning for Cyber Security: Second International Conference, ML4CS 2019, Xi’an, China, September 19-21, 2019, Proceedings 2},
  pages={123--139},
  year={2019},
  organization={Springer}
}
@inproceedings{chenbadpre,
  title={BadPre: Task-agnostic Backdoor Attacks to Pre-trained NLP Foundation Models},
  author={Chen, Kangjie and Meng, Yuxian and Sun, Xiaofei and Guo, Shangwei and Zhang, Tianwei and Li, Jiwei and Fan, Chun},
  booktitle={International Conference on Learning Representations},
  year={2022s}
}
@inproceedings{bonior2017implementation,
  title={Implementation of a wireless time distribution testbed protected with quantum key distribution},
  author={Bonior, Jason and Evans, Philip and Sheets, Greg and Jones, John Paul and Flynn, Toby and O'Neil, Lori Ross and Hutton, William and Pratt, Richard and Carroll, Thomas},
  booktitle={2017 IEEE Wireless Communications and Networking Conference (WCNC)},
  pages={1--6},
  year={2017},
  organization={IEEE}
}
@article{han2022ads,
  title={ADS-lead: Lifelong anomaly detection in autonomous driving systems},
  author={Han, Xingshuo and Zhou, Yuan and Chen, Kangjie and Qiu, Han and Qiu, Meikang and Liu, Yang and Zhang, Tianwei},
  journal={IEEE Transactions on Intelligent Transportation Systems},
  volume={24},
  number={1},
  pages={1039--1051},
  year={2022},
  publisher={IEEE}
}
@article{yang2021secure,
  title={A secure sensor fusion framework for connected and automated vehicles under sensor attacks},
  author={Yang, Tianci and Lv, Chen},
  journal={IEEE Internet of Things Journal},
  volume={9},
  number={22},
  pages={22357--22365},
  year={2021},
  publisher={IEEE}
}
@inproceedings{kim2018low,
  title={Low-cost software-defined GPS simulator with the capability of time synchronization},
  author={Kim, Woohyun and Seo, Jiwon},
  booktitle={2018 18th International Conference on Control, Automation and Systems (ICCAS)},
  pages={1087--1090},
  year={2018},
  organization={IEEE}
}
@article{ceccato2021generalized,
  title={Generalized likelihood ratio test for GNSS spoofing detection in devices with IMU},
  author={Ceccato, Marco and Formaggio, Francesco and Laurenti, Nicola and Tomasin, Stefano},
  journal={IEEE Transactions on Information Forensics and Security},
  volume={16},
  pages={3496--3509},
  year={2021},
  publisher={IEEE}
}
@inproceedings{fei2020learn,
  title={Learn-to-recover: Retrofitting uavs with reinforcement learning-assisted flight control under cyber-physical attacks},
  author={Fei, Fan and Tu, Zhan and Xu, Dongyan and Deng, Xinyan},
  booktitle={2020 IEEE International Conference on Robotics and Automation (ICRA)},
  pages={7358--7364},
  year={2020},
  organization={IEEE}
}