@inproceedings{abe2004iterative,
  title={An iterative method for multi-class cost-sensitive learning},
  author={Abe, Naoki and Zadrozny, Bianca and Langford, John},
  booktitle={Proceedings of the tenth ACM SIGKDD international conference on Knowledge discovery and data mining},
  pages={3--11},
  year={2004}
}

@article{chen2023frugalgpt,
  title={Frugalgpt: How to use large language models while reducing cost and improving performance},
  author={Chen, Lingjiao and Zaharia, Matei and Zou, James},
  journal={arXiv preprint arXiv:2305.05176},
  year={2023}
}

@article{chung2015cost,
  title={Cost-aware pre-training for multiclass cost-sensitive deep learning},
  author={Chung, Yu-An and Lin, Hsuan-Tien and Yang, Shao-Wen},
  journal={arXiv preprint arXiv:1511.09337},
  year={2015}
}

@article{ding2024hybrid,
  title={Hybrid LLM: Cost-efficient and quality-aware query routing},
  author={Ding, Dujian and Mallick, Ankur and Wang, Chi and Sim, Robert and Mukherjee, Subhabrata and Ruhle, Victor and Lakshmanan, Laks VS and Awadallah, Ahmed Hassan},
  journal={arXiv preprint arXiv:2404.14618},
  year={2024}
}

@article{gupta2024language,
  title={Language Model Cascades: Token-level uncertainty and beyond},
  author={Gupta, Neha and Narasimhan, Harikrishna and Jitkrittum, Wittawat and Rawat, Ankit Singh and Menon, Aditya Krishna and Kumar, Sanjiv},
  journal={arXiv preprint arXiv:2404.10136},
  year={2024}
}

@inproceedings{jiang2023llm,
  title={LLM-Blender: Ensembling Large Language Models with Pairwise Ranking and Generative Fusion},
  author={Jiang, Dongfu and Ren, Xiang and Lin, Bill Yuchen},
  booktitle={Proceedings of the 61st Annual Meeting of the Association for Computational Linguistics (Volume 1: Long Papers)},
  pages={14165--14178},
  year={2023}
}

@inproceedings{lin2015reduction,
  title={Reduction from cost-sensitive multiclass classification to one-versus-one binary classification},
  author={Lin, Hsuan-Tien},
  booktitle={Asian Conference on Machine Learning},
  pages={371--386},
  year={2015},
  organization={PMLR}
}

@article{lu2023routing,
  title={Routing to the expert: Efficient reward-guided ensemble of large language models},
  author={Lu, Keming and Yuan, Hongyi and Lin, Runji and Lin, Junyang and Yuan, Zheng and Zhou, Chang and Zhou, Jingren},
  journal={arXiv preprint arXiv:2311.08692},
  year={2023}
}

@article{mao2024regression,
  title={Regression with Multi-Expert Deferral},
  author={Mao, Anqi and Mohri, Mehryar and Zhong, Yutao},
  journal={arXiv preprint arXiv:2403.19494},
  year={2024}
}

@article{narasimhan2024faster,
  title={Faster Cascades via Speculative Decoding},
  author={Narasimhan, Harikrishna and Jitkrittum, Wittawat and Rawat, Ankit Singh and Kim, Seungyeon and Gupta, Neha and Menon, Aditya Krishna and Kumar, Sanjiv},
  journal={arXiv preprint arXiv:2405.19261},
  year={2024}
}

@article{shnitzer2023large,
  title={Large language model routing with benchmark datasets},
  author={Shnitzer, Tal and Ou, Anthony and Silva, Mirian and Soule, Kate and Sun, Yuekai and Solomon, Justin and Thompson, Neil and Yurochkin, Mikhail},
  journal={arXiv preprint arXiv:2309.15789},
  year={2023}
}

@inproceedings{tu2010one,
  title={One-sided Support Vector Regression for Multiclass Cost-sensitive Classification.},
  author={Tu, Han-Hsing and Lin, Hsuan-Tien},
  booktitle={ICML},
  volume={2},
  number={4},
  pages={5},
  year={2010}
}

@inproceedings{verma2023learning,
  title={Learning to defer to multiple experts: Consistent surrogate losses, confidence calibration, and conformal ensembles},
  author={Verma, Rajeev and Barrej{\'o}n, Daniel and Nalisnick, Eric},
  booktitle={International Conference on Artificial Intelligence and Statistics},
  pages={11415--11434},
  year={2023},
  organization={PMLR}
}

@inproceedings{viola2001rapid,
  title={Rapid object detection using a boosted cascade of simple features},
  author={Viola, Paul and Jones, Michael},
  booktitle={Proceedings of the 2001 IEEE computer society conference on computer vision and pattern recognition. CVPR 2001},
  volume={1},
  pages={I--I},
  year={2001},
  organization={Ieee}
}

@article{wang2024cascade,
  title={Cascade-Aware Training of Language Models},
  author={Wang, Congchao and Augenstein, Sean and Rush, Keith and Jitkrittum, Wittawat and Narasimhan, Harikrishna and Rawat, Ankit Singh and Menon, Aditya Krishna and Go, Alec},
  journal={arXiv preprint arXiv:2406.00060},
  year={2024}
}

@article{yue2023large,
  title={Large language model cascades with mixture of thoughts representations for cost-efficient reasoning},
  author={Yue, Murong and Zhao, Jie and Zhang, Min and Du, Liang and Yao, Ziyu},
  journal={arXiv preprint arXiv:2310.03094},
  year={2023}
}

