@inproceedings{verma2023learning,
  title={Learning to defer to multiple experts: Consistent surrogate losses, confidence calibration, and conformal ensembles},
  author={Verma, Rajeev and Barrej{\'o}n, Daniel and Nalisnick, Eric},
  booktitle={International Conference on Artificial Intelligence and Statistics},
  pages={11415--11434},
  year={2023},
  organization={PMLR}
}

@inproceedings{tailor2024learning,
  title={Learning to Defer to a Population: A Meta-Learning Approach},
  author={Tailor, Dharmesh and Patra, Aditya and Verma, Rajeev and Manggala, Putra and Nalisnick, Eric},
  booktitle={International Conference on Artificial Intelligence and Statistics},
  pages={3475--3483},
  year={2024},
  organization={PMLR}
}

@article{madras2018predict,
  title={Predict responsibly: improving fairness and accuracy by learning to defer},
  author={Madras, David and Pitassi, Toni and Zemel, Richard},
  journal={Advances in neural information processing systems},
  volume={31},
  year={2018}
}

@inproceedings{kamar2016directions,
  title={Directions in Hybrid Intelligence: Complementing AI Systems with Human Intelligence.},
  author={Kamar, Ece},
  booktitle={IJCAI},
  pages={4070--4073},
  year={2016}
}

@article{dellermann2019hybrid,
  title={Hybrid intelligence},
  author={Dellermann, Dominik and Ebel, Philipp and S{\"o}llner, Matthias and Leimeister, Jan Marco},
  journal={Business \& Information Systems Engineering},
  volume={61},
  number={5},
  pages={637--643},
  year={2019},
  publisher={Springer}
}

@article{akata2020research,
  title={A research agenda for hybrid intelligence: augmenting human intellect with collaborative, adaptive, responsible, and explainable artificial intelligence},
  author={Akata, Zeynep and Balliet, Dan and De Rijke, Maarten and Dignum, Frank and Dignum, Virginia and Eiben, Guszti and Fokkens, Antske and Grossi, Davide and Hindriks, Koen and Hoos, Holger and others},
  journal={Computer},
  volume={53},
  number={8},
  pages={18--28},
  year={2020},
  publisher={IEEE}
}

@article{chow1957optimum,
  title={An optimum character recognition system using decision functions},
  author={Chow, Chi-Keung},
  journal={IRE Transactions on Electronic Computers},
  number={4},
  pages={247--254},
  year={1957},
  publisher={IEEE}
}

@article{bartlett2008classification,
  title={Classification with a Reject Option using a Hinge Loss.},
  author={Bartlett, Peter L and Wegkamp, Marten H},
  journal={Journal of Machine Learning Research},
  volume={9},
  number={8},
  year={2008}
}

@inproceedings{cortes2016learning,
  title={Learning with rejection},
  author={Cortes, Corinna and DeSalvo, Giulia and Mohri, Mehryar},
  booktitle={Algorithmic Learning Theory: 27th International Conference, ALT 2016, Bari, Italy, October 19-21, 2016, Proceedings 27},
  pages={67--82},
  year={2016},
  organization={Springer}
}

@article{yuan2010classification,
  title={Classification Methods with Reject Option Based on Convex Risk Minimization.},
  author={Yuan, Ming and Wegkamp, Marten},
  journal={Journal of Machine Learning Research},
  volume={11},
  number={1},
  year={2010}
}

@article{ramaswamy2018consistent, 
    title={Consistent algorithms for multiclass classification with an abstain option}, 
    volume={12}, 
    DOI={10.1214/17-ejs1388}, 
    number={1}, 
    journal={Electronic Journal of Statistics}, 
    author={Ramaswamy, Harish G. and Tewari, Ambuj and Agarwal, Shivani}, 
    year={2018}, 
    month={Jan}
} 

@article{ni2019calibration,
  title={On the calibration of multiclass classification with rejection},
  author={Ni, Chenri and Charoenphakdee, Nontawat and Honda, Junya and Sugiyama, Masashi},
  journal={Advances in Neural Information Processing Systems},
  volume={32},
  year={2019}
}

@inproceedings{mozannar2020consistent,
  title={Consistent estimators for learning to defer to an expert},
  author={Mozannar, Hussein and Sontag, David},
  booktitle={International Conference on Machine Learning},
  pages={7076--7087},
  year={2020},
  organization={PMLR}
}

@article{raghu2019algorithmic,
  title={The algorithmic automation problem: Prediction, triage, and human effort},
  author={Raghu, Maithra and Blumer, Katy and Corrado, Greg and Kleinberg, Jon and Obermeyer, Ziad and Mullainathan, Sendhil},
  journal={arXiv preprint arXiv:1903.12220},
  year={2019}
}

@inproceedings{raghu2019direct,
  title={Direct uncertainty prediction for medical second opinions},
  author={Raghu, Maithra and Blumer, Katy and Sayres, Rory and Obermeyer, Ziad and Kleinberg, Bobby and Mullainathan, Sendhil and Kleinberg, Jon},
  booktitle={International Conference on Machine Learning},
  pages={5281--5290},
  year={2019},
  organization={PMLR}
}

@article{wilder2020learning,
  title={Learning to complement humans},
  author={Wilder, Bryan and Horvitz, Eric and Kamar, Ece},
  journal={arXiv preprint arXiv:2005.00582},
  year={2020}
}

@article{cortes2016boosting,
  title={Boosting with abstention},
  author={Cortes, Corinna and DeSalvo, Giulia and Mohri, Mehryar},
  journal={Advances in Neural Information Processing Systems},
  volume={29},
  year={2016}
}

@inproceedings{mao2024theoretically,
  title={Theoretically grounded loss functions and algorithms for score-based multi-class abstention},
  author={Mao, Anqi and Mohri, Mehryar and Zhong, Yutao},
  booktitle={International Conference on Artificial Intelligence and Statistics},
  pages={4753--4761},
  year={2024},
  organization={PMLR}
}

@article{maadi2021review,
  title={A review on human--AI interaction in machine learning and insights for medical applications},
  author={Maadi, Mansoureh and Akbarzadeh Khorshidi, Hadi and Aickelin, Uwe},
  journal={International journal of environmental research and public health},
  volume={18},
  number={4},
  pages={2121},
  year={2021},
  publisher={MDPI}
}

@inproceedings{verma2022calibrated,
  title={Calibrated learning to defer with one-vs-all classifiers},
  author={Verma, Rajeev and Nalisnick, Eric},
  booktitle={International Conference on Machine Learning},
  pages={22184--22202},
  year={2022},
  organization={PMLR}
}

@inproceedings{keswani2021towards,
  title={Towards unbiased and accurate deferral to multiple experts},
  author={Keswani, Vijay and Lease, Matthew and Kenthapadi, Krishnaram},
  booktitle={Proceedings of the 2021 AAAI/ACM Conference on AI, Ethics, and Society},
  pages={154--165},
  year={2021}
}

@article{kerrigan2021combining,
  title={Combining human predictions with model probabilities via confusion matrices and calibration},
  author={Kerrigan, Gavin and Smyth, Padhraic and Steyvers, Mark},
  journal={Advances in Neural Information Processing Systems},
  volume={34},
  pages={4421--4434},
  year={2021}
}

@inproceedings{straitouri2023improving,
  title={Improving expert predictions with conformal prediction},
  author={Straitouri, Eleni and Wang, Lequn and Okati, Nastaran and Rodriguez, Manuel Gomez},
  booktitle={International Conference on Machine Learning},
  pages={32633--32653},
  year={2023},
  organization={PMLR}
}

@inproceedings{hemmer2023learning,
  title={Learning to defer with limited expert predictions},
  author={Hemmer, Patrick and Thede, Lukas and V{\"o}ssing, Michael and Jakubik, Johannes and K{\"u}hl, Niklas},
  booktitle={Proceedings of the AAAI Conference on Artificial Intelligence},
  volume={37},
  number={5},
  pages={6002--6011},
  year={2023}
}

@inproceedings{benz2022counterfactual,
  title={Counterfactual inference of second opinions},
  author={Benz, Nina L Corvelo and Rodriguez, Manuel Gomez},
  booktitle={Uncertainty in Artificial Intelligence},
  pages={453--463},
  year={2022},
  organization={PMLR}
}

@article{alves2024cost,
  title={Cost-Sensitive Learning to Defer to Multiple Experts with Workload Constraints},
  author={Alves, Jean V and Leit{\~a}o, Diogo and Jesus, S{\'e}rgio and Sampaio, Marco OP and Li{\'e}bana, Javier and Saleiro, Pedro and Figueiredo, M{\'a}rio AT and Bizarro, Pedro},
  journal={arXiv preprint arXiv:2403.06906},
  year={2024}
}

@article{narasimhan2022post,
  title={Post-hoc estimators for learning to defer to an expert},
  author={Narasimhan, Harikrishna and Jitkrittum, Wittawat and Menon, Aditya K and Rawat, Ankit and Kumar, Sanjiv},
  journal={Advances in Neural Information Processing Systems},
  volume={35},
  pages={29292--29304},
  year={2022}
}

@inproceedings{liu2024mitigating,
  title={Mitigating Underfitting in Learning to Defer with Consistent Losses},
  author={Liu, Shuqi and Cao, Yuzhou and Zhang, Qiaozhen and Feng, Lei and An, Bo},
  booktitle={International Conference on Artificial Intelligence and Statistics},
  pages={4816--4824},
  year={2024},
  organization={PMLR}
}

@inproceedings{cao2023in,
 author = {Cao, Yuzhou and Mozannar, Hussein and Feng, Lei and Wei, Hongxin and An, Bo},
 booktitle = {Advances in Neural Information Processing Systems},
 editor = {A. Oh and T. Naumann and A. Globerson and K. Saenko and M. Hardt and S. Levine},
 pages = {38485--38503},
 publisher = {Curran Associates, Inc.},
 title = {In Defense of Softmax Parametrization for Calibrated and Consistent Learning to Defer},
 volume = {36},
 year = {2023}
}

@inproceedings{patel2024conformal,
  title={Conformal contextual robust optimization},
  author={Patel, Yash P and Rayan, Sahana and Tewari, Ambuj},
  booktitle={International Conference on Artificial Intelligence and Statistics},
  pages={2485--2493},
  year={2024},
  organization={PMLR}
}

@article{angelopoulos2022conformal,
  title={Conformal risk control},
  author={Angelopoulos, Anastasios N and Bates, Stephen and Fisch, Adam and Lei, Lihua and Schuster, Tal},
  journal={arXiv preprint arXiv:2208.02814},
  year={2022}
}

# This is how you cite a workshop paper

@inproceedings{leitao2022human,
  title={Human-AI collaboration in decision-making: beyond learning to defer},
  author={Leit{\~a}o, Diogo and Saleiro, Pedro and Figueiredo, M{\'a}rio AT and Bizarro, Pedro},
  booktitle={International Conference on Machine Learning},
  series = {Workshop on Human-Machine Collaboration and Teaming},
  year={2022}
}

@inproceedings{charusaie2022sample,
  title={Sample efficient learning of predictors that complement humans},
  author={Charusaie, Mohammad-Amin and Mozannar, Hussein and Sontag, David and Samadi, Samira},
  booktitle={International Conference on Machine Learning},
  pages={2972--3005},
  year={2022},
  organization={PMLR}
}

@article{hemmer2022forming,
  title={Forming effective human-AI teams: building machine learning models that complement the capabilities of multiple experts},
  author={Hemmer, Patrick and Schellhammer, Sebastian and V{\"o}ssing, Michael and Jakubik, Johannes and Satzger, Gerhard},
  journal={arXiv preprint arXiv:2206.07948},
  year={2022}
}

@article{wiener2012pointwise,
  title={Pointwise tracking the optimal regression function},
  author={Wiener, Yair and El-Yaniv, Ran},
  journal={Advances in Neural Information Processing Systems},
  volume={25},
  year={2012}
}

@article{zaoui2020regression,
  title={Regression with reject option and application to knn},
  author={Zaoui, Ahmed and Denis, Christophe and Hebiri, Mohamed},
  journal={Advances in Neural Information Processing Systems},
  volume={33},
  pages={20073--20082},
  year={2020}
}

@article{cheng2024regression,
  title={Regression with Cost-based Rejection},
  author={Cheng, Xin and Cao, Yuzhou and Wang, Haobo and Wei, Hongxin and An, Bo and Feng, Lei},
  journal={Advances in Neural Information Processing Systems},
  volume={36},
  year={2024}
}

@article{mao2024regression,
  title={Regression with Multi-Expert Deferral},
  author={Mao, Anqi and Mohri, Mehryar and Zhong, Yutao},
  journal={arXiv preprint arXiv:2403.19494},
  year={2024}
}

@inproceedings{li2024no,
  title={When No-Rejection Learning is Consistent for Regression with Rejection},
  author={Li, Xiaocheng and Liu, Shang and Sun, Chunlin and Wang, Hanzhao},
  booktitle={International Conference on Artificial Intelligence and Statistics},
  pages={1126--1134},
  year={2024},
  organization={PMLR}
}

@inproceedings{mozannar2023should,
  title={Who should predict? exact algorithms for learning to defer to humans},
  author={Mozannar, Hussein and Lang, Hunter and Wei, Dennis and Sattigeri, Prasanna and Das, Subhro and Sontag, David},
  booktitle={International conference on artificial intelligence and statistics},
  pages={10520--10545},
  year={2023},
  organization={PMLR}
}

@article{rastogi2022unifying,
  title={A unifying framework for combining complementary strengths of humans and ML toward better predictive decision-making},
  author={Rastogi, Charvi and Leqi, Liu and Holstein, Kenneth and Heidari, Hoda},
  journal={arXiv preprint arXiv:2204.10806},
  year={2022}
}

@inproceedings{li2023modeling,
  title={Modeling human trust and reliance in ai-assisted decision making: A markovian approach},
  author={Li, Zhuoyan and Lu, Zhuoran and Yin, Ming},
  booktitle={Proceedings of the AAAI Conference on Artificial Intelligence},
  volume={37},
  number={5},
  pages={6056--6064},
  year={2023}
}

@inproceedings{donahue2022human,
  title={Human-algorithm collaboration: Achieving complementarity and avoiding unfairness},
  author={Donahue, Kate and Chouldechova, Alexandra and Kenthapadi, Krishnaram},
  booktitle={Proceedings of the 2022 ACM Conference on Fairness, Accountability, and Transparency},
  pages={1639--1656},
  year={2022}
}

@inproceedings{bansal2019beyond,
  title={Beyond accuracy: The role of mental models in human-AI team performance},
  author={Bansal, Gagan and Nushi, Besmira and Kamar, Ece and Lasecki, Walter S and Weld, Daniel S and Horvitz, Eric},
  booktitle={Proceedings of the AAAI conference on human computation and crowdsourcing},
  volume={7},
  pages={2--11},
  year={2019}
}

@inproceedings{bansal2021most,
  title={Is the most accurate ai the best teammate? optimizing ai for teamwork},
  author={Bansal, Gagan and Nushi, Besmira and Kamar, Ece and Horvitz, Eric and Weld, Daniel S},
  booktitle={Proceedings of the AAAI Conference on Artificial Intelligence},
  volume={35},
  number={13},
  pages={11405--11414},
  year={2021}
}

@inproceedings{kumar2021explaining,
  title={Explaining algorithm aversion with metacognitive bandits},
  author={Kumar, Aakriti and Patel, Trisha and Benjamin, Aaron S and Steyvers, Mark},
  booktitle={Proceedings of the annual meeting of the cognitive science society},
  volume={43},
  number={43},
  year={2021}
}

@inproceedings{bansal2021does,
  title={Does the whole exceed its parts? the effect of ai explanations on complementary team performance},
  author={Bansal, Gagan and Wu, Tongshuang and Zhou, Joyce and Fok, Raymond and Nushi, Besmira and Kamar, Ece and Ribeiro, Marco Tulio and Weld, Daniel},
  booktitle={Proceedings of the 2021 CHI conference on human factors in computing systems},
  pages={1--16},
  year={2021}
}

@article{steyvers2022bayesian,
  title={Bayesian modeling of human--AI complementarity},
  author={Steyvers, Mark and Tejeda, Heliodoro and Kerrigan, Gavin and Smyth, Padhraic},
  journal={Proceedings of the National Academy of Sciences},
  volume={119},
  number={11},
  pages={e2111547119},
  year={2022},
  publisher={National Acad Sciences}
}

@inproceedings{donahue2022human,
  title={Human-algorithm collaboration: Achieving complementarity and avoiding unfairness},
  author={Donahue, Kate and Chouldechova, Alexandra and Kenthapadi, Krishnaram},
  booktitle={Proceedings of the 2022 ACM Conference on Fairness, Accountability, and Transparency},
  pages={1639--1656},
  year={2022}
}

@article{el2010foundations,
  title={On the Foundations of Noise-free Selective Classification.},
  author={El-Yaniv, Ran and Wiener, Yair},
  journal={Journal of Machine Learning Research},
  volume={11},
  number={5},
  year={2010}
}

@article{geifman2017selective,
  title={Selective classification for deep neural networks},
  author={Geifman, Yonatan and El-Yaniv, Ran},
  journal={Advances in neural information processing systems},
  volume={30},
  year={2017}
}

@inproceedings{geifman2019selectivenet,
  title={Selectivenet: A deep neural network with an integrated reject option},
  author={Geifman, Yonatan and El-Yaniv, Ran},
  booktitle={International conference on machine learning},
  pages={2151--2159},
  year={2019},
  organization={PMLR}
}

@inproceedings{jiang2020risk,
  title={Risk-controlled selective prediction for regression deep neural network models},
  author={Jiang, Wenming and Zhao, Ying and Wang, Zehan},
  booktitle={2020 International Joint Conference on Neural Networks (IJCNN)},
  pages={1--8},
  year={2020},
  organization={IEEE}
}

@inproceedings{shah2022selective,
  title={Selective regression under fairness criteria},
  author={Shah, Abhin and Bu, Yuheng and Lee, Joshua K and Das, Subhro and Panda, Rameswar and Sattigeri, Prasanna and Wornell, Gregory W},
  booktitle={International Conference on Machine Learning},
  pages={19598--19615},
  year={2022},
  organization={PMLR}
}

@article{dembczynski2012label,
  title={On label dependence and loss minimization in multi-label classification},
  author={Dembczy{\'n}ski, Krzysztof and Waegeman, Willem and Cheng, Weiwei and H{\"u}llermeier, Eyke},
  journal={Machine Learning},
  volume={88},
  pages={5--45},
  year={2012},
  publisher={Springer}
}

@inproceedings{cheng2010bayes,
  title={Bayes optimal multilabel classification via probabilistic classifier chains},
  author={Cheng, Weiwei and H{\"u}llermeier, Eyke and Dembczynski, Krzysztof J},
  booktitle={Proceedings of the 27th international conference on machine learning (ICML-10)},
  pages={279--286},
  year={2010}
}

@inproceedings{wang2016cnn,
  title={Cnn-rnn: A unified framework for multi-label image classification},
  author={Wang, Jiang and Yang, Yi and Mao, Junhua and Huang, Zhiheng and Huang, Chang and Xu, Wei},
  booktitle={Proceedings of the IEEE conference on computer vision and pattern recognition},
  pages={2285--2294},
  year={2016}
}

@article{menon2019multilabel,
  title={Multilabel reductions: what is my loss optimising?},
  author={Menon, Aditya K and Rawat, Ankit Singh and Reddi, Sashank and Kumar, Sanjiv},
  journal={Advances in Neural Information Processing Systems},
  volume={32},
  year={2019}
}

@inproceedings{dembczynski2010regret,
  title={Regret analysis for performance metrics in multi-label classification: the case of hamming and subset zero-one loss},
  author={Dembczy{\'n}ski, Krzysztof and Waegeman, Willem and Cheng, Weiwei and H{\"u}llermeier, Eyke},
  booktitle={Machine Learning and Knowledge Discovery in Databases: European Conference, ECML PKDD 2010, Barcelona, Spain, September 20-24, 2010, Proceedings, Part I 21},
  pages={280--295},
  year={2010},
  organization={Springer}
}

@article{liu2021emerging,
  title={The emerging trends of multi-label learning},
  author={Liu, Weiwei and Wang, Haobo and Shen, Xiaobo and Tsang, Ivor W},
  journal={IEEE transactions on pattern analysis and machine intelligence},
  volume={44},
  number={11},
  pages={7955--7974},
  year={2021},
  publisher={IEEE}
}

@article{zhang2013review,
  title={A review on multi-label learning algorithms},
  author={Zhang, Min-Ling and Zhou, Zhi-Hua},
  journal={IEEE transactions on knowledge and data engineering},
  volume={26},
  number={8},
  pages={1819--1837},
  year={2013},
  publisher={IEEE}
}

@inproceedings{yang2019deep,
  title={Deep learning with a rethinking structure for multi-label classification},
  author={Yang, Yao-Yuan and Lin, Yi-An and Chu, Hong-Min and Lin, Hsuan-Tien},
  booktitle={Asian Conference on Machine Learning},
  pages={125--140},
  year={2019},
  organization={PMLR}
}

@inproceedings{hsieh2018deep,
  title={A deep model with local surrogate loss for general cost-sensitive multi-label learning},
  author={Hsieh, Cheng-Yu and Lin, Yi-An and Lin, Hsuan-Tien},
  booktitle={Proceedings of the AAAI conference on artificial intelligence},
  volume={32},
  number={1},
  year={2018}
}

@inproceedings{li2014condensed,
  title={Condensed filter tree for cost-sensitive multi-label classification},
  author={Li, Chun-Liang and Lin, Hsuan-Tien},
  booktitle={International conference on machine learning},
  pages={423--431},
  year={2014},
  organization={PMLR}
}

@article{wu2020multi,
  title={Multi-label classification: do Hamming loss and subset accuracy really conflict with each other?},
  author={Wu, Guoqiang and Zhu, Jun},
  journal={Advances in Neural Information Processing Systems},
  volume={33},
  pages={3130--3140},
  year={2020}
}

@article{yang2020privacy,
  title={Privacy-preserving cost-sensitive learning},
  author={Yang, Yi and Huang, Shuai and Huang, Wei and Chang, Xiangyu},
  journal={IEEE Transactions on Neural Networks and Learning Systems},
  volume={32},
  number={5},
  pages={2105--2116},
  year={2020},
  publisher={IEEE}
}

@article{ding2020private,
  title={Private empirical risk minimization with analytic gaussian mechanism for healthcare system},
  author={Ding, Jiahao and Errapotu, Sai Mounika and Guo, Yuanxiong and Zhang, Haixia and Yuan, Dongfeng and Pan, Miao},
  journal={IEEE Transactions on big data},
  volume={8},
  number={4},
  pages={1107--1117},
  year={2020},
  publisher={IEEE}
}

@article{lessmann2015benchmarking,
  title={Benchmarking state-of-the-art classification algorithms for credit scoring: An update of research},
  author={Lessmann, Stefan and Baesens, Bart and Seow, Hsin-Vonn and Thomas, Lyn C},
  journal={European Journal of Operational Research},
  volume={247},
  number={1},
  pages={124--136},
  year={2015},
  publisher={Elsevier}
}

@inproceedings{mao2024predictor,
  title={Predictor-rejector multi-class abstention: Theoretical analysis and algorithms},
  author={Mao, Anqi and Mohri, Mehryar and Zhong, Yutao},
  booktitle={International Conference on Algorithmic Learning Theory},
  pages={822--867},
  year={2024},
  organization={PMLR}
}

@article{cao2022generalizing,
  title={Generalizing consistent multi-class classification with rejection to be compatible with arbitrary losses},
  author={Cao, Yuzhou and Cai, Tianchi and Feng, Lei and Gu, Lihong and Gu, Jinjie and An, Bo and Niu, Gang and Sugiyama, Masashi},
  journal={Advances in neural information processing systems},
  volume={35},
  pages={521--534},
  year={2022}
}

@article{sutskever2014sequence,
  title={Sequence to sequence learning with neural networks},
  author={Sutskever, Ilya and Vinyals, Oriol and Le, Quoc V},
  journal={Advances in neural information processing systems},
  volume={27},
  year={2014}
}

@article{gupta2024language,
  title={Language Model Cascades: Token-level uncertainty and beyond},
  author={Gupta, Neha and Narasimhan, Harikrishna and Jitkrittum, Wittawat and Rawat, Ankit Singh and Menon, Aditya Krishna and Kumar, Sanjiv},
  journal={arXiv preprint arXiv:2404.10136},
  year={2024}
}

@article{narasimhan2024faster,
  title={Faster Cascades via Speculative Decoding},
  author={Narasimhan, Harikrishna and Jitkrittum, Wittawat and Rawat, Ankit Singh and Kim, Seungyeon and Gupta, Neha and Menon, Aditya Krishna and Kumar, Sanjiv},
  journal={arXiv preprint arXiv:2405.19261},
  year={2024}
}

@article{angelopoulos2021learn,
  title={Learn then test: Calibrating predictive algorithms to achieve risk control},
  author={Angelopoulos, Anastasios N and Bates, Stephen and Cand{\`e}s, Emmanuel J and Jordan, Michael I and Lei, Lihua},
  journal={arXiv preprint arXiv:2110.01052},
  year={2021}
}

@book{vovk2005algorithmic,
  title={Algorithmic learning in a random world},
  author={Vovk, Vladimir and Gammerman, Alexander and Shafer, Glenn},
  volume={29},
  year={2005},
  publisher={Springer}
}

@article{bartlett2006convexity,
  title={Convexity, classification, and risk bounds},
  author={Bartlett, Peter L and Jordan, Michael I and McAuliffe, Jon D},
  journal={Journal of the American Statistical Association},
  volume={101},
  number={473},
  pages={138--156},
  year={2006},
  publisher={Taylor \& Francis}
}

@inproceedings{maurer2016vector,
  title={A vector-contraction inequality for rademacher complexities},
  author={Maurer, Andreas},
  booktitle={Algorithmic Learning Theory: 27th International Conference, ALT 2016, Bari, Italy, October 19-21, 2016, Proceedings 27},
  pages={3--17},
  year={2016},
  organization={Springer}
}

@inproceedings{ghosh2017robust,
  title={Robust loss functions under label noise for deep neural networks},
  author={Ghosh, Aritra and Kumar, Himanshu and Sastry, P Shanti},
  booktitle={Proceedings of the AAAI conference on artificial intelligence},
  volume={31},
  number={1},
  year={2017}
}

@inproceedings{mao2023cross,
  title={Cross-entropy loss functions: Theoretical analysis and applications},
  author={Mao, Anqi and Mohri, Mehryar and Zhong, Yutao},
  booktitle={International conference on Machine learning},
  pages={23803--23828},
  year={2023},
  organization={PMLR}
}

@article{narayan2018don,
  title={Don't give me the details, just the summary! topic-aware convolutional neural networks for extreme summarization},
  author={Narayan, Shashi and Cohen, Shay B and Lapata, Mirella},
  journal={arXiv preprint arXiv:1808.08745},
  year={2018}
}

@article{madani2023large,
  title={Large language models generate functional protein sequences across diverse families},
  author={Madani, Ali and Krause, Ben and Greene, Eric R and Subramanian, Subu and Mohr, Benjamin P and Holton, James M and Olmos, Jose Luis and Xiong, Caiming and Sun, Zachary Z and Socher, Richard and others},
  journal={Nature Biotechnology},
  volume={41},
  number={8},
  pages={1099--1106},
  year={2023},
  publisher={Nature Publishing Group}
}

@article{joshi2019efficient,
  title={An efficient graph convolutional network technique for the travelling salesman problem},
  author={Joshi, Chaitanya K and Laurent, Thomas and Bresson, Xavier},
  journal={arXiv preprint arXiv:1906.01227},
  year={2019}
}

@inproceedings{yuelarge,
  title={Large Language Model Cascades with Mixture of Thought Representations for Cost-Efficient Reasoning},
  author={Yue, Murong and Zhao, Jie and Zhang, Min and Du, Liang and Yao, Ziyu},
  booktitle={The Twelfth International Conference on Learning Representations},
  year = {2024}
}


@article{read2021classifier,
  title={Classifier chains: A review and perspectives},
  author={Read, Jesse and Pfahringer, Bernhard and Holmes, Geoffrey and Frank, Eibe},
  journal={Journal of Artificial Intelligence Research},
  volume={70},
  pages={683--718},
  year={2021}
}

@article{nam2017maximizing,
  title={Maximizing subset accuracy with recurrent neural networks in multi-label classification},
  author={Nam, Jinseok and Loza Mencia, Eneldo and Kim, Hyunwoo J and F{\"u}rnkranz, Johannes},
  journal={Advances in neural information processing systems},
  volume={30},
  year={2017}
}

@article{williams1989learning,
  title={A learning algorithm for continually running fully recurrent neural networks},
  author={Williams, Ronald J. and Zipser, David},
  journal={Neural Computation},
  volume={1},
  number={2},
  pages={270--280},
  year={1989},
  publisher={MIT Press}
}

@article{bengio2015scheduled,
  title={Scheduled sampling for sequence prediction with recurrent neural networks},
  author={Bengio, Samy and Vinyals, Oriol and Jaitly, Navdeep and Shazeer, Noam},
  journal={Advances in neural information processing systems},
  volume={28},
  year={2015}
}

@inproceedings{viola2001rapid,
  title={Rapid object detection using a boosted cascade of simple features},
  author={Viola, Paul and Jones, Michael},
  booktitle={Proceedings of the 2001 IEEE computer society conference on computer vision and pattern recognition. CVPR 2001},
  volume={1},
  pages={I--I},
  year={2001},
  organization={Ieee}
}

@article{yue2023large,
  title={Large language model cascades with mixture of thoughts representations for cost-efficient reasoning},
  author={Yue, Murong and Zhao, Jie and Zhang, Min and Du, Liang and Yao, Ziyu},
  journal={arXiv preprint arXiv:2310.03094},
  year={2023}
}

@article{wang2024cascade,
  title={Cascade-Aware Training of Language Models},
  author={Wang, Congchao and Augenstein, Sean and Rush, Keith and Jitkrittum, Wittawat and Narasimhan, Harikrishna and Rawat, Ankit Singh and Menon, Aditya Krishna and Go, Alec},
  journal={arXiv preprint arXiv:2406.00060},
  year={2024}
}

@article{chen2023frugalgpt,
  title={Frugalgpt: How to use large language models while reducing cost and improving performance},
  author={Chen, Lingjiao and Zaharia, Matei and Zou, James},
  journal={arXiv preprint arXiv:2305.05176},
  year={2023}
}

@article{ding2024hybrid,
  title={Hybrid LLM: Cost-efficient and quality-aware query routing},
  author={Ding, Dujian and Mallick, Ankur and Wang, Chi and Sim, Robert and Mukherjee, Subhabrata and Ruhle, Victor and Lakshmanan, Laks VS and Awadallah, Ahmed Hassan},
  journal={arXiv preprint arXiv:2404.14618},
  year={2024}
}

@article{shnitzer2023large,
  title={Large language model routing with benchmark datasets},
  author={Shnitzer, Tal and Ou, Anthony and Silva, Mirian and Soule, Kate and Sun, Yuekai and Solomon, Justin and Thompson, Neil and Yurochkin, Mikhail},
  journal={arXiv preprint arXiv:2309.15789},
  year={2023}
}

@article{lu2023routing,
  title={Routing to the expert: Efficient reward-guided ensemble of large language models},
  author={Lu, Keming and Yuan, Hongyi and Lin, Runji and Lin, Junyang and Yuan, Zheng and Zhou, Chang and Zhou, Jingren},
  journal={arXiv preprint arXiv:2311.08692},
  year={2023}
}

@inproceedings{jiang2023llm,
  title={LLM-Blender: Ensembling Large Language Models with Pairwise Ranking and Generative Fusion},
  author={Jiang, Dongfu and Ren, Xiang and Lin, Bill Yuchen},
  booktitle={Proceedings of the 61st Annual Meeting of the Association for Computational Linguistics (Volume 1: Long Papers)},
  pages={14165--14178},
  year={2023}
}

@inproceedings{lin2015reduction,
  title={Reduction from cost-sensitive multiclass classification to one-versus-one binary classification},
  author={Lin, Hsuan-Tien},
  booktitle={Asian Conference on Machine Learning},
  pages={371--386},
  year={2015},
  organization={PMLR}
}

@inproceedings{abe2004iterative,
  title={An iterative method for multi-class cost-sensitive learning},
  author={Abe, Naoki and Zadrozny, Bianca and Langford, John},
  booktitle={Proceedings of the tenth ACM SIGKDD international conference on Knowledge discovery and data mining},
  pages={3--11},
  year={2004}
}

@inproceedings{tu2010one,
  title={One-sided Support Vector Regression for Multiclass Cost-sensitive Classification.},
  author={Tu, Han-Hsing and Lin, Hsuan-Tien},
  booktitle={ICML},
  volume={2},
  number={4},
  pages={5},
  year={2010}
}

@article{chung2015cost,
  title={Cost-aware pre-training for multiclass cost-sensitive deep learning},
  author={Chung, Yu-An and Lin, Hsuan-Tien and Yang, Shao-Wen},
  journal={arXiv preprint arXiv:1511.09337},
  year={2015}
}

@article{berto2023rl4co,
  title={Rl4co: an extensive reinforcement learning for combinatorial optimization benchmark},
  author={Berto, Federico and Hua, Chuanbo and Park, Junyoung and Luttmann, Laurin and Ma, Yining and Bu, Fanchen and Wang, Jiarui and Ye, Haoran and Kim, Minsu and Choi, Sanghyeok and others},
  journal={arXiv preprint arXiv:2306.17100},
  year={2023}
}

@article{vinyals2015pointer,
  title={Pointer networks},
  author={Vinyals, Oriol and Fortunato, Meire and Jaitly, Navdeep},
  journal={Advances in neural information processing systems},
  volume={28},
  year={2015}
}

@article{nijkamp2023progen2,
  title={Progen2: exploring the boundaries of protein language models},
  author={Nijkamp, Erik and Ruffolo, Jeffrey A and Weinstein, Eli N and Naik, Nikhil and Madani, Ali},
  journal={Cell systems},
  volume={14},
  number={11},
  pages={968--978},
  year={2023},
  publisher={Elsevier}
}

@article{jumper2021highly,
  title={Highly accurate protein structure prediction with AlphaFold},
  author={Jumper, John and Evans, Richard and Pritzel, Alexander and Green, Tim and Figurnov, Michael and Ronneberger, Olaf and Tunyasuvunakool, Kathryn and Bates, Russ and Zidek, Augustin and Potapenko, Anna and others},
  journal={nature},
  volume={596},
  number={7873},
  pages={583--589},
  year={2021},
  publisher={Nature Publishing Group}
}

@article{dauparas2022robust,
  title={Robust deep learning--based protein sequence design using ProteinMPNN},
  author={Dauparas, Justas and Anishchenko, Ivan and Bennett, Nathaniel and Bai, Hua and Ragotte, Robert J and Milles, Lukas F and Wicky, Basile IM and Courbet, Alexis and de Haas, Rob J and Bethel, Neville and others},
  journal={Science},
  volume={378},
  number={6615},
  pages={49--56},
  year={2022},
  publisher={American Association for the Advancement of Science}
}

@article{wang2018computational,
  title={Computational protein design with deep learning neural networks},
  author={Wang, Jingxue and Cao, Huali and Zhang, John ZH and Qi, Yifei},
  journal={Scientific reports},
  volume={8},
  number={1},
  pages={1--9},
  year={2018},
  publisher={Nature Publishing Group}
}

@article{brown2020language,
  title={Language models are few-shot learners},
  author={Brown, Tom and Mann, Benjamin and Ryder, Nick and Subbiah, Melanie and Kaplan, Jared D and Dhariwal, Prafulla and Neelakantan, Arvind and Shyam, Pranav and Sastry, Girish and Askell, Amanda and others},
  journal={Advances in neural information processing systems},
  volume={33},
  pages={1877--1901},
  year={2020}
}

@article{raffel2020exploring,
  title={Exploring the limits of transfer learning with a unified text-to-text transformer},
  author={Raffel, Colin and Shazeer, Noam and Roberts, Adam and Lee, Katherine and Narang, Sharan and Matena, Michael and Zhou, Yanqi and Li, Wei and Liu, Peter J},
  journal={Journal of machine learning research},
  volume={21},
  number={140},
  pages={1--67},
  year={2020}
}

@inproceedings{kenton2019bert,
  title={Bert: Pre-training of deep bidirectional transformers for language understanding},
  author={Kenton, Jacob Devlin Ming-Wei Chang and Toutanova, Lee Kristina},
  booktitle={Proceedings of naacL-HLT},
  volume={1},
  pages={2},
  year={2019},
  organization={Minneapolis, Minnesota}
}

@article{lamb2016professor,
  title={Professor forcing: A new algorithm for training recurrent networks},
  author={Lamb, Alex M and ALIAS PARTH GOYAL, Anirudh Goyal and Zhang, Ying and Zhang, Saizheng and Courville, Aaron C and Bengio, Yoshua},
  journal={Advances in neural information processing systems},
  volume={29},
  year={2016}
}

@article{schmidt2019generalization,
  title={Generalization in generation: A closer look at exposure bias},
  author={Schmidt, Florian},
  journal={arXiv preprint arXiv:1910.00292},
  year={2019}
}

@article{courtiol2019deep,
  title={Deep learning-based classification of mesothelioma improves prediction of patient outcome},
  author={Courtiol, Pierre and Maussion, Charles and Moarii, Matahi and Pronier, Elodie and Pilcer, Samuel and Sefta, Meriem and Manceron, Pierre and Toldo, Sylvain and Zaslavskiy, Mikhail and Le Stang, Nolwenn and others},
  journal={Nature medicine},
  volume={25},
  number={10},
  pages={1519--1525},
  year={2019},
  publisher={Nature Publishing Group US New York}
}

@article{ker2017deep,
  title={Deep learning applications in medical image analysis},
  author={Ker, Justin and Wang, Lipo and Rao, Jai and Lim, Tchoyoson},
  journal={Ieee Access},
  volume={6},
  pages={9375--9389},
  year={2017},
  publisher={IEEE}
}

@inproceedings{gal2016dropout,
  title={Dropout as a bayesian approximation: Representing model uncertainty in deep learning},
  author={Gal, Yarin and Ghahramani, Zoubin},
  booktitle={international conference on machine learning},
  pages={1050--1059},
  year={2016},
  organization={PMLR}
}

@article{rigano2019using,
  title={Using artificial intelligence to address criminal justice needs},
  author={Rigano, Christopher},
  journal={National Institute of Justice Journal},
  volume={280},
  number={1-10},
  pages={17},
  year={2019}
}

@article{dressel2018accuracy,
  title={The accuracy, fairness, and limits of predicting recidivism},
  author={Dressel, Julia and Farid, Hany},
  journal={Science advances},
  volume={4},
  number={1},
  pages={eaao5580},
  year={2018},
  publisher={American Association for the Advancement of Science}
}

@article{wang2023pursuit,
  title={In pursuit of interpretable, fair and accurate machine learning for criminal recidivism prediction},
  author={Wang, Caroline and Han, Bin and Patel, Bhrij and Rudin, Cynthia},
  journal={Journal of Quantitative Criminology},
  volume={39},
  number={2},
  pages={519--581},
  year={2023},
  publisher={Springer}
}

@article{alikhademi2022review,
  title={A review of predictive policing from the perspective of fairness},
  author={Alikhademi, Kiana and Drobina, Emma and Prioleau, Diandra and Richardson, Brianna and Purves, Duncan and Gilbert, Juan E},
  journal={Artificial Intelligence and Law},
  pages={1--17},
  year={2022},
  publisher={Springer}
}

@article{asan2020artificial,
  title={Artificial intelligence and human trust in healthcare: focus on clinicians},
  author={Asan, Onur and Bayrak, Alparslan Emrah and Choudhury, Avishek and others},
  journal={Journal of medical Internet research},
  volume={22},
  number={6},
  pages={e15154},
  year={2020},
  publisher={JMIR Publications Inc., Toronto, Canada}
}