@inproceedings{LiuTZLSYZ22,
  author    = {Yue Liu and
               Wenxuan Tu and
               Sihang Zhou and
               Xinwang Liu and
               Linxuan Song and
               Xihong Yang and
               En Zhu},
  title     = {Deep Graph Clustering via Dual Correlation Reduction},
  booktitle = {Thirty-Sixth {AAAI} Conference on Artificial Intelligence, {AAAI}
               },
  pages     = {7603--7611},
  year      = {2022},

}

@inproceedings{Mercado2016clustering,
  author       = {Pedro Mercado and
                  Francesco Tudisco and
                  Matthias Hein},
  title        = {Clustering Signed Networks with the Geometric Mean of Laplacians},
  booktitle    = {Advances in Neural Information Processing Systems 29},
  pages        = {4421--4429},
  year         = {2016},

}

@inproceedings{PanHLJYZ18,
  author    = {Shirui Pan and
               Ruiqi Hu and
               Guodong Long and
               Jing Jiang and
               Lina Yao and
               Chengqi Zhang},
  title     = {Adversarially Regularized Graph Autoencoder for Graph Embedding},
  booktitle = {Proceedings of the Twenty-Seventh International Joint Conference on
               Artificial Intelligence, {IJCAI}},
  year      = {2018},
  pages     = {2609--2615},
}

@inproceedings{bo2020structural,
  author       = {Deyu Bo and
                  Xiao Wang and
                  Chuan Shi and
                  Meiqi Zhu and
                  Emiao Lu and
                  Peng Cui},
  title        = {Structural Deep Clustering Network},
  booktitle    = {The Web Conference 2020},
  pages        = {1400--1410},
  year         = {2020},
}

@inproceedings{bosch2018node,
  author       = {Pedro Mercado and
                  Jessica Bosch and
                  Martin Stoll},
  title        = {Node Classification for Signed Social Networks Using Diffuse Interface
                  Methods},
  booktitle    = {Machine Learning and Knowledge Discovery in Databases},
  volume       = {11906},
  pages        = {524--540},
  year         = {2019}
}

@article{cartwright1956structural,
  title={Structural balance: a generalization of Heider's theory.},
  author={Cartwright, Dorwin and Harary, Frank},
  journal={Psychological review},
  volume={63},
  number={5},
  pages={277},
  year={1956},
  publisher={American Psychological Association}
}

@inproceedings{chen2018bridge,
  author       = {Yiqi Chen and
                  Tieyun Qian and
                  Huan Liu and
                  Ke Sun},
  title        = {"Bridge": Enhanced Signed Directed Network Embedding},
  booktitle    = {Proceedings of the 27th {ACM} International Conference on Information
                  and Knowledge Management, {CIKM}},
  pages        = {773--782},
  year         = {2018},

}

@inproceedings{chiang2012scalable,
  author       = {Kai{-}Yang Chiang and
                  Joyce Jiyoung Whang and
                  Inderjit S. Dhillon},
  title        = {Scalable clustering of signed networks using balance normalized cut},
  booktitle    = {21st {ACM} International Conference on Information and Knowledge Management, {CIKM}},
  pages        = {615--624},
  year         = {2012},
}

@article{chung2013dirichlet,
  author       = {Fan Chung Graham and
                  Alexander Tsiatas and
                  Wensong Xu},
  title        = {Dirichlet PageRank and Ranking Algorithms Based on Trust and Distrust},
  journal      = {Internet Math.},
  volume       = {9},
  number       = {1},
  pages        = {113--134},
  year         = {2013},

}

@inproceedings{cucuringu2019sponge,
  author       = {Mihai Cucuringu and
                  Peter Davies and
                  Aldo Glielmo and
                  Hemant Tyagi},
  title        = {{SPONGE:} {A} generalized eigenproblem for clustering signed networks},
  booktitle    = {The 22nd International Conference on Artificial Intelligence and Statistics, {AISTATS}},
  volume       = {89},
  pages        = {1088--1098},
  year         = {2019}
}

@article{davis1967clustering,
  title={Clustering and structural balance in graphs},
  author={Davis, James A},
  journal={Human relations},
  volume={20},
  number={2},
  pages={181--187},
  year={1967}
}

@inproceedings{derr2018signed,
  author       = {Tyler Derr and
                  Yao Ma and
                  Jiliang Tang},
  title        = {Signed Graph Convolutional Networks},
  booktitle    = {{IEEE} International Conference on Data Mining, {ICDM}},
  pages        = {929--934},
  year         = {2018}
}

@article{harary1953notion,
  title={On the notion of balance of a signed graph.},
  author={Harary, Frank},
  journal={Michigan Mathematical Journal},
  volume={2},
  number={2},
  pages={143--146},
  year={1953},
  publisher={University of Michigan, Department of Mathematics}
}

@inproceedings{he2022sssnet,
  author       = {Yixuan He and
                  Gesine Reinert and
                  Songchao Wang and
                  Mihai Cucuringu},
  title        = {{SSSNET:} Semi-Supervised Signed Network Clustering},
  booktitle    = {Proceedings of the 2022 {SIAM} International Conference on Data Mining,
                  {SDM}},
  pages        = {244--252},
  year         = {2022}
}

@inproceedings{huang2019signed,
  author       = {Junjie Huang and
                  Huawei Shen and
                  Liang Hou and
                  Xueqi Cheng},
  title        = {Signed Graph Attention Networks},
  booktitle    = {Artificial Neural Networks and Machine Learning},
  volume       = {11731},
  pages        = {566--577},
  publisher    = {Springer},
  year         = {2019},

}

@inproceedings{islam2018signet,
  author       = {Mohammad Raihanul Islam and
                  B. Aditya Prakash and
                  Naren Ramakrishnan},
  title        = {SIGNet: Scalable Embeddings for Signed Networks},
  booktitle    = {Advances in Knowledge Discovery and Data Mining},
  volume       = {10938},
  pages        = {157--169},
  year         = {2018},
}

@article{jung2020signed,
  author       = {Jinhong Jung and
                  Jaemin Yoo and
                  U Kang},
  title        = {Signed Graph Diffusion Network},
  year         = {2020},
  eprinttype    = {arXiv},
  eprint       = {2012.14191}
}

@article{knyazev2001toward,
  author       = {Andrew V. Knyazev},
  title        = {Toward the Optimal Preconditioned Eigensolver: Locally Optimal Block
                  Preconditioned Conjugate Gradient Method},
  journal      = {{SIAM} J. Sci. Comput.},
  volume       = {23},
  number       = {2},
  pages        = {517--541},
  year         = {2001},

}

@inproceedings{kunegis2010spectral,
  author       = {J{\'{e}}r{\^{o}}me Kunegis and
                  Stephan Schmidt and
                  Andreas Lommatzsch and
                  J{\"{u}}rgen Lerner and
                  Ernesto William De Luca and
                  Sahin Albayrak},
  title        = {Spectral Analysis of Signed Graphs for Clustering, Prediction and
                  Visualization},
  booktitle    = {Proceedings of the {SIAM} International Conference on Data Mining,
                  {SDM}},
  pages        = {559--570},
  year         = {2010}

}

@inproceedings{li2023signed,
  author       = {Yu Li and
                  Meng Qu and
                  Jian Tang and
                  Yi Chang},
  title        = {Signed Laplacian Graph Neural Networks},
  booktitle    = {Thirty-Seventh {AAAI} Conference on Artificial Intelligence, {AAAI}
                  2023, Thirty-Fifth Conference on Innovative Applications of Artificial
                  Intelligence},
  pages        = {4444--4452},
  year         = {2023},
  publisher    = {{AAAI} Press},

}

@inproceedings{liu2021signed,
  author       = {Haoxin Liu and
                  Ziwei Zhang and
                  Peng Cui and
                  Yafeng Zhang and
                  Qiang Cui and
                  Jiashuo Liu and
                  Wenwu Zhu},
  title        = {Signed Graph Neural Network with Latent Groups},
  booktitle    = {The 27th {ACM} {SIGKDD} Conference on Knowledge Discovery
                  and Data Mining},
  pages        = {1066--1075},
  year         = {2021},

}

@article{shahriari2014ranking,
  author       = {Moshen Shahriari and
                  Mahdi Jalili},
  title        = {Ranking Nodes in Signed Social Networks},
  journal      = {Soc. Netw. Anal. Min.},
  volume       = {4},
  number       = {1},
  pages        = {172},
  year         = {2014},

}

@inproceedings{tu2021deep,
  author    = {Wenxuan Tu and
               Sihang Zhou and
               Xinwang Liu and
               Xifeng Guo and
               Zhiping Cai and
               En Zhu and
               Jieren Cheng},
  title     = {Deep Fusion Clustering Network},
  booktitle = {Thirty-Fifth {AAAI} Conference on Artificial Intelligence, {AAAI}
               },
  pages     = {9978--9987},
  year      = {2021}

}

@inproceedings{tzeng2020discovering,
  author       = {Ruo{-}Chun Tzeng and
                  Bruno Ordozgoiti and
                  Aristides Gionis},
  title        = {Discovering conflicting groups in signed networks},
  booktitle    = {Advances in Neural Information Processing Systems 33},
  year         = {2020}
}

@inproceedings{wang2017signed,
  author       = {Suhang Wang and
                  Jiliang Tang and
                  Charu C. Aggarwal and
                  Yi Chang and
                  Huan Liu},
  title        = {Signed Network Embedding in Social Media},
  booktitle    = {Proceedings of the 2017 {SIAM} International Conference on Data Mining,
                  Houston},
  pages        = {327--335},
  publisher    = {{SIAM}},
  year         = {2017},

}

@inproceedings{wang2019attributed,
  author       = {Chun Wang and
                  Shirui Pan and
                  Ruiqi Hu and
                  Guodong Long and
                  Jing Jiang and
                  Chengqi Zhang},
  title        = {Attributed Graph Clustering: {A} Deep Attentional Embedding Approach},
  booktitle    = {Proceedings of the Twenty-Eighth International Joint Conference on
                  Artificial Intelligence, {IJCAI}},
  pages        = {3670--3676},
  year         = {2019},

}

@inproceedings{xu2019link,
  author       = {Pinghua Xu and
                  Wenbin Hu and
                  Jia Wu and
                  Bo Du},
  title        = {Link Prediction with Signed Latent Factors in Signed Social Networks},
  booktitle    = {Proceedings of the 25th {ACM} {SIGKDD} International Conference on
                  Knowledge Discovery {\&} Data Mining},
  pages        = {1046--1054},
  year         = {2019}

}

@article{yang2007community,
  author       = {Bo Yang and
                  William K. Cheung and
                  Jiming Liu},
  title        = {Community Mining from Signed Social Networks},
  journal      = {{IEEE} Trans. Knowl. Data Eng.},
  volume       = {19},
  number       = {10},
  pages        = {1333--1348},
  year         = {2007},
}

@article{zhang2024dropedge,
  title={DropEdge not Foolproof: Effective Augmentation Method for Signed Graph Neural Networks},
  author={Zhang, Zeyu and Li, Lu and Wan, Shuyan and Wang, Sijie and Wang, Zhiyi and Lu, Zhiyuan and Hao, Dong and Li, Wanli},
  journal={NeurIPS},
  year={2024}
}

