
@article{diaz24signed,
  author       = {Fernando Diaz{-}Diaz and
                  Ernesto Estrada},
  title        = {Signed graphs in data sciences via communicability geometry},
  year         = {2024},
  journal       = {arXiv preprint arXiv:2403.07493}
}

@inproceedings{kunegis2010spectral,
  author       = {J{\'{e}}r{\^{o}}me Kunegis and
                  Stephan Schmidt and
                  Andreas Lommatzsch and
                  J{\"{u}}rgen Lerner and
                  Ernesto William De Luca and
                  Sahin Albayrak},
  title        = {Spectral Analysis of Signed Graphs for Clustering, Prediction and
                  Visualization},
  booktitle    = {Proceedings of the {SIAM} International Conference on Data Mining,
                  {SDM}},
  pages        = {559--570},
  year         = {2010}

}

@inproceedings{cucuringu2019sponge,
  author       = {Mihai Cucuringu and
                  Peter Davies and
                  Aldo Glielmo and
                  Hemant Tyagi},
  title        = {{SPONGE:} {A} generalized eigenproblem for clustering signed networks},
  booktitle    = {The 22nd International Conference on Artificial Intelligence and Statistics, {AISTATS}},
  volume       = {89},
  pages        = {1088--1098},
  year         = {2019}
}


@inproceedings{chiang2012scalable,
  author       = {Kai{-}Yang Chiang and
                  Joyce Jiyoung Whang and
                  Inderjit S. Dhillon},
  title        = {Scalable clustering of signed networks using balance normalized cut},
  booktitle    = {21st {ACM} International Conference on Information and Knowledge Management, {CIKM}},
  pages        = {615--624},
  year         = {2012},
}



@article{gates2017impact,
  author       = {Alexander J. Gates and
                  Yong{-}Yeol Ahn},
  title        = {The Impact of Random Models on Clustering Similarity},
  journal      = {J. Mach. Learn. Res.},
  volume       = {18},
  pages        = {87:1--87:28},
  year         = {2017},

}


@inproceedings{bosch2018node,
  author       = {Pedro Mercado and
                  Jessica Bosch and
                  Martin Stoll},
  title        = {Node Classification for Signed Social Networks Using Diffuse Interface
                  Methods},
  booktitle    = {Machine Learning and Knowledge Discovery in Databases},
  volume       = {11906},
  pages        = {524--540},
  year         = {2019}
}

@inproceedings{islam2018signet,
  author       = {Mohammad Raihanul Islam and
                  B. Aditya Prakash and
                  Naren Ramakrishnan},
  title        = {SIGNet: Scalable Embeddings for Signed Networks},
  booktitle    = {Advances in Knowledge Discovery and Data Mining},
  volume       = {10938},
  pages        = {157--169},
  year         = {2018},
}









@inproceedings{xu2019link,
  author       = {Pinghua Xu and
                  Wenbin Hu and
                  Jia Wu and
                  Bo Du},
  title        = {Link Prediction with Signed Latent Factors in Signed Social Networks},
  booktitle    = {Proceedings of the 25th {ACM} {SIGKDD} International Conference on
                  Knowledge Discovery {\&} Data Mining},
  pages        = {1046--1054},
  year         = {2019}

}

@article{chung2013dirichlet,
  author       = {Fan Chung Graham and
                  Alexander Tsiatas and
                  Wensong Xu},
  title        = {Dirichlet PageRank and Ranking Algorithms Based on Trust and Distrust},
  journal      = {Internet Math.},
  volume       = {9},
  number       = {1},
  pages        = {113--134},
  year         = {2013},

}

@article{shahriari2014ranking,
  author       = {Moshen Shahriari and
                  Mahdi Jalili},
  title        = {Ranking Nodes in Signed Social Networks},
  journal      = {Soc. Netw. Anal. Min.},
  volume       = {4},
  number       = {1},
  pages        = {172},
  year         = {2014},

}

@inproceedings{tzeng2020discovering,
  author       = {Ruo{-}Chun Tzeng and
                  Bruno Ordozgoiti and
                  Aristides Gionis},
  title        = {Discovering conflicting groups in signed networks},
  booktitle    = {Advances in Neural Information Processing Systems 33},
  year         = {2020}
}


@inproceedings{he2022sssnet,
  author       = {Yixuan He and
                  Gesine Reinert and
                  Songchao Wang and
                  Mihai Cucuringu},
  title        = {{SSSNET:} Semi-Supervised Signed Network Clustering},
  booktitle    = {Proceedings of the 2022 {SIAM} International Conference on Data Mining,
                  {SDM}},
  pages        = {244--252},
  year         = {2022}
}

@inproceedings{derr2018signed,
  author       = {Tyler Derr and
                  Yao Ma and
                  Jiliang Tang},
  title        = {Signed Graph Convolutional Networks},
  booktitle    = {{IEEE} International Conference on Data Mining, {ICDM}},
  pages        = {929--934},
  year         = {2018}
}

@inproceedings{chen2018bridge,
  author       = {Yiqi Chen and
                  Tieyun Qian and
                  Huan Liu and
                  Ke Sun},
  title        = {"Bridge": Enhanced Signed Directed Network Embedding},
  booktitle    = {Proceedings of the 27th {ACM} International Conference on Information
                  and Knowledge Management, {CIKM}},
  pages        = {773--782},
  year         = {2018},

}

@inproceedings{huang2019signed,
  author       = {Junjie Huang and
                  Huawei Shen and
                  Liang Hou and
                  Xueqi Cheng},
  title        = {Signed Graph Attention Networks},
  booktitle    = {Artificial Neural Networks and Machine Learning},
  volume       = {11731},
  pages        = {566--577},
  publisher    = {Springer},
  year         = {2019},

}

@inproceedings{li2020learning,
  author       = {Yu Li and
                  Yuan Tian and
                  Jiawei Zhang and
                  Yi Chang},
  title        = {Learning Signed Network Embedding via Graph Attention},
  booktitle    = {The Thirty-Fourth {AAAI} Conference on Artificial Intelligence, {AAAI}
                  },
  pages        = {4772--4779},
  year         = {2020}

}

@inproceedings{wang2017signed,
  author       = {Suhang Wang and
                  Jiliang Tang and
                  Charu C. Aggarwal and
                  Yi Chang and
                  Huan Liu},
  title        = {Signed Network Embedding in Social Media},
  booktitle    = {Proceedings of the 2017 {SIAM} International Conference on Data Mining,
                  Houston},
  pages        = {327--335},
  publisher    = {{SIAM}},
  year         = {2017},

}


@article{jung2020signed,
  author       = {Jinhong Jung and
                  Jaemin Yoo and
                  U Kang},
  title        = {Signed Graph Diffusion Network},
  year         = {2020},
  eprinttype    = {arXiv},
  eprint       = {2012.14191}
}



@inproceedings{liu2021signed,
  author       = {Haoxin Liu and
                  Ziwei Zhang and
                  Peng Cui and
                  Yafeng Zhang and
                  Qiang Cui and
                  Jiashuo Liu and
                  Wenwu Zhu},
  title        = {Signed Graph Neural Network with Latent Groups},
  booktitle    = {The 27th {ACM} {SIGKDD} Conference on Knowledge Discovery
                  and Data Mining},
  pages        = {1066--1075},
  year         = {2021},

}

@inproceedings{li2023signed,
  author       = {Yu Li and
                  Meng Qu and
                  Jian Tang and
                  Yi Chang},
  title        = {Signed Laplacian Graph Neural Networks},
  booktitle    = {Thirty-Seventh {AAAI} Conference on Artificial Intelligence, {AAAI}
                  2023, Thirty-Fifth Conference on Innovative Applications of Artificial
                  Intelligence},
  pages        = {4444--4452},
  year         = {2023},
  publisher    = {{AAAI} Press},

}

@article{cartwright1956structural,
  title={Structural balance: a generalization of Heider's theory.},
  author={Cartwright, Dorwin and Harary, Frank},
  journal={Psychological review},
  volume={63},
  number={5},
  pages={277},
  year={1956},
  publisher={American Psychological Association}
}

@article{harary1953notion,
  title={On the notion of balance of a signed graph.},
  author={Harary, Frank},
  journal={Michigan Mathematical Journal},
  volume={2},
  number={2},
  pages={143--146},
  year={1953},
  publisher={University of Michigan, Department of Mathematics}
}

@article{yang2007community,
  author       = {Bo Yang and
                  William K. Cheung and
                  Jiming Liu},
  title        = {Community Mining from Signed Social Networks},
  journal      = {{IEEE} Trans. Knowl. Data Eng.},
  volume       = {19},
  number       = {10},
  pages        = {1333--1348},
  year         = {2007},
}

@article{davis1967clustering,
  title={Clustering and structural balance in graphs},
  author={Davis, James A},
  journal={Human relations},
  volume={20},
  number={2},
  pages={181--187},
  year={1967}
}

@article{knyazev2001toward,
  author       = {Andrew V. Knyazev},
  title        = {Toward the Optimal Preconditioned Eigensolver: Locally Optimal Block
                  Preconditioned Conjugate Gradient Method},
  journal      = {{SIAM} J. Sci. Comput.},
  volume       = {23},
  number       = {2},
  pages        = {517--541},
  year         = {2001},

}

@inproceedings{PanHLJYZ18,
  author    = {Shirui Pan and
               Ruiqi Hu and
               Guodong Long and
               Jing Jiang and
               Lina Yao and
               Chengqi Zhang},
  title     = {Adversarially Regularized Graph Autoencoder for Graph Embedding},
  booktitle = {Proceedings of the Twenty-Seventh International Joint Conference on
               Artificial Intelligence, {IJCAI}},
  year      = {2018},
  pages     = {2609--2615},
}

@inproceedings{wang2019attributed,
  author       = {Chun Wang and
                  Shirui Pan and
                  Ruiqi Hu and
                  Guodong Long and
                  Jing Jiang and
                  Chengqi Zhang},
  title        = {Attributed Graph Clustering: {A} Deep Attentional Embedding Approach},
  booktitle    = {Proceedings of the Twenty-Eighth International Joint Conference on
                  Artificial Intelligence, {IJCAI}},
  pages        = {3670--3676},
  year         = {2019},

}

@inproceedings{bo2020structural,
  author       = {Deyu Bo and
                  Xiao Wang and
                  Chuan Shi and
                  Meiqi Zhu and
                  Emiao Lu and
                  Peng Cui},
  title        = {Structural Deep Clustering Network},
  booktitle    = {The Web Conference 2020},
  pages        = {1400--1410},
  year         = {2020},
}

@inproceedings{LiuTZLSYZ22,
  author    = {Yue Liu and
               Wenxuan Tu and
               Sihang Zhou and
               Xinwang Liu and
               Linxuan Song and
               Xihong Yang and
               En Zhu},
  title     = {Deep Graph Clustering via Dual Correlation Reduction},
  booktitle = {Thirty-Sixth {AAAI} Conference on Artificial Intelligence, {AAAI}
               },
  pages     = {7603--7611},
  year      = {2022},

}

@inproceedings{tu2021deep,
  author    = {Wenxuan Tu and
               Sihang Zhou and
               Xinwang Liu and
               Xifeng Guo and
               Zhiping Cai and
               En Zhu and
               Jieren Cheng},
  title     = {Deep Fusion Clustering Network},
  booktitle = {Thirty-Fifth {AAAI} Conference on Artificial Intelligence, {AAAI}
               },
  pages     = {9978--9987},
  year      = {2021}

}

@inproceedings{Mercado2019Spectral,
  author       = {Pedro Mercado and
                  Francesco Tudisco and
                  Matthias Hein},
  title        = {Spectral Clustering of Signed Graphs via Matrix Power Means},
  booktitle    = {Proceedings of the 36th International Conference on Machine Learning,
                  {ICML}},
  volume       = {97},
  pages        = {4526--4536},
  year         = {2019}

}


@inproceedings{Yoo2017super,
  author       = {Jaemin Yoo and
                  Saehan Jo and
                  U Kang},
  title        = {Supervised Belief Propagation: Scalable Supervised Inference on Attributed
                  Networks},
  booktitle    = {2017 {IEEE} International Conference on Data Mining, {ICDM}},
  pages        = {595--604},
  publisher    = {{IEEE} Computer Society},
  year         = {2017},

}

@inproceedings{Mercado2016clustering,
  author       = {Pedro Mercado and
                  Francesco Tudisco and
                  Matthias Hein},
  title        = {Clustering Signed Networks with the Geometric Mean of Laplacians},
  booktitle    = {Advances in Neural Information Processing Systems 29},
  pages        = {4421--4429},
  year         = {2016},

}

@article{zhang2024dropedge,
  title={DropEdge not Foolproof: Effective Augmentation Method for Signed Graph Neural Networks},
  author={Zhang, Zeyu and Li, Lu and Wan, Shuyan and Wang, Sijie and Wang, Zhiyi and Lu, Zhiyuan and Hao, Dong and Li, Wanli},
  journal={NeurIPS},
  year={2024}
}

@inproceedings{zhang2023contrastive,
  title={Contrastive learning for signed bipartite graphs},
  author={Zhang, Zeyu and Liu, Jiamou and Zhao, Kaiqi and Yang, Song and Zheng, Xianda and Wang, Yifei},
  booktitle={Proceedings of the 46th International ACM SIGIR Conference on Research and Development in Information Retrieval},
  pages={1629--1638},
  year={2023}
}

@article{pan2024csgdn,
  title={CSGDN: Contrastive Signed Graph Diffusion Network for Predicting Crop Gene-Trait Associations},
  author={Pan, Yiru and Ji, Xingyu and You, Jiaqi and Li, Lu and Liu, Zhenping and Zhang, Xianlong and Zhang, Zeyu and Wang, Maojun},
  journal={arXiv:2410.07511},
  year={2024}
}


@inproceedings{Mercado2019nodeclass,
  author       = {Pedro Mercado and
                  Jessica Bosch and
                  Martin Stoll},
  title        = {Node Classification for Signed Social Networks Using Diffuse Interface
                  Methods},
  booktitle    = {Machine Learning and Knowledge Discovery in Databases},
  volume       = {11906},
  pages        = {524--540},
  publisher    = {Springer},
  year         = {2019},

}

@inproceedings{Tang2016nodeclass,
  author       = {Jiliang Tang and
                  Charu C. Aggarwal and
                  Huan Liu},
  title        = {Node Classification in Signed Social Networks},
  booktitle    = {Proceedings of the 2016 {SIAM} International Conference on Data Mining
                  },
  pages        = {54--62},
  publisher    = {{SIAM}},
  year         = {2016},

}
@inproceedings{TangAL16,
  author       = {Jiliang Tang and
                  Charu C. Aggarwal and
                  Huan Liu},
  title        = {Recommendations in Signed Social Networks},
  booktitle    = {Proceedings of the 25th International Conference on World Wide Web,
                  {WWW}},
  pages        = {31--40},
  year         = {2016}

}


@inproceedings{Leskovec2010Predicting,
  author       = {Jure Leskovec and
                  Daniel P. Huttenlocher and
                  Jon M. Kleinberg},
  title        = {Predicting positive and negative links in online social networks},
  booktitle    = {Proceedings of the 19th International Conference on World Wide Web,
                  {WWW}},
  pages        = {641--650},
  publisher    = {{ACM}},
  year         = {2010},

}

@article{Graham2013Dirichlet,
  author       = {Fan Chung Graham and
                  Alexander Tsiatas and
                  Wensong Xu},
  title        = {Dirichlet PageRank and Ranking Algorithms Based on Trust and Distrust},
  journal      = {Internet Math.},
  volume       = {9},
  number       = {1},
  pages        = {113--134},
  year         = {2013},

}

@article{ShahriariJ2014Rankingnode,
  author       = {Moshen Shahriari and
                  Mahdi Jalili},
  title        = {Ranking Nodes in Signed Social Networks},
  journal      = {Soc. Netw. Anal. Min.},
  volume       = {4},
  number       = {1},
  pages        = {172},
  year         = {2014},

}

@inproceedings{ZhangLZWHW2023RSGNN,
  author       = {Zeyu Zhang and
                  Jiamou Liu and
                  Xianda Zheng and
                  Yifei Wang and
                  Pengqian Han and
                  Yupan Wang and
                  Kaiqi Zhao and
                  Zijian Zhang},
  title        = {{RSGNN:} {A} Model-agnostic Approach for Enhancing the Robustness
                  of Signed Graph Neural Networks},
  booktitle    = {Proceedings of the {ACM} Web Conference 2023, {WWW}},
  pages        = {60--70},
  year         = {2023}

}

@inproceedings{BanerjeeSGSD12,
  author       = {Sujogya Banerjee and
                  Kaushik Sarkar and
                  Sedat Gokalp and
                  Arunabha Sen and
                  Hasan Davulcu},
  title        = {Partitioning Signed Bipartite Graphs for Classification of Individuals
                  and Organizations},
  booktitle    = {Social Computing, Behavioral - Cultural Modeling and Prediction -
                  5th International Conference, {SBP}},
  volume       = {7227},
  pages        = {196--204},
  year         = {2012}

}

@inproceedings{LeskovecHK10,
  author       = {Jure Leskovec and
                  Daniel P. Huttenlocher and
                  Jon M. Kleinberg},
  title        = {Predicting positive and negative links in online social networks},
  booktitle    = {Proceedings of the 19th International Conference on World Wide Web,
                  {WWW}},
  pages        = {641--650},
  year         = {2010},

}

@inproceedings{ZieglerJGK10,
  author       = {Hartmut Ziegler and
                  Marco Jenny and
                  Tino Gruse and
                  Daniel A. Keim},
  title        = {Visual market sector analysis for financial time series data},
  booktitle    = {5th {IEEE} Conference on Visual Analytics Science and Technology,
                  {IEEE}},
  pages        = {83--90},
  year         = {2010},

}

@article{PavlidisPTV06,
  author       = {Nicos G. Pavlidis and
                  Vassilis P. Plagianakos and
                  Dimitris K. Tasoulis and
                  Michael N. Vrahatis},
  title        = {Financial forecasting through unsupervised clustering and neural networks},
  journal      = {Oper. Res.},
  volume       = {6},
  number       = {2},
  pages        = {103--127},
  year         = {2006},

}

@inproceedings{WangATL17,
  author       = {Suhang Wang and
                  Charu C. Aggarwal and
                  Jiliang Tang and
                  Huan Liu},
  title        = {Attributed Signed Network Embedding},
  booktitle    = {Proceedings of the 2017 {ACM} on Conference on Information and Knowledge
                  Management, {CIKM}},
  pages        = {137--146},
  publisher    = {{ACM}},
  year         = {2017},

}

@inproceedings{DerrAT18,
  author       = {Tyler Derr and
                  Charu C. Aggarwal and
                  Jiliang Tang},
  title        = {Signed Network Modeling Based on Structural Balance Theory},
  booktitle    = {Proceedings of the 27th {ACM} International Conference on Information
                  and Knowledge Management, {CIKM}},
  pages        = {557--566},
  year         = {2018}

}

@inproceedings{HuangSHC21,
  author       = {Junjie Huang and
                  Huawei Shen and
                  Liang Hou and
                  Xueqi Cheng},
  title        = {{SDGNN:} Learning Node Representation for Signed Directed Networks},
  booktitle    = {Thirty-Fifth {AAAI} Conference on Artificial Intelligence},
  year         = {2021},
  pages        = {196--203},
}

@article{FujitaSKSPM12,
  author       = {Andr{\'{e}} Fujita and
                  Patricia Severino and
                  Kaname Kojima and
                  Jo{\~{a}}o Ricardo Sato and
                  Alexandre Galv{\~{a}}o Patriota and
                  Satoru Miyano},
  title        = {Functional clustering of time series gene expression data by Granger
                  causality},
  journal      = {{BMC} Syst. Biol.},
  volume       = {6},
  pages        = {137},
  year         = {2012},
}

@misc{Epinions,
   title = {Epinions data set},
   howpublished = {\url{http://www.epinions.com.}}
}

@inproceedings{00080XZYLL23,
  author       = {Yue Liu and
                  Ke Liang and
                  Jun Xia and
                  Sihang Zhou and
                  Xihong Yang and
                  Xinwang Liu and
                  Stan Z. Li},
  title        = {Dink-Net: Neural Clustering on Large Graphs},
  booktitle    = {International Conference on Machine Learning, {ICML}},
  volume       = {202},
  pages        = {21794--21812},
  year         = {2023}
}

@inproceedings{BhowmickKHSM24,
  author       = {Aritra Bhowmick and
                  Mert Kosan and
                  Zexi Huang and
                  Ambuj K. Singh and
                  Sourav Medya},
  title        = {{DGCLUSTER:} {A} Neural Framework for Attributed Graph Clustering
                  via Modularity Maximization},
  booktitle    = {Thirty-Eighth {AAAI} Conference on Artificial Intelligence},
  year         = {2024},
  pages        = {11069--11077}
}


@inproceedings{LiuLCWWZTSFMWC24,
  author       = {Yunfei Liu and
                  Jintang Li and
                  Yuehe Chen and
                  Ruofan Wu and
                  Ericbk Wang and
                  Jing Zhou and
                  Sheng Tian and
                  Shuheng Shen and
                  Xing Fu and
                  Changhua Meng and
                  Weiqiang Wang and
                  Liang Chen},
  title        = {Revisiting Modularity Maximization for Graph Clustering: {A} Contrastive Learning Perspective},
  booktitle    = {Proceedings of the 30th {ACM} {SIGKDD} Conference on Knowledge Discovery
                  and Data Mining},
  pages        = {1968--1979},
  year         = {2024}
}

@inproceedings{LeeSK20,
  author       = {Yeon{-}Chang Lee and
                  Nayoun Seo and
                  Sang{-}Wook Kim},
  title        = {Are Negative Links Really Beneficial to Network Embedding?: In-Depth
                  Analysis and Interesting Results},
  booktitle    = {The 29th {ACM} International Conference on Information
                  and Knowledge Management},
  pages        = {2113--2116},
  year         = {2020}
}

@article{SinghC23,
  author       = {Rahul Singh and
                  Yongxin Chen},
  title        = {Signed Graph Neural Networks: {A} Frequency Perspective},
  journal      = {Trans. Mach. Learn. Res.},
  volume       = {2023},
  year         = {2023}
}

@article{balcilar2020gap,
  author       = {Muhammet Balcilar and
                  Guillaume Renton and
                  Pierre H{\'{e}}roux and
                  Benoit Ga{\"{u}}z{\`{e}}re and
                  S{\'{e}}bastien Adam and
                  Paul Honeine},
  title        = {Bridging the Gap Between Spectral and Spatial Domains in Graph Neural
                  Networks},
  journal      = {CoRR},
  volume       = {abs/2003.11702},
  year         = {2020},

}

@inproceedings{WuSZFYW19sgc,
  author       = {Felix Wu and
                  Amauri H. Souza Jr. and
                  Tianyi Zhang and
                  Christopher Fifty and
                  Tao Yu and
                  Kilian Q. Weinberger},
  title        = {Simplifying Graph Convolutional Networks},
  booktitle    = {Proceedings of the 36th International Conference on Machine Learning,
                  {ICML} 2019, 9-15 June 2019, Long Beach, California, {USA}},
  volume       = {97},
  pages        = {6861--6871},
  year         = {2019}

}

@article{GhasemianHC20,
  author       = {Amir Ghasemian and
                  Homa Hosseinmardi and
                  Aaron Clauset},
  title        = {Evaluating Overfit and Underfit in Models of Network Community Structure},
  journal      = {{IEEE} Trans. Knowl. Data Eng.},
  volume       = {32},
  number       = {9},
  pages        = {1722--1735},
  year         = {2020}

}


