@article{kinney2023semantic,
  title={The semantic scholar open data platform},
  author={Kinney, Rodney and Anastasiades, Chloe and Authur, Russell and Beltagy, Iz and Bragg, Jonathan and Buraczynski, Alexandra and Cachola, Isabel and Candra, Stefan and Chandrasekhar, Yoganand and Cohan, Arman and others},
  journal={arXiv preprint arXiv:2301.10140},
  year={2023}
}


@misc{GROBID,
    title = {GROBID},
    howpublished = {\url{https://github.com/kermitt2/grobid}},
    publisher = {GitHub},
    year = {2008--2025},
    archivePrefix = {swh},
    eprint = {1:dir:dab86b296e3c3216e2241968f0d63b68e8209d3c}
}


@article{ouyang2022training,
  title={Training language models to follow instructions with human feedback},
  author={Ouyang, Long and Wu, Jeffrey and Jiang, Xu and Almeida, Diogo and Wainwright, Carroll and Mishkin, Pamela and Zhang, Chong and Agarwal, Sandhini and Slama, Katarina and Ray, Alex and others},
  journal={Advances in neural information processing systems},
  volume={35},
  pages={27730--27744},
  year={2022}
}


@inproceedings{beltagy2019scibert,
  title={SciBERT: A Pretrained Language Model for Scientific Text},
  author={Beltagy, Iz and Lo, Kyle and Cohan, Arman},
  booktitle={Proceedings of the 2019 Conference on Empirical Methods in Natural Language Processing and the 9th International Joint Conference on Natural Language Processing (EMNLP-IJCNLP)},
  pages={3615--3620},
  year={2019}
}



@article{clement2019use,
  title={On the use of arxiv as a dataset},
  author={Clement, Colin B and Bierbaum, Matthew and O'Keeffe, Kevin P and Alemi, Alexander A},
  journal={arXiv preprint arXiv:1905.00075},
  year={2019}
}


@article{radev2013acl,
  title={The ACL anthology network corpus},
  author={Radev, Dragomir R and Muthukrishnan, Pradeep and Qazvinian, Vahed and Abu-Jbara, Amjad},
  journal={Language Resources and Evaluation},
  volume={47},
  pages={919--944},
  year={2013},
  publisher={Springer}
}


@inproceedings{salatino2018augur,
  title={AUGUR: forecasting the emergence of new research topics},
  author={Salatino, Angelo A and Osborne, Francesco and Motta, Enrico},
  booktitle={Proceedings of the 18th ACM/IEEE on joint conference on digital libraries},
  pages={303--312},
  year={2018}
}


@inproceedings{cohan2018discourse,
  title={A Discourse-Aware Attention Model for Abstractive Summarization of Long Documents},
  author={Cohan, Arman and Dernoncourt, Franck and Kim, Doo Soon and Bui, Trung and Kim, Seokhwan and Chang, Walter and Goharian, Nazli},
  booktitle={Proceedings of the 2018 Conference of the North American Chapter of the Association for Computational Linguistics: Human Language Technologies, Volume 2 (Short Papers)},
  pages={615--621},
  year={2018}
}



@inproceedings{cachola2020tldr,
  title={TLDR: Extreme Summarization of Scientific Documents},
  author={Cachola, Isabel and Lo, Kyle and Cohan, Arman and Weld, Daniel S},
  booktitle={Findings of the Association for Computational Linguistics: EMNLP 2020},
  pages={4766--4777},
  year={2020}
}







@inproceedings{lo2020s2orc,
  title={S2ORC: The Semantic Scholar Open Research Corpus},
  author={Lo, Kyle and Wang, Lucy Lu and Neumann, Mark and Kinney, Rodney and Weld, Daniel S},
  booktitle={Proceedings of the 58th Annual Meeting of the Association for Computational Linguistics},
  pages={4969--4983},
  year={2020}
}



@article{wang2020microsoft,
  title={Microsoft academic graph: When experts are not enough},
  author={Wang, Kuansan and Shen, Zhihong and Huang, Chiyuan and Wu, Chieh-Han and Dong, Yuxiao and Kanakia, Anshul},
  journal={Quantitative Science Studies},
  volume={1},
  number={1},
  pages={396--413},
  year={2020},
  publisher={MIT Press One Rogers Street, Cambridge, MA 02142-1209, USA journals-info~â€¦}
}


@article{knoth2012core,
  title={CORE: three access levels to underpin open access},
  author={Knoth, Petr and Zdrahal, Zdenek},
  journal={D-Lib Magazine},
  volume={18},
  number={11/12},
  pages={1--13},
  year={2012},
  publisher={Corporation for National Research Initiatives}
}



@article{bronstein2021geometric,
  title={Geometric deep learning: Grids, groups, graphs, geodesics, and gauges},
  author={Bronstein, Michael M and Bruna, Joan and Cohen, Taco and Veli{\v{c}}kovi{\'c}, Petar},
  journal={arXiv preprint arXiv:2104.13478},
  year={2021}
}


@article{brown2020language,
  title={Language models are few-shot learners},
  author={Brown, Tom and Mann, Benjamin and Ryder, Nick and Subbiah, Melanie and Kaplan, Jared D and Dhariwal, Prafulla and Neelakantan, Arvind and Shyam, Pranav and Sastry, Girish and Askell, Amanda and others},
  journal={Advances in neural information processing systems},
  volume={33},
  pages={1877--1901},
  year={2020}
}


@article{shazeer2017sparsely,
  title={The sparsely-gated mixture-of-experts layer},
  author={Shazeer, N and Mirhoseini, A and Maziarz, K and Davis, A and Le, Q and Hinton, G and Dean, J},
  journal={Outrageously large neural networks},
  year={2017}
}


@article{goodfellow2014generative,
  title={Generative adversarial nets},
  author={Goodfellow, Ian and Pouget-Abadie, Jean and Mirza, Mehdi and Xu, Bing and Warde-Farley, David and Ozair, Sherjil and Courville, Aaron and Bengio, Yoshua},
  journal={Advances in neural information processing systems},
  volume={27},
  year={2014}
}


@article{shneiderman2020human,
  title={Human-centered artificial intelligence: Reliable, safe \& trustworthy},
  author={Shneiderman, Ben},
  journal={International Journal of Human--Computer Interaction},
  volume={36},
  number={6},
  pages={495--504},
  year={2020},
  publisher={Taylor \& Francis}
}


@article{mehrabi2021survey,
  title={A survey on bias and fairness in machine learning},
  author={Mehrabi, Ninareh and Morstatter, Fred and Saxena, Nripsuta and Lerman, Kristina and Galstyan, Aram},
  journal={ACM computing surveys (CSUR)},
  volume={54},
  number={6},
  pages={1--35},
  year={2021},
  publisher={ACM New York, NY, USA}
}

@article{jobin2019global,
  title={The global landscape of AI ethics guidelines},
  author={Jobin, Anna and Ienca, Marcello and Vayena, Effy},
  journal={Nature machine intelligence},
  volume={1},
  number={9},
  pages={389--399},
  year={2019},
  publisher={Nature Publishing Group UK London}
}


@inproceedings{koehn2003statistical,
  title={Statistical phrase-based translation},
  author={Koehn, Philipp and Och, Franz Josef and Marcu, Daniel},
  booktitle={2003 Conference of the North American Chapter of the Association for Computational Linguistics on Human Langauge Technology (HLT-NAACL 2003)},
  pages={48--54},
  year={2003},
  organization={Association for Computational Linguistics}
}


@book{manning1999foundations,
  title={Foundations of statistical natural language processing},
  author={Manning, Christopher and Schutze, Hinrich},
  year={1999},
  publisher={MIT press}
}


@inproceedings{devlin2019bert,
  title={Bert: Pre-training of deep bidirectional transformers for language understanding},
  author={Devlin, Jacob and Chang, Ming-Wei and Lee, Kenton and Toutanova, Kristina},
  booktitle={Proceedings of the 2019 conference of the North American chapter of the association for computational linguistics: human language technologies, volume 1 (long and short papers)},
  pages={4171--4186},
  year={2019}
}


@article{lewis2020retrieval,
  title={Retrieval-augmented generation for knowledge-intensive nlp tasks},
  author={Lewis, Patrick and Perez, Ethan and Piktus, Aleksandra and Petroni, Fabio and Karpukhin, Vladimir and Goyal, Naman and K{\"u}ttler, Heinrich and Lewis, Mike and Yih, Wen-tau and Rockt{\"a}schel, Tim and others},
  journal={Advances in neural information processing systems},
  volume={33},
  pages={9459--9474},
  year={2020}
}


@inproceedings{houlsby2019parameter,
  title={Parameter-efficient transfer learning for NLP},
  author={Houlsby, Neil and Giurgiu, Andrei and Jastrzebski, Stanislaw and Morrone, Bruna and De Laroussilhe, Quentin and Gesmundo, Andrea and Attariyan, Mona and Gelly, Sylvain},
  booktitle={International conference on machine learning},
  pages={2790--2799},
  year={2019},
  organization={PMLR}
}


@article{liu2023visual,
  title={Visual instruction tuning},
  author={Liu, Haotian and Li, Chunyuan and Wu, Qingyang and Lee, Yong Jae},
  journal={Advances in neural information processing systems},
  volume={36},
  pages={34892--34916},
  year={2023}
}


@inproceedings{wei2022finetuned,
  title={Finetuned Language Models are Zero-Shot Learners},
  author={Wei, Jason and Bosma, Maarten and Zhao, Vincent and Guu, Kelvin and Yu, Adams Wei and Lester, Brian and Du, Nan and Dai, Andrew M and Le, Quoc V},
  booktitle={International Conference on Learning Representations},
  year={2022}
}


@article{ren2015faster,
  title={Faster r-cnn: Towards real-time object detection with region proposal networks},
  author={Ren, Shaoqing and He, Kaiming and Girshick, Ross and Sun, Jian},
  journal={Advances in neural information processing systems},
  volume={28},
  year={2015}
}


@inproceedings{long2015fully,
  title={Fully convolutional networks for semantic segmentation},
  author={Long, Jonathan and Shelhamer, Evan and Darrell, Trevor},
  booktitle={Proceedings of the IEEE conference on computer vision and pattern recognition},
  pages={3431--3440},
  year={2015}
}


@inproceedings{caron2021emerging,
  title={Emerging properties in self-supervised vision transformers},
  author={Caron, Mathilde and Touvron, Hugo and Misra, Ishan and J{\'e}gou, Herv{\'e} and Mairal, Julien and Bojanowski, Piotr and Joulin, Armand},
  booktitle={Proceedings of the IEEE/CVF international conference on computer vision},
  pages={9650--9660},
  year={2021}
}


@article{dosovitskiy2020image,
  title={An image is worth 16x16 words: Transformers for image recognition at scale},
  author={Dosovitskiy, Alexey and Beyer, Lucas and Kolesnikov, Alexander and Weissenborn, Dirk and Zhai, Xiaohua and Unterthiner, Thomas and Dehghani, Mostafa and Minderer, Matthias and Heigold, Georg and Gelly, Sylvain and others},
  journal={arXiv preprint arXiv:2010.11929},
  year={2020}
}

@article{mildenhall2021nerf,
  title={Nerf: Representing scenes as neural radiance fields for view synthesis},
  author={Mildenhall, Ben and Srinivasan, Pratul P and Tancik, Matthew and Barron, Jonathan T and Ramamoorthi, Ravi and Ng, Ren},
  journal={Communications of the ACM},
  volume={65},
  number={1},
  pages={99--106},
  year={2021},
  publisher={ACM New York, NY, USA}
}


@article{ho2020denoising,
  title={Denoising diffusion probabilistic models},
  author={Ho, Jonathan and Jain, Ajay and Abbeel, Pieter},
  journal={Advances in neural information processing systems},
  volume={33},
  pages={6840--6851},
  year={2020}
}

@article{grill2020bootstrap,
  title={Bootstrap your own latent-a new approach to self-supervised learning},
  author={Grill, Jean-Bastien and Strub, Florian and Altch{\'e}, Florent and Tallec, Corentin and Richemond, Pierre and Buchatskaya, Elena and Doersch, Carl and Avila Pires, Bernardo and Guo, Zhaohan and Gheshlaghi Azar, Mohammad and others},
  journal={Advances in neural information processing systems},
  volume={33},
  pages={21271--21284},
  year={2020}
}


@article{fortunato2018science,
  title={Science of science},
  author={Fortunato, Santo and Bergstrom, Carl T and B{\"o}rner, Katy and Evans, James A and Helbing, Dirk and Milojevi{\'c}, Sta{\v{s}}a and Petersen, Alexander M and Radicchi, Filippo and Sinatra, Roberta and Uzzi, Brian and others},
  journal={Science},
  volume={359},
  number={6379},
  pages={eaao0185},
  year={2018},
  publisher={American Association for the Advancement of Science}
}


@article{blei2003latent,
  title={Latent dirichlet allocation},
  author={Blei, David M and Ng, Andrew Y and Jordan, Michael I},
  journal={Journal of machine Learning research},
  volume={3},
  number={Jan},
  pages={993--1022},
  year={2003}
}

@article{mnih2015human,
  title={Human-level control through deep reinforcement learning},
  author={Mnih, Volodymyr and Kavukcuoglu, Koray and Silver, David and Rusu, Andrei A and Veness, Joel and Bellemare, Marc G and Graves, Alex and Riedmiller, Martin and Fidjeland, Andreas K and Ostrovski, Georg and others},
  journal={nature},
  volume={518},
  number={7540},
  pages={529--533},
  year={2015},
  publisher={Nature Publishing Group}
}


@inproceedings{liu2021self,
  title={Self-supervised Learning is More Robust to Dataset Imbalance},
  author={Liu, Hong and HaoChen, Jeff Z and Gaidon, Adrien and Ma, Tengyu},
  booktitle={International Conference on Learning Representations},
  year={2021}
}

@inproceedings{chen2020simple,
  title={A simple framework for contrastive learning of visual representations},
  author={Chen, Ting and Kornblith, Simon and Norouzi, Mohammad and Hinton, Geoffrey},
  booktitle={International conference on machine learning},
  pages={1597--1607},
  year={2020},
  organization={PmLR}
}


@inproceedings{gao2021simcse,
  title={SimCSE: Simple Contrastive Learning of Sentence Embeddings},
  author={Gao, Tianyu and Yao, Xingcheng and Chen, Danqi},
  booktitle={Proceedings of the 2021 Conference on Empirical Methods in Natural Language Processing},
  pages={6894--6910},
  year={2021}
}


@inproceedings{louis2011automatic,
  title={Automatic identification of general and specific sentences by leveraging discourse annotations},
  author={Louis, Annie and Nenkova, Ani},
  booktitle={Proceedings of 5th international joint conference on natural language processing},
  pages={605--613},
  year={2011}
}


@inproceedings{deyoung2021msË†2,
  title={MSË†2: Multi-Document Summarization of Medical Studies},
  author={DeYoung, Jay and Beltagy, Iz and van Zuylen, Madeleine and Kuehl, Bailey and Wang, Lucy Lu},
  booktitle={Proceedings of the 2021 Conference on Empirical Methods in Natural Language Processing},
  pages={7494--7513},
  year={2021}
}


@inproceedings{cohan2020specter,
  title={SPECTER: Document-level Representation Learning using Citation-informed Transformers},
  author={Cohan, Arman and Feldman, Sergey and Beltagy, Iz and Downey, Doug and Weld, Daniel S},
  booktitle={Proceedings of the 58th Annual Meeting of the Association for Computational Linguistics},
  pages={2270--2282},
  year={2020}
}


@article{chen2017science,
  title={Science mapping: a systematic review of the literature},
  author={Chen, Chaomei},
  journal={Journal of data and information science},
  volume={2},
  number={2},
  year={2017}
}


@article{newman2001structure,
  title={The structure of scientific collaboration networks},
  author={Newman, Mark EJ},
  journal={Proceedings of the national academy of sciences},
  volume={98},
  number={2},
  pages={404--409},
  year={2001},
  publisher={The National Academy of Sciences}
}


@article{narong2023keyword,
  title={A keyword co-occurrence analysis of research on service learning: Conceptual foci and emerging research trends},
  author={Narong, David Kongpiwatana and Hallinger, Phillip},
  journal={Education Sciences},
  volume={13},
  number={4},
  pages={339},
  year={2023},
  publisher={MDPI}
}


@article{silver2017mastering,
  title={Mastering the game of go without human knowledge},
  author={Silver, David and Schrittwieser, Julian and Simonyan, Karen and Antonoglou, Ioannis and Huang, Aja and Guez, Arthur and Hubert, Thomas and Baker, Lucas and Lai, Matthew and Bolton, Adrian and others},
  journal={nature},
  volume={550},
  number={7676},
  pages={354--359},
  year={2017},
  publisher={Nature Publishing Group UK London}
}

@article{garcez2019neural,
  title={Neural-symbolic computing: An effective methodology for principled integration of machine learning and reasoning},
  author={Garcez, Artur d'Avila and Gori, Marco and Lamb, Luis C and Serafini, Luciano and Spranger, Michael and Tran, Son N},
  journal={arXiv preprint arXiv:1905.06088},
  year={2019}
}


@article{manhaeve2021neural,
  title={Neural probabilistic logic programming in DeepProbLog},
  author={Manhaeve, Robin and Duman{\v{c}}i{\'c}, Sebastijan and Kimmig, Angelika and Demeester, Thomas and De Raedt, Luc},
  journal={Artificial Intelligence},
  volume={298},
  pages={103504},
  year={2021},
  publisher={Elsevier}
}


@article{dettmers2023qlora,
  title={Qlora: Efficient finetuning of quantized llms},
  author={Dettmers, Tim and Pagnoni, Artidoro and Holtzman, Ari and Zettlemoyer, Luke},
  journal={Advances in neural information processing systems},
  volume={36},
  pages={10088--10115},
  year={2023}
}

@article{schwartz2020green,
  title={Green ai},
  author={Schwartz, Roy and Dodge, Jesse and Smith, Noah A and Etzioni, Oren},
  journal={Communications of the ACM},
  volume={63},
  number={12},
  pages={54--63},
  year={2020},
  publisher={ACM New York, NY, USA}
}


@article{kairouz2021advances,
  title={Advances and open problems in federated learning},
  author={Kairouz, Peter and McMahan, H Brendan and Avent, Brendan and Bellet, Aur{\'e}lien and Bennis, Mehdi and Bhagoji, Arjun Nitin and Bonawitz, Kallista and Charles, Zachary and Cormode, Graham and Cummings, Rachel and others},
  journal={Foundations and trends{\textregistered} in machine learning},
  volume={14},
  number={1--2},
  pages={1--210},
  year={2021},
  publisher={Now Publishers, Inc.}
}


@inproceedings{weidinger2022taxonomy,
  title={Taxonomy of risks posed by language models},
  author={Weidinger, Laura and Uesato, Jonathan and Rauh, Maribeth and Griffin, Conor and Huang, Po-Sen and Mellor, John and Glaese, Amelia and Cheng, Myra and Balle, Borja and Kasirzadeh, Atoosa and others},
  booktitle={Proceedings of the 2022 ACM conference on fairness, accountability, and transparency},
  pages={214--229},
  year={2022}
}


@article{amodei2016concrete,
  title={Concrete problems in AI safety},
  author={Amodei, Dario and Olah, Chris and Steinhardt, Jacob and Christiano, Paul and Schulman, John and Man{\'e}, Dan},
  journal={arXiv preprint arXiv:1606.06565},
  year={2016}
}

@inproceedings{chen2024susceptible,
  title={How Susceptible are Large Language Models to Ideological Manipulation?},
  author={Chen, Kai and He, Zihao and Yan, Jun and Shi, Taiwei and Lerman, Kristina},
  booktitle={Proceedings of the 2024 Conference on Empirical Methods in Natural Language Processing},
  pages={17140--17161},
  year={2024}
}


@inproceedings{he2024community,
  title={Community-Cross-Instruct: Unsupervised Instruction Generation for Aligning Large Language Models to Online Communities},
  author={He, Zihao and Chu, Minh and Dorn, Rebecca and Guo, Siyi and Lerman, Kristina},
  booktitle={Proceedings of the 2024 Conference on Empirical Methods in Natural Language Processing},
  pages={17001--17019},
  year={2024}
}


@inproceedings{he2024whose,
  title={Whose Emotions and Moral Sentiments do Language Models Reflect?},
  author={He, Zihao and Guo, Siyi and Rao, Ashwin and Lerman, Kristina},
  booktitle={Findings of the Association for Computational Linguistics ACL 2024},
  pages={6611--6631},
  year={2024}
}


@article{baltruvsaitis2018multimodal,
  title={Multimodal machine learning: A survey and taxonomy},
  author={Baltru{\v{s}}aitis, Tadas and Ahuja, Chaitanya and Morency, Louis-Philippe},
  journal={IEEE transactions on pattern analysis and machine intelligence},
  volume={41},
  number={2},
  pages={423--443},
  year={2018},
  publisher={IEEE}
}


@inproceedings{radford2021learning,
  title={Learning transferable visual models from natural language supervision},
  author={Radford, Alec and Kim, Jong Wook and Hallacy, Chris and Ramesh, Aditya and Goh, Gabriel and Agarwal, Sandhini and Sastry, Girish and Askell, Amanda and Mishkin, Pamela and Clark, Jack and others},
  booktitle={International conference on machine learning},
  pages={8748--8763},
  year={2021},
  organization={PmLR}
}


@article{alayrac2022flamingo,
  title={Flamingo: a visual language model for few-shot learning},
  author={Alayrac, Jean-Baptiste and Donahue, Jeff and Luc, Pauline and Miech, Antoine and Barr, Iain and Hasson, Yana and Lenc, Karel and Mensch, Arthur and Millican, Katherine and Reynolds, Malcolm and others},
  journal={Advances in neural information processing systems},
  volume={35},
  pages={23716--23736},
  year={2022}
}


@inproceedings{he2023alcap,
  title={ALCAP: Alignment-Augmented Music Captioner},
  author={He, Zihao and Hao, Weituo and Lu, Wei-Tsung and Chen, Changyou and Lerman, Kristina and Song, Xuchen},
  booktitle={Proceedings of the 2023 Conference on Empirical Methods in Natural Language Processing},
  pages={16501--16512},
  year={2023}
}



@article{nguyen2025smoothing,
  title={Smoothing Out Hallucinations: Mitigating LLM Hallucination with Smoothed Knowledge Distillation},
  author={Nguyen, Hieu and He, Zihao and Gandre, Shoumik Atul and Pasupulety, Ujjwal and Shivakumar, Sharanya Kumari and Lerman, Kristina},
  journal={arXiv preprint arXiv:2502.11306},
  year={2025}
}



@article{chu2024improving,
  title={Improving and Assessing the Fidelity of Large Language Models Alignment to Online Communities},
  author={Chu, Minh Duc and He, Zihao and Dorn, Rebecca and Lerman, Kristina},
  journal={arXiv preprint arXiv:2408.09366},
  year={2024}
}


@inproceedings{he2024reading,
  title={Reading Between the Tweets: Deciphering Ideological Stances of Interconnected Mixed-Ideology Communities},
  author={He, Zihao and Rao, Ashwin and Guo, Siyi and Mokhberian, Negar and Lerman, Kristina},
  booktitle={Findings of the Association for Computational Linguistics: EACL 2024},
  pages={1523--1536},
  year={2024}
}