@inproceedings{beltagy2019scibert,
  title={SciBERT: A Pretrained Language Model for Scientific Text},
  author={Beltagy, Iz and Lo, Kyle and Cohan, Arman},
  booktitle={Proceedings of the 2019 Conference on Empirical Methods in Natural Language Processing and the 9th International Joint Conference on Natural Language Processing (EMNLP-IJCNLP)},
  pages={3615--3620},
  year={2019}
}

@article{blei2003latent,
  title={Latent dirichlet allocation},
  author={Blei, David M and Ng, Andrew Y and Jordan, Michael I},
  journal={Journal of machine Learning research},
  volume={3},
  number={Jan},
  pages={993--1022},
  year={2003}
}

@article{chen2017science,
  title={Science mapping: a systematic review of the literature},
  author={Chen, Chaomei},
  journal={Journal of data and information science},
  volume={2},
  number={2},
  year={2017}
}

@inproceedings{cohan2020specter,
  title={SPECTER: Document-level Representation Learning using Citation-informed Transformers},
  author={Cohan, Arman and Feldman, Sergey and Beltagy, Iz and Downey, Doug and Weld, Daniel S},
  booktitle={Proceedings of the 58th Annual Meeting of the Association for Computational Linguistics},
  pages={2270--2282},
  year={2020}
}

@inproceedings{deyoung2021msˆ2,
  title={MSˆ2: Multi-Document Summarization of Medical Studies},
  author={DeYoung, Jay and Beltagy, Iz and van Zuylen, Madeleine and Kuehl, Bailey and Wang, Lucy Lu},
  booktitle={Proceedings of the 2021 Conference on Empirical Methods in Natural Language Processing},
  pages={7494--7513},
  year={2021}
}

@article{knoth2012core,
  title={CORE: three access levels to underpin open access},
  author={Knoth, Petr and Zdrahal, Zdenek},
  journal={D-Lib Magazine},
  volume={18},
  number={11/12},
  pages={1--13},
  year={2012},
  publisher={Corporation for National Research Initiatives}
}

@inproceedings{lo2020s2orc,
  title={S2ORC: The Semantic Scholar Open Research Corpus},
  author={Lo, Kyle and Wang, Lucy Lu and Neumann, Mark and Kinney, Rodney and Weld, Daniel S},
  booktitle={Proceedings of the 58th Annual Meeting of the Association for Computational Linguistics},
  pages={4969--4983},
  year={2020}
}

@inproceedings{louis2011automatic,
  title={Automatic identification of general and specific sentences by leveraging discourse annotations},
  author={Louis, Annie and Nenkova, Ani},
  booktitle={Proceedings of 5th international joint conference on natural language processing},
  pages={605--613},
  year={2011}
}

@article{narong2023keyword,
  title={A keyword co-occurrence analysis of research on service learning: Conceptual foci and emerging research trends},
  author={Narong, David Kongpiwatana and Hallinger, Phillip},
  journal={Education Sciences},
  volume={13},
  number={4},
  pages={339},
  year={2023},
  publisher={MDPI}
}

@article{newman2001structure,
  title={The structure of scientific collaboration networks},
  author={Newman, Mark EJ},
  journal={Proceedings of the national academy of sciences},
  volume={98},
  number={2},
  pages={404--409},
  year={2001},
  publisher={The National Academy of Sciences}
}

@article{wang2020microsoft,
  title={Microsoft academic graph: When experts are not enough},
  author={Wang, Kuansan and Shen, Zhihong and Huang, Chiyuan and Wu, Chieh-Han and Dong, Yuxiao and Kanakia, Anshul},
  journal={Quantitative Science Studies},
  volume={1},
  number={1},
  pages={396--413},
  year={2020},
  publisher={MIT Press One Rogers Street, Cambridge, MA 02142-1209, USA journals-info~…}
}

