@ARTICLE{Calibrated,
  author={Xu, Hongzuo and Wang, Yijie and Jian, Songlei and Liao, Qing and Wang, Yongjun and Pang, Guansong},
  journal={IEEE Transactions on Knowledge and Data Engineering}, 
  title={Calibrated One-Class Classification for Unsupervised Time Series Anomaly Detection}, 
  year={2024},
  volume={36},
  number={11},
  pages={5723-5736},
  publisher={IEEE}
}

@article{DARBAN2025carla,
title = {CARLA: Self-supervised contrastive representation learning for time series anomaly detection},
journal = {Pattern Recognition},
volume = {157},
pages = {110874},
year = {2025},
issn = {0031-3203},
doi = {https://doi.org/10.1016/j.patcog.2024.110874},
author = {Zahra Zamanzadeh Darban and Geoffrey I. Webb and Shirui Pan and Charu C. Aggarwal and Mahsa Salehi}
}

@article{audibert2022deep,
  title={Do deep neural networks contribute to multivariate time series anomaly detection?},
  author={Audibert, Julien and Michiardi, Pietro and Guyard, Fr{\'e}d{\'e}ric and Marti, S{\'e}bastien and Zuluaga, Maria A},
  journal={Pattern Recognition},
  volume={132},
  pages={108945},
  year={2022},
  publisher={Elsevier}
}

@inproceedings{breunig2000lof,
  title={LOF: identifying density-based local outliers},
  author={Breunig, Markus M and Kriegel, Hans-Peter and Ng, Raymond T and Sander, J{\"o}rg},
  booktitle={Proc. SIGMOD},
  pages={93--104},
  year={2000}
}

@article{darban2024deep,
  title={Deep learning for time series anomaly detection: A survey},
  author={Zamanzadeh Darban, Zahra and Webb, Geoffrey I and Pan, Shirui and Aggarwal, Charu and Salehi, Mahsa},
  journal={ACM Computing Surveys},
  volume={57},
  number={1},
  pages={1--42},
  year={2024},
  publisher={ACM New York, NY}
}

@article{hendrycks2018OE,
  title={Deep Anomaly Detection with Outlier Exposure},
  author={Hendrycks, Dan and Mazeika, Mantas and Dietterich, Thomas},
  journal={Proc. ICLR},
  year={2019}
}

@inproceedings{liu2008isolation,
    title={Isolation forest},
    author={Fei Tony Liu, Kai Ming Ting and Zhi-Hua Zhou},
    booktitle={Proc. ICDM},
    pages={413--422},
    year={2008},
}

@inproceedings{ncad2022,
 author = {Chris Carmona and Francois-Xavier Aubet and Valentin Flunkert and Jan Gasthaus},
 title = {Neural Contextual Anomaly Detection for Time Series},
 year = {2022},
 pages     = {2843--2851},
 booktitle={Proc. IJCAI}
}

@article{park2018lstmvae,
  title={A multimodal anomaly detector for robot-assisted feeding using an lstm-based variational autoencoder},
  author={Park, Daehyung and Hoshi, Yuuna and Kemp, Charles C},
  journal={IEEE Robotics and Automation Letters},
  pages={1544--1551},
  year={2018},
}

@article{schmidl2022anomaly,
    title={Anomaly detection in time series: a comprehensive evaluation},
    author={Sebastian Schmidl and Phillip Wenig and Thorsten Papenbrock},
    journal={VLDB},
    volume={15},
    number={9},
    pages={1779--1797},
    year={2022},
}

@article{scholkopf1999support,
  title={Support vector method for novelty detection},
  author={Sch{\"o}lkopf, Bernhard and Williamson, Robert C and Smola, Alex and Shawe-Taylor, John and Platt, John},
  journal={Adv. NIPS},
  volume={12},
  year={1999}
}

@article{shen2020thoc,
  title={Timeseries anomaly detection using temporal hierarchical one-class network},
  author={Shen, Lifeng and Li, Zhuocong and Kwok, James},
  journal={Adv. NeurIPS},
  volume={33},
  pages={13016--13026},
  year={2020}
}

@inproceedings{su2019robust,
  title={Robust anomaly detection for multivariate time series through stochastic recurrent neural network},
  author={Su, Ya and Zhao, Youjian and Niu, Chenhao and Liu, Rong and Sun, Wei and Pei, Dan},
  booktitle={Proc. SIGKDD},
  pages={2828--2837},
  year={2019}
}

@article{tuli2022tranad,
  title={TranAD: deep transformer networks for anomaly detection in multivariate time series data},
  author={Tuli, Shreshth and Casale, Giuliano and Jennings, Nicholas R},
  journal={Proc. VLDB Endowment},
  pages={1201--1214},
  year={2022},
}

@inproceedings{wang2024cutaddpaste,
  title={CutAddPaste: Time Series Anomaly Detection by Exploiting Abnormal Knowledge},
  author={Wang, Rui and Mou, Xudong and Yang, Renyu and Gao, Kai and Liu, Pin and Liu, Chongwei and Wo, Tianyu and Liu, Xudong},
  booktitle={Proc. SIGKDD},
  pages={3176--3187},
  year={2024}
}

@inproceedings{wu2023timesnet,
  title={TimesNet: Temporal 2D-Variation Modeling for General Time Series Analysis},
  author={Haixu Wu and Tengge Hu and Yong Liu and Hang Zhou and Jianmin Wang and Mingsheng Long},
  booktitle={Proc. ICLR},
  year={2023},
}

@inproceedings{xu2018donut,
  title={Unsupervised anomaly detection via variational auto-encoder for seasonal kpis in web applications},
  author={Xu, Haowen and Chen, Wenxiao and Zhao, Nengwen and Li, Zeyan and Bu, Jiahao and Li, Zhihan and Liu, Ying and Zhao, Youjian and Pei, Dan and Feng, Yang and others},
  booktitle={Proc. WWW},
  pages={187--196},
  year={2018}
}

@inproceedings{xu2021anomalytran,
  title={Anomaly Transformer: Time Series Anomaly Detection with Association Discrepancy},
  author={Xu, Jiehui and Wu, Haixu and Wang, Jianmin and Long, Mingsheng},
  booktitle={Proc. ICLR},
  year={2021}
}

@inproceedings{yang2023dcdetector,
  title={DCdetector: Dual Attention Contrastive Representation Learning for Time Series Anomaly Detection},
  author={Yiyuan Yang and Chaoli Zhang and Tian Zhou and Qingsong Wen and Liang Sun},
  booktitle={Proc. SIGKDD},
  pages={3033--3045},
  year={2023}
}

@inproceedings{yue2022ts2vec,
  title={Ts2vec: Towards universal representation of time series},
  author={Yue, Zhihan and Wang, Yujing and Duan, Juanyong and Yang, Tianmeng and Huang, Congrui and Tong, Yunhai and Xu, Bixiong},
  booktitle={Proc. AAAI},
  pages={8980--8987},
  year={2022}
}

@inproceedings{zhao2020mtad,
  title={Multivariate time-series anomaly detection via graph attention network},
  author={Zhao, Hang and Wang, Yujing and Duan, Juanyong and Huang, Congrui and Cao, Defu and Tong, Yunhai and Xu, Bixiong and Bai, Jing and Tong, Jie and Zhang, Qi},
  booktitle={Proc. ICDM},
  pages={841--850},
  year={2020},
}

