
%% Data citation example
@misc{yahoods,
  author		= "Laptev, N. and Y. B. and Amizadeh, S.",
  title			= "A Benchmark Dataset for Time Series Anomaly Detection.", 
  year			= "2015",
  url			= "https://yahooresearch.tumblr.com/post/114590420346/a-benchmark-dataset-for-time-series-anomaly."
}

@inproceedings{su2019robust,
  title={Robust anomaly detection for multivariate time series through stochastic recurrent neural network},
  author={Su, Ya and Zhao, Youjian and Niu, Chenhao and Liu, Rong and Sun, Wei and Pei, Dan},
  booktitle={Proc. SIGKDD},
  pages={2828--2837},
  year={2019}
}

@inproceedings{hundman2018detecting,
  title={Detecting spacecraft anomalies using lstms and nonparametric dynamic thresholding},
  author={Hundman, Kyle and Constantinou, Valentino and Laporte, Christopher and Colwell, Ian and Soderstrom, Tom},
  booktitle={Proc. SIGKDD},
  pages={387--395},
  year={2018}
}

@article{shen2020timeseries,
  title={Timeseries anomaly detection using temporal hierarchical one-class network},
  author={Shen, Lifeng and Li, Zhuocong and Kwok, James},
  journal={Adv. NeurIPS},
  volume={33},
  pages={13016--13026},
  year={2020}
}

@inproceedings{kim2022towards,
  title={Towards a rigorous evaluation of time-series anomaly detection},
  author={Kim, Siwon and Choi, Kukjin and Choi, Hyun-Soo and Lee, Byunghan and Yoon, Sungroh},
  booktitle={Proc. AAAI},
  pages={7194--7201},
  year={2022}
}

@article{shannon1948mathematical,
  title={A mathematical theory of communication},
  author={Shannon, Claude Elwood},
  journal={The Bell System Technical Journal},
  volume={27},
  number={3},
  pages={379--423},
  year={1948},
  publisher={Nokia Bell Labs}
}

@inproceedings{yue2022ts2vec,
  title={Ts2vec: Towards universal representation of time series},
  author={Yue, Zhihan and Wang, Yujing and Duan, Juanyong and Yang, Tianmeng and Huang, Congrui and Tong, Yunhai and Xu, Bixiong},
  booktitle={Proc. AAAI},
  pages={8980--8987},
  year={2022}
}

@article{pang2021deep,
  title={Deep learning for anomaly detection: A review},
  author={Pang, Guansong and Shen, Chunhua and Cao, Longbing and Hengel, Anton Van Den},
  journal={ACM Computing Surveys},
  volume={54},
  number={2},
  pages={1--38},
  year={2021},
  publisher={ACM New York, NY, USA}
}

@article{darban2024deep,
  title={Deep learning for time series anomaly detection: A survey},
  author={Zamanzadeh Darban, Zahra and Webb, Geoffrey I and Pan, Shirui and Aggarwal, Charu and Salehi, Mahsa},
  journal={ACM Computing Surveys},
  volume={57},
  number={1},
  pages={1--42},
  year={2024},
  publisher={ACM New York, NY}
}


@inproceedings{li2019mad,
  title={MAD-GAN: Multivariate anomaly detection for time series data with generative adversarial networks},
  author={Li, Dan and Chen, Dacheng and Jin, Baihong and Shi, Lei and Goh, Jonathan and Ng, See-Kiong},
  booktitle={ICANN: Text and Time Series},
  pages={703--716},
  year={2019},
  organization={Springer}
}

@inproceedings{chen2020simple,
  title={A simple framework for contrastive learning of visual representations},
  author={Chen, Ting and Kornblith, Simon and Norouzi, Mohammad and Hinton, Geoffrey},
  booktitle={Proc. ICML},
  pages={1597--1607},
  year={2020},
  organization={PMLR}
}

@article{le2020contrastive,
  title={Contrastive representation learning: A framework and review},
  author={Le-Khac, Phuc H and Healy, Graham and Smeaton, Alan F},
  journal={IEEE Access},
  volume={8},
  pages={193907--193934},
  year={2020},
}

@article{ismail2019deep,
  title={Deep learning for time series classification: a review},
  author={Ismail Fawaz, Hassan and Forestier, Germain and Weber, Jonathan and Idoumghar, Lhassane and Muller, Pierre-Alain},
  journal={Data Mining and Knowledge Discovery},
  volume={33},
  number={4},
  pages={917--963},
  year={2019},
  publisher={Springer}
}

@article{Tuli2022TranADDT,
  title={TranAD: Deep Transformer Networks for Anomaly Detection in Multivariate Time Series Data},
  author={Shreshth Tuli and Giuliano Casale and Nicholas R. Jennings},
  journal={Proc. VLDB Endowment},
  year={2022},
  volume={15},
  pages={1201-1214}
}

@inproceedings{wu2023timesnet,
  title={TimesNet: Temporal 2D-Variation Modeling for General Time Series Analysis},
  author={Haixu Wu and Tengge Hu and Yong Liu and Hang Zhou and Jianmin Wang and Mingsheng Long},
  booktitle={Proc. ICLR},
  year={2023},
}

@inproceedings{xu2021anomalytran,
  title={Anomaly Transformer: Time Series Anomaly Detection with Association Discrepancy},
  author={Xu, Jiehui and Wu, Haixu and Wang, Jianmin and Long, Mingsheng},
  booktitle={Proc. ICLR},
  year={2021}
}

@article{park2018multimodal,
  title={A multimodal anomaly detector for robot-assisted feeding using an lstm-based variational autoencoder},
  author={Park, Daehyung and Hoshi, Yuuna and Kemp, Charles C},
  journal={IEEE Robotics and Automation Letters},
  volume={3},
  number={3},
  pages={1544--1551},
  year={2018},
  publisher={IEEE}
}

@article{demvsar2006statistical,
  title={Statistical comparisons of classifiers over multiple data sets},
  author={Dem{\v{s}}ar, Janez},
  journal={Journal of Machine Learning Research},
  volume={7},
  pages={1--30},
  year={2006},
}

@inproceedings{sakurada2014anomaly,
  title={Anomaly detection using autoencoders with nonlinear dimensionality reduction},
  author={Sakurada, Mayu and Yairi, Takehisa},
  booktitle={Proceedings of the MLSDA 2014 2nd Workshop on Machine Learning for Sensory Data Analysis},
  pages={4--11},
  year={2014}
}

@inproceedings{logeswaran2018,
    title={An efficient framework for learning sentence representations},
    author={Logeswaran, L. and Lee, H.},
    booktitle={Proc. ICLR},
    year={2018}
}

@inproceedings{xu2021,
    title={Self-training and Pre-training are Complementary for Speech Recognition},
    author={Xu, Q. and Baevski, A. and Likhomanenko, T. and Tomasello, P. and Conneau, A. and Collobert, R. and Synnaeve, G. and Auli, M.},
    booktitle={Proc. ICASSP},
    pages={3030--3034},
    year={2021},
}

@article{DARBAN2025carla,
title = {CARLA: Self-supervised contrastive representation learning for time series anomaly detection},
journal = {Pattern Recognition},
volume = {157},
pages = {110874},
year = {2025},
issn = {0031-3203},
doi = {https://doi.org/10.1016/j.patcog.2024.110874},
author = {Zahra Zamanzadeh Darban and Geoffrey I. Webb and Shirui Pan and Charu C. Aggarwal and Mahsa Salehi}
}

@article{hendrycks2018OE,
  title={Deep Anomaly Detection with Outlier Exposure},
  author={Hendrycks, Dan and Mazeika, Mantas and Dietterich, Thomas},
  journal={Proc. ICLR},
  year={2019}
}

@inproceedings{franceschi2019,
    title={Unsupervised Scalable Representation Learning for Multivariate Time Series},
    author={Franceschi, J.-Y. and Dieuleveut, A. and Jaggi, M.},
    booktitle={Adv. NeurIPS},
    volume={32},
    year={2019},
    organization={Curran Associates, Inc.}
}

@inproceedings{tonekaboni2021,
    title={Unsupervised Representation Learning for Time Series with Temporal Neighborhood Coding},
    author={Tonekaboni, S. and Eytan, D. and Goldenberg, A.},
    booktitle={Proc. ICLR},
    year={2021}
}

@article{schmidl2022anomaly,
    title={Anomaly detection in time series: a comprehensive evaluation},
    author={Sebastian Schmidl and Phillip Wenig and Thorsten Papenbrock},
    journal={VLDB},
    volume={15},
    number={9},
    pages={1779--1797},
    year={2022},
}

@article{phillips2021business,
  title={Business cycles, trend elimination, and the HP filter},
  author={Phillips, Peter CB and Jin, Sainan},
  journal={International Economic Review},
  volume={62},
  number={2},
  pages={469--520},
  year={2021},
  publisher={Wiley Online Library}
}

@article{box1970distribution,
    title={Distribution of residual autocorrelations in autoregressive-integrated moving average time series models},
    author={George EP Box and David A Pierce},
    journal={Journal of the American Statistical Association},
    volume={65},
    number={332},
    pages={1509--1526},
    year={1970},
}

@inproceedings{kant2019time,
    title={Time-series outlier detection using enhanced k-means in combination with pso algorithm},
    author={Neha Kant and Manish Mahajan},
    booktitle={Engineering Vibration, Communication and Information Processing: ICoEVCI 2018, India},
    pages={363--373},
    year={2019},
    publisher={Springer},
}

@article{karczmarek2020k,
    title={K-Means-based isolation forest},
    author={Pawe≈Ç Karczmarek, Adam Kiersztyn, Witold Pedrycz and Ebru Al},
    journal={Knowledge-Based Systems},
    volume={195},
    year={2020},
    pages={105659}
}

@inproceedings{liu2008isolation,
    title={Isolation forest},
    author={Fei Tony Liu, Kai Ming Ting and Zhi-Hua Zhou},
    booktitle={Proc. ICDM},
    pages={413--422},
    year={2008},
}

@inproceedings{chen2021exploring,
  title={Exploring simple siamese representation learning},
  author={Chen, Xinlei and He, Kaiming},
  booktitle={Proc. CVPR},
  pages={15750--15758},
  year={2021}
}

@inproceedings{he2020momentum,
  title={Momentum contrast for unsupervised visual representation learning},
  author={He, Kaiming and Fan, Haoqi and Wu, Yuxin and Xie, Saining and Girshick, Ross},
  booktitle={Proc. CVPR},
  pages={9729--9738},
  year={2020}
}

@inproceedings{zhao2020multivariate,
  title={Multivariate time-series anomaly detection via graph attention network},
  author={Zhao, Hang and Wang, Yujing and Duan, Juanyong and Huang, Congrui and Cao, Defu and Tong, Yunhai and Xu, Bixiong and Bai, Jing and Tong, Jie and Zhang, Qi},
  booktitle={Proc. ICDM},
  pages={841--850},
  year={2020},
}

@article{oord2018representation,
  title={Representation learning with contrastive predictive coding},
  author={Oord, Aaron van den and Li, Yazhe and Vinyals, Oriol},
  journal={arXiv preprint arXiv:1807.03748},
  year={2018}
}

@inproceedings{yang2023dcdetector,
  title={DCdetector: Dual Attention Contrastive Representation Learning for Time Series Anomaly Detection},
  author={Yiyuan Yang and Chaoli Zhang and Tian Zhou and Qingsong Wen and Liang Sun},
  booktitle={Proc. SIGKDD},
  pages={3033--3045},
  year={2023}
}

@article{saito2015precision,
  title={The precision-recall plot is more informative than the ROC plot when evaluating binary classifiers on imbalanced datasets},
  author={Saito, Takaya and Rehmsmeier, Marc},
  journal={PloS one},
  volume={10},
  number={3},
  pages={e0118432},
  year={2015},
  publisher={Public Library of Science San Francisco, CA USA}
}

@inproceedings{xu2018donut,
  title={Unsupervised anomaly detection via variational auto-encoder for seasonal kpis in web applications},
  author={Xu, Haowen and Chen, Wenxiao and Zhao, Nengwen and Li, Zeyan and Bu, Jiahao and Li, Zhihan and Liu, Ying and Zhao, Youjian and Pei, Dan and Feng, Yang and others},
  booktitle={Proc. WWW},
  pages={187--196},
  year={2018}
}

@inproceedings{mathur2016swat,
  title={SWaT: A water treatment testbed for research and training on ICS security},
  author={Mathur, Aditya P and Tippenhauer, Nils Ole},
  booktitle={CySWater},
  pages={31--36},
  year={2016},
  organization={IEEE}
}

@inproceedings{ahmed2017wadi,
  title={WADI: a water distribution testbed for research in the design of secure cyber physical systems},
  author={Ahmed, Chuadhry Mujeeb and Palleti, Venkata Reddy and Mathur, Aditya P},
  booktitle={CySWater},
  pages={25--28},
  year={2017}
}

@article{audibert2022deep,
  title={Do deep neural networks contribute to multivariate time series anomaly detection?},
  author={Audibert, Julien and Michiardi, Pietro and Guyard, Fr{\'e}d{\'e}ric and Marti, S{\'e}bastien and Zuluaga, Maria A},
  journal={Pattern Recognition},
  volume={132},
  pages={108945},
  year={2022},
  publisher={Elsevier}
}

@inproceedings{huet2022local,
  title={Local evaluation of time series anomaly detection algorithms},
  author={Huet, Alexis and Navarro, Jose Manuel and Rossi, Dario},
  booktitle={Proc. SIGKDD},
  pages={635--645},
  year={2022}
}

@inproceedings{Pate2024,
author = {Ghorbani, Ramin and Reinders, Marcel J.T. and Tax, David M.J.},
title = {PATE: Proximity-Aware Time Series Anomaly Evaluation},
year = {2024},
booktitle = {Proc. SIGKDD},
pages={872--883}
}

@article{domingues2018comparative,
  title={A comparative evaluation of outlier detection algorithms: Experiments and analyses},
  author={Domingues, R{\'e}mi and Filippone, Maurizio and Michiardi, Pietro and Zouaoui, Jihane},
  journal={Pattern recognition},
  volume={74},
  pages={406--421},
  year={2018},
  publisher={Elsevier}
}

@article{yao2023regularizing,
  title={Regularizing autoencoders with wavelet transform for sequence anomaly detection},
  author={Yao, Yueyue and Ma, Jianghong and Ye, Yunming},
  journal={Pattern Recognition},
  volume={134},
  pages={109084},
  year={2023},
  publisher={Elsevier}
}

@article{milbich2020unsupervised,
  title={Unsupervised representation learning by discovering reliable image relations},
  author={Milbich, Timo and Ghori, Omair and Diego, Ferran and Ommer, Bjoern},
  journal={Pattern Recognition},
  volume={102},
  pages={107107},
  year={2020},
  publisher={Elsevier}
}

@article{giannoulis2023ditan,
  title={DITAN: A deep-learning domain agnostic framework for detection and interpretation of temporally-based multivariate ANomalies},
  author={Giannoulis, Michail and Harris, Andrew and Barra, Vincent},
  journal={Pattern Recognition},
  volume={143},
  pages={109814},
  year={2023},
  publisher={Elsevier}
}

@article{xu2024calibrated,
  title={Calibrated one-class classification for unsupervised time series anomaly detection},
  author={Xu, Hongzuo and Wang, Yijie and Jian, Songlei and Liao, Qing and Wang, Yongjun and Pang, Guansong},
  journal={IEEE Transactions on Knowledge and Data Engineering},
  year={2024},
  publisher={IEEE}
}

@article{bianchi2019learning,
  title={Learning representations of multivariate time series with missing data},
  author={Bianchi, Filippo Maria and Livi, Lorenzo and Mikalsen, Karl {\O}yvind and Kampffmeyer, Michael and Jenssen, Robert},
  journal={Pattern Recognition},
  volume={96},
  pages={106973},
  year={2019},
  publisher={Elsevier}
}

@article{moritz2018gecco,
  title={GECCO Industrial Challenge 2018 Dataset: A water quality dataset for the ‚ÄòInternet of Things: Online Anomaly Detection for Drinking Water Quality‚Äôcompetition at the Genetic and Evolutionary Computation Conference 2018, Kyoto, Japan},
  author={Moritz, Steffen and Rehbach, Frederik and Chandrasekaran, Sowmya and Rebolledo, Margarita and Bartz-Beielstein, Thomas},
  journal={Kyoto, Japan},
  year={2018}
}

@data{DVN/EBCFKM_2020,
author = {Angryk, Rafal and Martens, Petrus and Aydin, Berkay and Kempton, Dustin and Mahajan, Sushant and Basodi, Sunitha and Ahmadzadeh, Azim and Xumin Cai and Filali Boubrahimi, Soukaina and Hamdi, Shah Muhammad and Schuh, Micheal and Georgoulis, Manolis},
publisher = {Harvard Dataverse},
title = {{SWAN-SF}},
year = {2020},
version = {V1},
doi = {10.7910/DVN/EBCFKM},
url = {https://doi.org/10.7910/DVN/EBCFKM}
}

@misc{aiops_challenge_2018,
  title = {{AIOPs Challenge}},
  howpublished = "\url{https://github.com/NetManAIOps/KPIAnomaly-Detection}",
  year = {2018},
  note = "Accessed: Jul. 23, 2021"
}


@article{wu2021current,
  title={Current time series anomaly detection benchmarks are flawed and are creating the illusion of progress},
  author={Wu, Renjie and Keogh, Eamonn J},
  journal={IEEE Transactions on Knowledge and Data Engineering},
  volume={35},
  number={3},
  pages={2421--2429},
  year={2021},
  publisher={IEEE}
}

@ARTICLE{Calibrated,
  author={Xu, Hongzuo and Wang, Yijie and Jian, Songlei and Liao, Qing and Wang, Yongjun and Pang, Guansong},
  journal={IEEE Transactions on Knowledge and Data Engineering}, 
  title={Calibrated One-Class Classification for Unsupervised Time Series Anomaly Detection}, 
  year={2024},
  volume={36},
  number={11},
  pages={5723-5736},
  publisher={IEEE}
}

@inproceedings{ncad2022,
 author = {Chris Carmona and Francois-Xavier Aubet and Valentin Flunkert and Jan Gasthaus},
 title = {Neural Contextual Anomaly Detection for Time Series},
 year = {2022},
 pages     = {2843--2851},
 booktitle={Proc. IJCAI}
}

@article{scholkopf1999support,
  title={Support vector method for novelty detection},
  author={Sch{\"o}lkopf, Bernhard and Williamson, Robert C and Smola, Alex and Shawe-Taylor, John and Platt, John},
  journal={Adv. NIPS},
  volume={12},
  year={1999}
}

@inproceedings{breunig2000lof,
  title={LOF: identifying density-based local outliers},
  author={Breunig, Markus M and Kriegel, Hans-Peter and Ng, Raymond T and Sander, J{\"o}rg},
  booktitle={Proc. SIGMOD},
  pages={93--104},
  year={2000}
}

@article{tuli2022tranad,
  title={TranAD: deep transformer networks for anomaly detection in multivariate time series data},
  author={Tuli, Shreshth and Casale, Giuliano and Jennings, Nicholas R},
  journal={Proc. VLDB Endowment},
  pages={1201--1214},
  year={2022},
}

@article{park2018lstmvae,
  title={A multimodal anomaly detector for robot-assisted feeding using an lstm-based variational autoencoder},
  author={Park, Daehyung and Hoshi, Yuuna and Kemp, Charles C},
  journal={IEEE Robotics and Automation Letters},
  pages={1544--1551},
  year={2018},
}

@inproceedings{zhao2020mtad,
  title={Multivariate time-series anomaly detection via graph attention network},
  author={Zhao, Hang and Wang, Yujing and Duan, Juanyong and Huang, Congrui and Cao, Defu and Tong, Yunhai and Xu, Bixiong and Bai, Jing and Tong, Jie and Zhang, Qi},
  booktitle={Proc. ICDM},
  pages={841--850},
  year={2020},
}

@article{shen2020thoc,
  title={Timeseries anomaly detection using temporal hierarchical one-class network},
  author={Shen, Lifeng and Li, Zhuocong and Kwok, James},
  journal={Adv. NeurIPS},
  volume={33},
  pages={13016--13026},
  year={2020}
}

@inproceedings{wang2024cutaddpaste,
  title={CutAddPaste: Time Series Anomaly Detection by Exploiting Abnormal Knowledge},
  author={Wang, Rui and Mou, Xudong and Yang, Renyu and Gao, Kai and Liu, Pin and Liu, Chongwei and Wo, Tianyu and Liu, Xudong},
  booktitle={Proc. SIGKDD},
  pages={3176--3187},
  year={2024}
}

@inproceedings{hu2024anomalydiffusion,
  title={Anomalydiffusion: Few-shot anomaly image generation with diffusion model},
  author={Hu, Teng and Zhang, Jiangning and Yi, Ran and Du, Yuzhen and Chen, Xu and Liu, Liang and Wang, Yabiao and Wang, Chengjie},
  booktitle={Proc. AAAI},
  pages={8526--8534},
  year={2024}
}


@InProceedings{pmlr-v80-ruff18a,
  title = 	 {Deep One-Class Classification},
  author =       {Ruff, Lukas and Vandermeulen, Robert and Goernitz, Nico and Deecke, Lucas and Siddiqui, Shoaib Ahmed and Binder, Alexander and M{\"u}ller, Emmanuel and Kloft, Marius},
  booktitle = {Proc. ICML},
  pages = {4393--4402},
  year = {2018},
}
