@ARTICLE{9769901,
  author={Wang, Anyue and Lei, Lei and Lagunas, Eva and Pérez-Neira, Ana I. and Chatzinotas, Symeon and Ottersten, Björn},
  journal={IEEE Trans. Wireless Commun.}, 
  title={Joint Optimization of Beam-Hopping Design and {NOMA}-Assisted Transmission for Flexible Satellite Systems}, 
  year={2022},
  volume={21},
  number={10},
  pages={8846-8858}}

@article{abdu2021flexible,
  title={Flexible resource optimization for {GEO} multibeam satellite communication system},
  author={Abdu, Tedros Salih and Kisseleff, Steven and Lagunas, Eva and Chatzinotas, Symeon},
  journal={IEEE Trans. Wireless Commun.},
  volume={20},
  number={12},
  pages={7888--7902},
  year={2021},
  publisher={IEEE}
}

@article{cui2023energy,
  title={Energy-Efficient {RSMA} for Multigroup Multicast and Multibeam Satellite Communications},
  author={Cui, Huanxi and Zhu, Lipeng and Xiao, Zhenyu and Clerckx, Bruno and Zhang, Rui},
  journal={IEEE Wireless Commun. Lett.},
  year={2023},
  volume={12},
  number={5},
  pages={838-842},
  publisher={IEEE}
}

@inproceedings{ha2022geo,
  title={{GEO} payload power minimization: Joint precoding and beam hopping design},
  author={Ha, Vu Nguyen and Nguyen, Ti Ti and Lagunas, Eva and Duncan, Juan Carlos Merlano and Chatzinotas, Symeon},
  booktitle={Proc. IEEE Glob. Commun. Conf. (GLOBECOM)},
  pages={6445--6450},
  year={2022},
  organization={}
}

@article{lin2022multi,
  title={Multi-Satellite Beam Hopping Based on Load Balancing and Interference Avoidance for {NGSO} Satellite Communication Systems},
  author={Lin, Zhiyuan and Ni, Zuyao and Kuang, Linling and Jiang, Chunxiao and Huang, Zhen},
  journal={IEEE Trans. Commun.},
  volume={71},
  number={1},
  pages={282--295},
  year={2022},
  publisher={IEEE}
}

@article{liu2019qos,
  title={{Q}o{S}-guarantee resource allocation for multibeam satellite industrial internet of things with {NOMA}},
  author={Liu, Xin and others},
  journal={IEEE Trans. Ind. Informat.},
  volume={17},
  number={3},
  pages={2052--2061},
  year={2019},
  publisher={IEEE}
}

@article{wang2020noma,
  title={{NOMA}-enabled multi-beam satellite systems: Joint optimization to overcome offered-requested data mismatches},
  author={Wang, Anyue and Lei, Lei and Lagunas, Eva and P{\'e}rez-Neira, Ana I and Chatzinotas, Symeon and Ottersten, Bj{\"o}rn},
  journal={IEEE Trans. Veh. Technol.},
  volume={70},
  number={1},
  pages={900--913},
  year={2020},
  publisher={IEEE}
}

@article{zheng2012generic,
  title={Generic optimization of linear precoding in multibeam satellite systems},
  author={Zheng, Gan and Chatzinotas, Symeon and Ottersten, Bjorn},
  journal={IEEE Trans. Wireless Commun.},
  volume={11},
  number={6},
  pages={2308--2320},
  year={2012},
  publisher={IEEE}
}

