@IEEEtranBSTCTL{IEEEexample:BSTcontrol, CTLdash_repeated_names = "no"}


% Proc. 5th Adv. Satell. Multimedia Syst. Conf., 11th Signal Process. Space Commun. Workshops (ASMS/SPSC Workshops)
% Proc. IEEE Int. Vacuum Electron. Conf. (IVEC)
% Proc. IEEE Glob. Commun. Conf. (GLOBECOM)
% Proc. IEEE Wireless Commun. Netw. Conf. Workshops (WCNC Workshops)
-----------------------------------------------
@article{jamshed2024tutorial,
  title={A Tutorial on Non-Terrestrial Networks: Towards Global and Ubiquitous 6G Connectivity},
  author={Jamshed, Muhammad Ali and others},
  year={arXiv preprint arXiv:2412.16611, 2024}
}

@ARTICLE{10559954,
  author={Toka, Mesut and others},
  journal={IEEE Commun. Mag.}, 
  title={RIS-Empowered {LEO} Satellite Networks for {6G}: Promising Usage Scenarios and Future Directions}, 
  year={2024},
  volume={62},
  number={11},
  pages={128-135},
  keywords={Low earth orbit satellites;Satellites;6G mobile communication;Orbits;Satellite broadcasting;Interference;Costs;5G mobile communication;Radio frequency},
  doi={10.1109/MCOM.002.2300554}}


@article{tang2021computation,
  title={Computation offloading in {LEO} satellite networks with hybrid cloud and edge computing},
  author={Tang, Qingqing and Fei, Zesong and Li, Bin and Han, Zhu},
  journal={IEEE Internet Things J.},
  volume={8},
  number={11},
  pages={9164--9176},
  year={2021},
  publisher={IEEE}
}

@article{yoo2024cache,
  title={Cache-assisted mobile edge computing over space-air-ground integrated networks for extended reality applications},
  author={Yoo, Seonghoon and Jeong, Seongah and Kim, Jeongbin and Kang, Joonhyuk},
  journal={IEEE Internet Things J.},
  year={2024},
  publisher={IEEE}
}

@article{lin2020secure,
  title={Secure and energy efficient transmission for {RSMA}-based cognitive satellite-terrestrial networks},
  author={Lin, Zhi and Lin, Min and Champagne, Benoit and Zhu, Wei-Ping and Al-Dhahir, Naofal},
  journal={IEEE Wireless Commun. Lett.},
  volume={10},
  number={2},
  pages={251--255},
  year={2020},
  publisher={IEEE}
}

@article{lin2022refracting,
  title={Refracting {RIS}-aided hybrid satellite-terrestrial relay networks: Joint beamforming design and optimization},
  author={Lin, Zhi and Niu, Hehao and An, Kang and Wang, Yong and Zheng, Gan and Chatzinotas, Symeon and Hu, Yihua},
  journal={IEEE Trans. Aerosp. Electron. Syst.},
  volume={58},
  number={4},
  pages={3717--3724},
  year={2022},
  publisher={IEEE}
}

@article{lin2021secrecy,
  title={Secrecy-energy efficient hybrid beamforming for satellite-terrestrial integrated networks},
  author={Lin, Zhi and Lin, Min and Champagne, Benoit and Zhu, Wei-Ping and Al-Dhahir, Naofal},
  journal={IEEE Trans. Commun.},
  volume={69},
  number={9},
  pages={6345--6360},
  year={2021},
  publisher={IEEE}
}

@article{lin2022slnr,
  title={{SLNR}-based secure energy efficient beamforming in multibeam satellite systems},
  author={Lin, Zhi and An, Kang and Niu, Hehao and Hu, Yihua and Chatzinotas, Symeon and Zheng, Gan and Wang, Jiangzhou},
  journal={IEEE Trans. Aerosp. Electron. Syst.},
  volume={59},
  number={2},
  pages={2085--2088},
  year={2022},
  publisher={IEEE}
}


@article{marks1978general,
  title={A general inner approximation algorithm for nonconvex mathematical programs},
  author={Marks, Barry R and Wright, Gordon P},
  journal={Operations research},
  volume={26},
  number={4},
  pages={681--683},
  year={1978},
  publisher={INFORMS}
}

@ARTICLE{3gpp_ntn,
  author       = {{3GPP TR 38.821 v16.2.0}},
  title        = "{Solutions for NR to support non-terrestrial networks (NTN) (Release 16)}",
  year         = "2023",
  month        = "Apr."
}

@INPROCEEDINGS{10304489,
  author={Lee, Juhwan and Seong, Jaehyup and Lee, Jungwoo and Le Ruyet, Didier and Yin, Longfei and Clerckx, Bruno and Shin, Wonjae},
  booktitle={Proc. 2023 IEEE 24th Int. Workshop Signal Process. Adv. Wireless Commun. (SPAWC)}, 
  title={{RSMA}-Enabled Multigroup Multicast Rate-Matching for Multibeam Satellite Systems}, 
  year={2023},
  volume={},
  number={},
  pages={251-255},
  keywords={Wireless communication;Satellites;Precoding;Interference;Signal processing;Minimization;Robustness;Rate-matching;rate-splitting multiple access;multibeam satellite systems;multigroup multicast transmission},
  doi={10.1109/SPAWC53906.2023.10304489}}

@ARTICLE{9769901,
  author={Wang, Anyue and Lei, Lei and Lagunas, Eva and Pérez-Neira, Ana I. and Chatzinotas, Symeon and Ottersten, Björn},
  journal={IEEE Trans. Wireless Commun.}, 
  title={Joint Optimization of Beam-Hopping Design and {NOMA}-Assisted Transmission for Flexible Satellite Systems}, 
  year={2022},
  volume={21},
  number={10},
  pages={8846-8858}}

@ARTICLE{9894281,
  author={Park, Jeonghun and Choi, Jinseok and Lee, Namyoon and Shin, Wonjae and Poor, H. Vincent},
  journal={IEEE Trans. Wireless Commun.}, 
  title={Rate-Splitting Multiple Access for Downlink {MIMO}: A Generalized Power Iteration Approach}, 
  year={2023},
  volume={22},
  number={3},
  pages={1588-1603}}


@article{kim2023distributed,
  title={Distributed Precoding for Satellite-Terrestrial Integrated Networks Without Sharing CSIT: A Rate-Splitting Approach},
  author={Kim, Doseon and Shin, Wonjae and Park, Jeonghun and Kim, Dong Ku},
  year={arXiv preprint arXiv:2309.06325, 2023}
}



@article{xu2023distributed,
  author={Xu, Yunnuo and Yin, Longfei and Mao, Yijie and Shin, Wonjae and Clerckx, Bruno},
  journal={IEEE Trans. Commun.}, 
  title={Distributed Rate-Splitting Multiple Access for Multilayer Satellite Communications}, 
  year={2024},
  volume={72},
  number={10},
  pages={6131-6144},
  keywords={Low earth orbit satellites;Satellite broadcasting;Interference;Satellites;Nonhomogeneous media;Array signal processing;Optimization;RSMA;max-min fairness;beamforming design;statistical CSIT and CSIR;satellite communication},
  doi={10.1109/TCOMM.2024.3397799}}



@ARTICLE{10266774,
  author={Lee, Juhwan and Lee, Jungwoo and Yin, Longfei and Shin, Wonjae and Clerckx, Bruno},
  journal={IEEE Trans. Veh. Technol.}, 
  title={Coordinated Rate-Splitting Multiple Access for Integrated Satellite-Terrestrial Networks With Super-Common Message}, 
  year={2024},
  volume={73},
  number={2},
  pages={2989-2994}}

@ARTICLE{7091022,
  author={Christopoulos, Dimitrios and Chatzinotas, Symeon and Ottersten, Björn},
  journal={IEEE Trans. Wireless Commun.}, 
  title={Multicast Multigroup Precoding and User Scheduling for Frame-Based Satellite Communications}, 
  year={2015},
  volume={14},
  number={9},
  pages={4695-4707}}

@ARTICLE{6816003,
  author={Zhang, Qi and others},
  journal={IEEE J. Sel. Top. Signal Process.}, 
  title={Power Scaling of Uplink Massive {MIMO} Systems With Arbitrary-Rank Channel Means}, 
  year={2014},
  volume={8},
  number={5},
  pages={966-981},
  doi={10.1109/JSTSP.2014.2324534}}

@article{zheng2012generic,
  title={Generic optimization of linear precoding in multibeam satellite systems},
  author={Zheng, Gan and Chatzinotas, Symeon and Ottersten, Bjorn},
  journal={IEEE Trans. Wireless Commun.},
  volume={11},
  number={6},
  pages={2308--2320},
  year={2012},
  publisher={IEEE}
}


@book{ye2011interior,
  title={Interior point algorithms: theory and analysis},
  author={Ye, Yinyu},
  year={2011},
  publisher={John Wiley \& Sons}
}

@article{liu2023energy,
  title={Energy Efficiency of Rate-Splitting Multiple Access for Multibeam Satellite System},
  author={Liu, Jinyuan and Guan, Yong Liang and Ge, Yao and Yin, Longfei and Clerckx, Bruno},
  journal=" ",
  year={arXiv preprint arXiv:2303.11784, 2023}
}


@article{khan2023rate,
  author={Khan, Wali Ullah and others},
  journal={IEEE Trans. Wireless Commun.}, 
  title={Rate Splitting Multiple Access for Next Generation Cognitive Radio Enabled {LEO} Satellite Networks}, 
  year={2023},
  volume={22},
  number={11},
  pages={8423-8435},
  doi={10.1109/TWC.2023.3263116}
}

@article{si2022rate,
  title={Rate-splitting multiple access for multigateway multibeam satellite systems with feeder link interference},
  author={Si, Zhi Wen and Yin, Longfei and Clerckx, Bruno},
  journal={IEEE Trans. Commun.},
  volume={70},
  number={3},
  pages={2147--2162},
  year={2022},
  publisher={IEEE}
}


@article{yin2020rate_J,
  title={Rate-splitting multiple access for multigroup multicast and multibeam satellite systems},
  author={Yin, Longfei and Clerckx, Bruno},
  journal={IEEE Trans. Commun.},
  volume={69},
  number={2},
  pages={976--990},
  year={2020},
  publisher={IEEE}
}



@inproceedings{yin2020rate,
  title={Rate-splitting multiple access for multibeam satellite communications},
  author={Yin, Longfei and Clerckx, Bruno},
  booktitle={Proc. IEEE Int. Conf. Commun. Workshops (ICC Workshops)},
  pages={1--6},
  year={2020},
  organization={}
}

@article{wang2021resource,
  title={Resource efficiency optimization for robust beamforming in multi-beam satellite communications},
  author={Wang, Wenjin and others},
  journal={IEEE Trans. Veh. Technol.},
  volume={70},
  number={7},
  pages={6958--6968},
  year={2021},
  publisher={IEEE}
}

@article{clerckx2021noma,
  title={Is {NOMA} efficient in multi-antenna networks? A critical look at next generation multiple access techniques},
  author={Clerckx, Bruno and Mao, Yijie and Schober, Robert and Jorswieck, Eduard A and Love, David J and Yuan, Jinhong and Hanzo, Lajos and Li, Geoffrey Ye and Larsson, Erik G and Caire, Giuseppe},
  journal={IEEE Open Journal of the Communications Society},
  volume={2},
  pages={1310--1343},
  year={2021},
  publisher={IEEE}
}

@ARTICLE{park2023rate,
  author={Park, Jeonghun and others},
  journal={IEEE Network}, 
  title={Rate-Splitting Multiple Access for {6G} Networks: Ten Promising Scenarios and Applications}, 
  year={2024},
  volume={38},
  number={3},
  pages={128-136},
  doi={10.1109/MNET.2023.3321518}}


@article{jaehyup,
  title={Rate Matching Precoder Design for {RSMA}-Based Multibeam Satellite Communications},
  author={Seong, Jaehyup and Park, Juha and Lee, Juwhan and Lee, Joungwoo and Kim, Jungbin and Shin, Wonjae},
  journal={sumbitted to an IEEE Journal}
}

@inproceedings{alberti2010system,
  title={System capacity optimization in time and frequency for multibeam multi-media satellite systems},
  author={Alberti, X and others},
  booktitle={Proc. 5th Adv. Satell. Multimedia Syst. Conf., 11th Signal Process. Space Commun. Workshops (ASMS/SPSC Workshops)},
  pages={226--233},
  year={2010},
  organization={}
}

@inproceedings{lizarraga2014flexibility,
  title={Flexibility performance in advanced {Ka}-band multibeam satellites},
  author={Lizarraga, Juan and Angeletti, Piero and Alagha, Nader and Aloisio, Marinella},
  booktitle={Proc. IEEE Int. Vacuum Electron. Conf. (IVEC)},
  pages={45--46},
  year={2014},
  organization={}
}

@inproceedings{wang2022adaptive,
  title={Adaptive Beam Pattern Selection and Resource Allocation for {NOMA}-Based {LEO} Satellite Systems},
  author={Wang, Anyue and Lei, Lei and Hu, Xin and Lagunas, Eva and P{\'e}rez-Neira, Ana I and Chatzinotas, Symeon},
  booktitle={Proc. IEEE Glob. Commun. Conf. (GLOBECOM)},
  pages={674--679},
  year={2022},
  organization={}
}


@inproceedings{ha2022geo,
  title={{GEO} payload power minimization: Joint precoding and beam hopping design},
  author={Ha, Vu Nguyen and Nguyen, Ti Ti and Lagunas, Eva and Duncan, Juan Carlos Merlano and Chatzinotas, Symeon},
  booktitle={Proc. IEEE Glob. Commun. Conf. (GLOBECOM)},
  pages={6445--6450},
  year={2022},
  organization={}
}

@inproceedings{yin2021ratesta,
  title={Rate-splitting multiple access for multi-antenna broadcast channels with statistical {CSIT}},
  author={Yin, Longfei and Clerckx, Bruno and Mao, Yijie},
  booktitle={Proc. IEEE Wireless Commun. Netw. Conf. Workshops (WCNC Workshops)},
  pages={1--6},
  year={2021},
  organization={IEEE}
}


@article{cocco2017radio,
  title={Radio resource management optimization of flexible satellite payloads for {DVB-S2} systems},
  author={Cocco, Giuseppe and De Cola, Tomaso and Angelone, Martina and Katona, Zoltan and Erl, Stefan},
  journal={IEEE Trans. Broadcast.},
  volume={64},
  number={2},
  pages={266--280},
  year={2017},
  publisher={IEEE}
}

@article{lin2021supporting,
  title={Supporting {IoT} With Rate-Splitting Multiple Access in Satellite and Aerial-Integrated Networks},
  author={Lin, Zhi and Lin, Min and De Cola, Tomaso and Wang, Jun-Bo and Zhu, Wei-Ping and Cheng, Julian},
  journal={IEEE Internet Things J.},
  volume={8},
  number={14},
  pages={11123--11134},
  year={2021},
  publisher={IEEE}
}

@article{liu2019qos,
  title={{Q}o{S}-guarantee resource allocation for multibeam satellite industrial internet of things with {NOMA}},
  author={Liu, Xin and others},
  journal={IEEE Trans. Ind. Informat.},
  volume={17},
  number={3},
  pages={2052--2061},
  year={2019},
  publisher={IEEE}
}

@inproceedings{gharanjik2015robust,
  title={Robust precoding design for multibeam downlink satellite channel with phase uncertainty},
  author={Gharanjik, Ahmad and Shankar, MR Bhavani and Arapoglou, Pantelis-Daniel and Bengtsson, Mats and Ottersten, Bj{\"o}rn},
  booktitle={Proc. IEEE Int. Conf. Acoust., Speech Signal Process. (ICASSP)},
  pages={3083--3087},
  year={2015},
  organization={}
}

@INPROCEEDINGS{seong2023robust,
  author={Seong, Jaehyup and others},
  booktitle={Proc. 2023 IEEE Globecom Workshops (GC Workshops)}, 
  title={Robust Rate-Matching Framework for Multibeam Satellite Communications with Phase Perturbations}, 
  year={2023},
  volume={},
  number={},
  pages={280-285},
  keywords={Perturbation methods;Simulation;Geology;Conferences;Channel estimation;Benchmark testing;Robustness;Rate-matching;RSMA;multibeam SATCOM;heterogeneous traffic demand;phase perturbations},
  doi={10.1109/GCWkshps58843.2023.10465154}}



@inproceedings{shao2017simple,
  title={A simple way to approximate average robust multiuser {MISO} transmit optimization under covariance-based {CSIT}},
  author={Shao, Mingjie and Ma, Wing-Kin},
  booktitle={Proc. IEEE Int. Conf. Acoust., Speech Signal Process. (ICASSP)},
  pages={3504--3508},
  year={2017},
  organization={}
}

@inproceedings{yin2021ratephy,
  title={Rate-splitting multiple access for multigroup multicast cellular and satellite communications: {PHY} layer design and link-level simulations},
  author={Yin, Longfei and Dizdar, Onur and Clerckx, Bruno},
  booktitle={Proc. IEEE Int. Conf. Commun. Workshops (ICC Workshops)},
  pages={1--6},
  year={2021},
  organization={}
}


@article{lin2022multi,
  title={Multi-Satellite Beam Hopping Based on Load Balancing and Interference Avoidance for {NGSO} Satellite Communication Systems},
  author={Lin, Zhiyuan and Ni, Zuyao and Kuang, Linling and Jiang, Chunxiao and Huang, Zhen},
  journal={IEEE Trans. Commun.},
  volume={71},
  number={1},
  pages={282--295},
  year={2022},
  publisher={IEEE}
}


@article{abdu2021flexible,
  title={Flexible resource optimization for {GEO} multibeam satellite communication system},
  author={Abdu, Tedros Salih and Kisseleff, Steven and Lagunas, Eva and Chatzinotas, Symeon},
  journal={IEEE Trans. Wireless Commun.},
  volume={20},
  number={12},
  pages={7888--7902},
  year={2021},
  publisher={IEEE}
}


@article{perez2019signal,
  title={Signal Processing for High-Throughput Satellites: {C}hallenges in New Interference-Limited Scenarios},
  author={Perez-Neira, Ana I and Vazquez, Miguel Angel and Shankar, MR Bhavani and Maleki, Sina and Chatzinotas, Symeon},
  journal={IEEE Signal Process. Mag.},
  volume={36},
  number={4},
  pages={112--131},
  year={2019},
  publisher={IEEE}
}


article{huang2022deep,
  title={Deep Reinforcement Learning-Based Power Allocation for Rate-Splitting Multiple Access in {6G} {LEO} Satellite Communication System},
  author={Huang, Jingfei and Yang, Yang and Yin, Longfei and He, Dazhong and Yan, Qing},
  journal={IEEE Wireless Commun. Lett.},
  volume={11},
  number={10},
  pages={2185--2189},
  year={2022},
  publisher={IEEE}
}

@article{cui2023energy,
  title={Energy-Efficient {RSMA} for Multigroup Multicast and Multibeam Satellite Communications},
  author={Cui, Huanxi and Zhu, Lipeng and Xiao, Zhenyu and Clerckx, Bruno and Zhang, Rui},
  journal={IEEE Wireless Commun. Lett.},
  year={2023},
  volume={12},
  number={5},
  pages={838-842},
  publisher={IEEE}
}

@book{boyd2004convex,
  title={Convex {O}ptimization},
  author={Boyd, Stephen and Vandenberghe, Lieven},
  year={2004},
  publisher={Cambridge University Press}
}

@article{wang2020noma,
  title={{NOMA}-enabled multi-beam satellite systems: Joint optimization to overcome offered-requested data mismatches},
  author={Wang, Anyue and Lei, Lei and Lagunas, Eva and P{\'e}rez-Neira, Ana I and Chatzinotas, Symeon and Ottersten, Bj{\"o}rn},
  journal={IEEE Trans. Veh. Technol.},
  volume={70},
  number={1},
  pages={900--913},
  year={2020},
  publisher={IEEE}
}

@misc{grant2014cvx,
  title={{CVX}: Matlab software for disciplined convex programming, version 2.1},
  author={Grant, Michael and Boyd, Stephen},
  year={2014}
}

@article{vazquez2016precoding,
  title={Precoding in Multibeam Satellite Communications: {P}resent and Future Challenges},
  author={V{\'a}zquez, Miguel {\'A}ngel and others},
  journal={IEEE Wireless Commun.},
  volume={23},
  number={6},
  pages={88--95},
  year={2016},
  publisher={IEEE}
}

@article{zhang2019robust,
  title={Robust Beamforming for Multibeam Satellite Communication in the Face of Phase Perturbations},
  author={Zhang, Xin and Wang, Jingjing and Jiang, Chunxiao and Yan, Chaoxing and Ren, Yong and Hanzo, Lajos},
  journal={IEEE Trans. Veh. Technol.},
  volume={68},
  number={3},
  pages={3043--3047},
  year={2019},
  publisher={IEEE}
}


@article{zhong2018traffic,
  title={Traffic Matching in {5G} Ultra-Dense Networks},
  author={Zhong, Yi and Ge, Xiaohu and Yang, Howard H and Han, Tao and Li, Qiang},
  journal={IEEE Commun. Mag.},
  volume={56},
  number={8},
  pages={100--105},
  year={2018},
  publisher={IEEE}
}




@article{yin2022rate,
  title={Rate-Splitting Multiple Access for Satellite-Terrestrial Integrated Networks: {B}enefits of Coordination and Cooperation},
  author={Yin, Longfei and Clerckx, Bruno},
  journal={IEEE Trans. Wireless Commun.},
  volume={22},
  number={1},
  pages={317-332},
  year={2023},
  publisher={IEEE}
}

@article{lee2022max,
  title={Max-Min Fairness Precoder Design for Rate-Splitting Multiple Access: Impact of Imperfect Channel Knowledge},
  author={Lee, Byungju and Shin, Wonjae},
  journal={IEEE Trans. Veh. Technol.},
  volume={72},
  number={1},
  pages={1355--1359},
  year={2022},
  publisher={IEEE}
}


@article{spencer2004zero,
  title={Zero-forcing methods for downlink spatial multiplexing in multiuser {MIMO} channels},
  author={Spencer, Quentin H and Swindlehurst, A Lee and Haardt, Martin},
  journal={IEEE Trans. Signal Process.},
  volume={52},
  number={2},
  pages={461--471},
  year={2004},
  publisher={IEEE}
}

@article{joudeh2016robust,
  title={Robust transmission in downlink multiuser {MISO} systems: {A} rate-splitting approach},
  author={Joudeh, Hamdi and Clerckx, Bruno},
  journal={IEEE Trans. Signal Process.},
  volume={64},
  number={23},
  pages={6227--6242},
  year={2016},
  publisher={IEEE}
}

@article{clerckx2016rate,
  title={Rate splitting for {MIMO} wireless networks: {A} promising {PHY}-layer strategy for {LTE} evolution},
  author={Clerckx, Bruno and Joudeh, Hamdi and Hao, Chenxi and Dai, Mingbo and Rassouli, Borzoo},
  journal={IEEE Commun. Mag.},
  volume={54},
  number={5},
  pages={98--105},
  year={2016},
  publisher={IEEE}
}

@inproceedings{mao2018energy,
  title={Energy Efficiency of Rate-Splitting Multiple Access, and Performance Benefits over {SDMA} and {NOMA}},
  author={Mao, Yijie and Clerckx, Bruno and Li, Victor OK},
  booktitle={Proc. IEEE 15th Int. Symp. Wireless Commun. Sys.},
  pages={1--5},
  year={2018},
}

@article{mao2018rate,
  title={Rate-splitting multiple access for downlink communication systems: Bridging, generalizing, and outperforming {SDMA} and {NOMA}},
  author={Mao, Yijie and Clerckx, Bruno and Li, Victor OK},
  journal={EURASIP J. Wirel. Commun. Netw.},
  volume={2018},
  number={1},
  pages={1--54},
  year={2018},
  publisher={Springer}
}

@article{clerckx2019rate,
  title={Rate-splitting unifying {SDMA}, {OMA}, {NOMA}, and multicasting in {MISO} broadcast channel: A simple two-user rate analysis},
  author={Clerckx, Bruno and Mao, Yijie and Schober, Robert and Poor, H Vincent},
  journal={IEEE Wireless Commun. Lett.},
  volume={9},
  number={3},
  pages={349--353},
  year={2019},
  publisher={IEEE}
}

@article{mao2019rate,
  title={Rate-splitting for multi-antenna non-orthogonal unicast and multicast transmission: {S}pectral and energy efficiency analysis},
  author={Mao, Yijie and Clerckx, Bruno and Li, Victor OK},
  journal={IEEE Trans. Commun.},
  volume={67},
  number={12},
  pages={8754--8770},
  year={2019},
  publisher={IEEE}
}

@article{joudeh2016sum,
  title={Sum-rate maximization for linearly precoded downlink multiuser {MISO} systems with partial {CSIT}: {A} rate-splitting approach},
  author={Joudeh, Hamdi and Clerckx, Bruno},
  journal={IEEE Trans. Commun.},
  volume={64},
  number={11},
  pages={4847--4861},
  year={2016},
  publisher={IEEE}
}



@article{an2021rate,
  title={Rate-splitting multiple Access for multi-antenna broadcast channel with imperfect {CSIT} and {CSIR}},
  author={An, Jihye and Dizdar, Onur and Clerckx, Bruno and Shin, Wonjae},
  journal=" ",
  year={arXiv preprint arXiv:2102.08738, 2021}
}


%J. An, O. Dizdar, B. Clerckx, and W. Shin, “Rate-splitting multiple
%%Access for multi-antenna broadcast channel with imperfect CSIT
%and CSIR,” in Proc. IEEE Annu. Symp. Pers. Indoor Mobile Radio
%Commun. (PIMRC), 2020, pp. 1–7.

@inproceedings{haarnoja2018soft,
  title={Soft actor-critic: {O}ff-policy maximum entropy deep reinforcement learning with a stochastic actor},
  author={Haarnoja, T. and Zhou, A. and Abbeel, P. and Levine, S.},
  booktitle={Proc. Int. Conf. Machine Learning},
  pages={1861--1870},
  year={2018},
}

@book{kraft1988software,
  title={A software package for sequential quadratic programming},
  author={Kraft, Dieter},
  year={1988},
  publisher={Wiss. Berichtswesen d. DFVLR Brunswick, Germany}
}

@article{yoo2006capacity,
  title={Capacity and power allocation for fading {MIMO} channels with channel estimation error},
  author={Yoo, Taesang and Goldsmith, Andrea},
  journal={IEEE Trans. Inf. Theory},
  volume={52},
  number={5},
  pages={2203--2214},
  year={2006},
  publisher={IEEE}
}

@article{medard2000effect,
  title={The effect upon channel capacity in wireless communications of perfect and imperfect knowledge of the channel},
  author={Medard, Muriel},
  journal={IEEE Trans. Inf. Theory},
  volume={46},
  number={3},
  pages={933--946},
  year={2000},
  publisher={IEEE}
}

@article{bjornson2014optimal,
  title={Optimal multiuser transmit beamforming: A difficult problem with a simple solution structure [lecture notes]},
  author={Bj{\"o}rnson, Emil and Bengtsson, Mats and Ottersten, Bj{\"o}rn},
  journal={IEEE Signal Process. Mag.},
  volume={31},
  number={4},
  pages={142--148},
  year={2014},
  publisher={IEEE}
}

@inproceedings{ahmad2019uav,
  title={{UAV}-assisted {C-RAN} with rate splitting under base station breakdown scenarios},
  author={Ahmad, Alaa Alameer and Kakar, Jaber and Reifert, Robert-Jeron and Sezgin, Aydin},
  booktitle={Proc. IEEE Int. Conf. Commun. Workshops (ICC Workshops)},
  pages={1--6},
  year={2019},
}


@article{jaafar2020multiple,
  title={Multiple access in aerial networks: From orthogonal and non-orthogonal to rate-splitting},
  author={Jaafar, Wael and Naser, Shimaa and Muhaidat, Sami and Sofotasios, Paschalis C and Yanikomeroglu, Halim},
  journal={IEEE Open J. Veh. Technol.},
  volume={1},
  pages={372--392},
  year={2020},
  publisher={IEEE}
}

@article{honnaiah2022interference,
  title={Interference-aware Demand-based User Scheduling in Precoded High Throughput Satellite Systems},
  author={Honnaiah, Puneeth Jubba and Lagunas, Eva and Chatzinotas, Symeon and Krause, Jens},
  journal={IEEE Open J. Veh. Technol.},
  volume={3},
  pages={120--137},
  year={2022},
  publisher={IEEE}
}

@article{jaafar2020downlink,
  title={On the downlink performance of {RSMA}-based {UAV} communications},
  author={Jaafar, Wael and Naser, Shimaa and Muhaidat, Sami and Sofotasios, Paschalis C and Yanikomeroglu, Halim},
  journal={IEEE Trans. Veh. Technol.},
  volume={69},
  number={12},
  pages={16258--16263},
  year={2020},
  publisher={IEEE}
}

@article{zhao2020efficiency,
  title={Efficiency maximization for {UAV}-enabled mobile relaying systems with laser charging},
  author={Zhao, Ming-Min and Shi, Qingjiang and Zhao, Min-Jian},
  journal={IEEE Trans. Wireless Commun.},
  volume={19},
  number={5},
  pages={3257--3272},
  year={2020},
  publisher={IEEE}
}

@article{bor20195g,
  title={Is {5G} ready for drones: A look into contemporary and prospective wireless networks from a standardization perspective},
  author={Bor-Yaliniz, Irem and Salem, Mohamed and Senerath, Gamini and Yanikomeroglu, Halim},
  journal={IEEE Wireless Commun.},
  volume={26},
  number={1},
  pages={18--27},
  year={2019},
  publisher={IEEE}
}

@article{shahzadi2021uav,
  title={{UAV} assisted 5G and beyond wireless networks: A survey},
  author={Shahzadi, Rizwana and Ali, Mudassar and Khan, Humayun Zubair and Naeem, Muhammad},
  journal={J. Netw. Comput.},
  volume={189},
  pages={103114},
  year={2021},
  publisher={Elsevier}
}


@article{zeng2016wireless,
  title={Wireless communications with unmanned aerial vehicles: Opportunities and challenges},
  author={Zeng, Yong and Zhang, Rui and Lim, Teng Joon},
  journal={IEEE Commun. Mag.},
  volume={54},
  number={5},
  pages={36--42},
  year={2016},
  publisher={IEEE}
}

@article{liu2020opportunistic,
  title={Opportunistic {UAV} utilization in wireless networks: Motivations, applications, and challenges},
  author={Liu, Dianxiong and Xu, Yuhua and Wang, Jinlong and Chen, Jin and Yao, Kailing and Wu, Qihui and Anpalagan, Alagan},
  journal={IEEE Commun. Mag.},
  volume={58},
  number={5},
  pages={62--68},
  year={2020},
  publisher={IEEE}
}

@article{kim2021shallow,
  title={Shallow Reinforcement Learning for Energy Harvesting Communications With Imperfect Channel Knowledge},
  author={Kim, Heasung and Lee, Jungwoo and Shin, Wonjae and Poor, H Vincent},
  journal={IEEE J. Sel. Topics Signal Process.},
  volume={15},
  number={5},
  pages={1258--1271},
  year={2021},
  publisher={IEEE}
}

@article{kim2020optimized,
  title={Optimized shallow neural networks for sum-rate maximization in energy harvesting downlink multiuser {NOMA} systems},
  author={Kim, Heasung and Cho, Taehyun and Lee, Jungwoo and Shin, Wonjae and Poor, H Vincent},
  journal={IEEE J. Sel. Areas Commun.},
  volume={39},
  number={4},
  pages={982--997},
  year={2020},
  publisher={IEEE}
}

@article{gupta2015survey,
  title={Survey of important issues in {UAV} communication networks},
  author={Gupta, Lav and Jain, Raj and Vaszkun, Gabor},
  journal={IEEE Commun. Surv. Tuts.},
  volume={18},
  number={2},
  pages={1123--1152},
  year={2015},
  publisher={IEEE}
}