@inproceedings{abbasi-yadkori2011improved,
	title        = {Improved Algorithms for Linear Stochastic Bandits},
	author       = {Abbasi-yadkori, Yasin and P\'{a}l, D\'{a}vid and Szepesv\'{a}ri, Csaba},
	year         = 2011,
	booktitle    = {Advances in Neural Information Processing Systems},
	pages        = {}
}

@inproceedings{abe1999associative,
	title        = {Associative Reinforcement Learning Using Linear Probabilistic Concepts},
	author       = {Abe, Naoki and Long, Philip M.},
	year         = 1999,
	booktitle    = {Proceedings of the Sixteenth International Conference on Machine Learning},
	pages        = {3–11},
	numpages     = 9
}

@article{auer2002using,
	title        = {Using Confidence Bounds for Exploitation-Exploration Trade-offs.},
	author       = {Auer, Peter},
	year         = 2002,
	month        = {01},
	journal      = {Journal of Machine Learning Research},
	pages        = {397--422}
}

@inproceedings{bogunovic2021stochastic,
	title        = {Stochastic Linear Bandits Robust to Adversarial Attacks},
	author       = {Bogunovic, Ilija and Losalka, Arpan and Krause, Andreas and Scarlett, Jonathan},
	year         = 2021,
	booktitle    = {Proceedings of The 24th International Conference on Artificial Intelligence and Statistics},
	pages        = {991--999}
}

@inproceedings{chu2011contextual,
	title        = {Contextual Bandits with Linear Payoff Functions},
	author       = {Chu, Wei and Li, Lihong and Reyzin, Lev and Schapire, Robert},
	year         = 2011,
	booktitle    = {Proceedings of the Fourteenth International Conference on Artificial Intelligence and Statistics},
	pages        = {208--214},
}

@article{dani2008stochastic,
	title        = {Stochastic Linear Optimization under Bandit Feedback},
	author       = {Varsha Dani and 7 9 and Thomas Hayes and Sham M. Kakade},
	year         = 2008,
	journal      = {21st Annual Conference on Learning Theory - COLT 2008, Helsinki, Finland},
	pages        = {355--366}
}

@article{dimakopoulou2019balanced,
	title        = {Balanced Linear Contextual Bandits},
	author       = {Dimakopoulou, Maria and Zhou, Zhengyuan and Athey, Susan and Imbens, Guido},
	year         = 2019,
	journal      = {Proceedings of the AAAI Conference on Artificial Intelligence},
	pages        = {3445--3453}
}

@article{ghosh2017misspecified,
	title        = {Misspecified Linear Bandits},
	author       = {Ghosh, Avishek and Ray Chowdhury, Sayak and Gopalan, Aditya},
	year         = 2017,
	month        = {Feb.},
	journal      = {Proceedings of the AAAI Conference on Artificial Intelligence}
}

@inproceedings{he2022nearly,
	title        = {Nearly Optimal Algorithms for Linear Contextual Bandits with Adversarial Corruptions},
	author       = {Jiafan He and Dongruo Zhou and Tong Zhang and Quanquan Gu},
	year         = 2022,
	booktitle    = {Advances in Neural Information Processing Systems}
}

@inproceedings{kim2019doubly-robust,
	title        = {Doubly-Robust Lasso Bandit},
	author       = {Kim, Gi-Soo and Paik, Myunghee Cho},
	year         = 2019,
	booktitle    = {Advances in Neural Information Processing Systems},
	pages        = {}
}

@inproceedings{kim2021doubly,
	title        = {Doubly Robust Thompson Sampling with Linear Payoffs},
	author       = {Kim, Wonyoung and Kim, Gi-Soo and Paik, Myunghee Cho},
	year         = 2021,
	booktitle    = {Advances in Neural Information Processing Systems},
	pages        = {15830--15840}
}

@inproceedings{kim2023double,
	title        = {Double doubly robust thompson sampling for generalized linear contextual bandits},
	author       = {Kim, Wonyoung and Lee, Kyungbok and Paik, Myunghee Cho},
	year         = 2023,
	booktitle    = {Proceedings of the AAAI Conference on Artificial Intelligence},
	pages        = {8300--8307}
}

@inproceedings{kim2023squeeze,
	title        = {Squeeze All: Novel Estimator and Self-Normalized Bound for Linear Contextual Bandits},
	author       = {Kim, Wonyoung and Paik, Myunghee Cho and Oh, Min-Hwan},
	year         = 2023,
	booktitle    = {Proceedings of The 26th International Conference on Artificial Intelligence and Statistics},
	pages        = {3098--3124}
}

@article{lai1985asymptotically,
	title        = {Asymptotically efficient adaptive allocation rules},
	author       = {T.L Lai and Herbert Robbins},
	year         = 1985,
	journal      = {Advances in Applied Mathematics},
	pages        = {4--22}
}

@book{lattimore2020bandit,
	title        = {Bandit algorithms},
	author       = {Lattimore, Tor and Szepesv{\'a}ri, Csaba},
	year         = 2020,
	publisher    = {Cambridge University Press}
}

@inproceedings{li2010contextual-bandit,
	title        = {A contextual-bandit approach to personalized news article recommendation},
	author       = {Li, Lihong and Chu, Wei and Langford, John and Schapire, Robert E.},
	year         = 2010,
	month        = apr,
	booktitle    = {Proceedings of the 19th international conference on World wide web},
	collection   = {WWW ’10}
}

@inproceedings{park2022regret,
	title        = {A Regret Bound for Greedy Partially Observed Stochastic Contextual Bandits},
	author       = {Hongju Park and Mohamad Kazem Shirani Faradonbeh},
	year         = 2022,
	booktitle    = {Decision Awareness in Reinforcement Learning Workshop at ICML 2022}
}

@article{robbins1952some,
	title        = {{Some aspects of the sequential design of experiments}},
	author       = {Herbert Robbins},
	year         = 1952,
	journal      = {Bulletin of the American Mathematical Society},
	publisher    = {American Mathematical Society},
	pages        = {527 -- 535}
}

@article{rusmevichientong2010linearly,
	title        = {Linearly Parameterized Bandits},
	author       = {Rusmevichientong, Paat and Tsitsiklis, John N.},
	year         = 2010,
	journal      = {Mathematics of Operations Research},
	pages        = {395--411}
}

@misc{zeng2024partially,
	title        = {Partially Observable Contextual Bandits with Linear Payoffs},
	author       = {Sihan Zeng and Sujay Bhatt and Alec Koppel and Sumitra Ganesh},
	year         = 2024,
	eprint       = {2409.11521},
	archiveprefix = {arXiv},
	primaryclass = {cs.LG}
}

