@inproceedings{langford2007epoch-greedy,
	title        = {The Epoch-Greedy Algorithm for Multi-armed Bandits with Side Information},
	author       = {Langford, John and Zhang, Tong},
	year         = 2007,
	booktitle    = {Advances in Neural Information Processing Systems},
	pages        = {}
}
@article{geer2009conditions,
	title        = {On the conditions used to prove oracle results for the Lasso},
	author       = {van de Geer, Sara A and B{\"u}hlmann, Peter},
	year         = 2009,
	journal      = {Electronic Journal of Statistics},
	pages        = {1360--1392}
}
@inproceedings{lattimore2020learning,
	title        = {Learning with good feature representations in bandits and in rl with a generative model},
	author       = {Lattimore, Tor and Szepesvari, Csaba and Weisz, Gellert},
	year         = 2020,
	booktitle    = {International conference on machine learning},
	pages        = {5662--5670},
}
@article{soare2014best-arm,
	title        = {Best-arm identification in linear bandits},
	author       = {Soare, Marta and Lazaric, Alessandro and Munos, R{\'e}mi},
	year         = 2014,
	journal      = {Advances in Neural Information Processing Systems}
}
@article{foster2020adapting,
	title        = {Adapting to misspecification in contextual bandits},
	author       = {Foster, Dylan J and Gentile, Claudio and Mohri, Mehryar and Zimmert, Julian},
	year         = 2020,
	journal      = {Advances in Neural Information Processing Systems},
	pages        = {11478--11489}
}
@inproceedings{zhang2023interplay,
	title        = {On the interplay between misspecification and sub-optimality gap in linear contextual bandits},
	author       = {Zhang, Weitong and He, Jiafan and Fan, Zhiyuan and Gu, Quanquan},
	year         = 2023,
	booktitle    = {International Conference on Machine Learning},
	pages        = {41111--41132},
}
@book{bhlmann2011statistics,
	title        = {Statistics for High-Dimensional Data: Methods, Theory and Applications},
	author       = {B{\"u}hlmann, P. and van de Geer, S.},
	year         = 2011,
	publisher    = {Springer Berlin Heidelberg},
	isbn         = 9783642201929,
	lccn         = 2011930793
}
@inproceedings{kim2024doubly,
	title        = {A Doubly Robust Approach to Sparse Reinforcement Learning},
	author       = {Kim, Wonyoung and Iyengar, Garud and Zeevi, Assaf},
	year         = 2024,
	booktitle    = {International Conference on Artificial Intelligence and Statistics},
	pages        = {2305--2313},
}
@article{tropp2015introduction,
	title        = {An Introduction to Matrix Concentration Inequalities},
	author       = {Tropp, Joel A},
	year         = 2015,
	journal      = {Foundations and Trends{\textregistered} in Machine Learning},
	pages        = {1--230}
}
@inproceedings{kim2023improved,
	title        = {Improved algorithms for multi-period multi-class packing problems with bandit feedback},
	author       = {Kim, Wonyoung and Iyengar, Garud and Zeevi, Assaf},
	year         = 2023,
	booktitle    = {International Conference on Machine Learning},
	pages        = {16458--16501},
}
@inproceedings{kim2023double,
	title        = {Double doubly robust thompson sampling for generalized linear contextual bandits},
	author       = {Kim, Wonyoung and Lee, Kyungbok and Paik, Myunghee Cho},
	year         = 2023,
	booktitle    = {Proceedings of the AAAI Conference on Artificial Intelligence},
	pages        = {8300--8307}
}
@article{tropp2012user-friendly,
	title        = {User-friendly tail bounds for sums of random matrices},
	author       = {Tropp, Joel A},
	year         = 2012,
	journal      = {Foundations of computational mathematics},
	pages        = {389--434}
}
@inproceedings{abbasi-yadkori2011improved,
	title        = {Improved Algorithms for Linear Stochastic Bandits},
	author       = {Abbasi-yadkori, Yasin and P\'{a}l, D\'{a}vid and Szepesv\'{a}ri, Csaba},
	year         = 2011,
	booktitle    = {Advances in Neural Information Processing Systems},
	pages        = {}
}
@article{rthompson1933likelihood,
	title        = {On the Likelihood that One Unknown Probability Exceeds Another in View of the Evidence of Two Samples},
	author       = {William R. Thompson},
	year         = 1933,
	journal      = {Biometrika},
	pages        = {285--294},
	urldate      = {2023-05-08}
}
@article{auer2002using,
	title        = {Using Confidence Bounds for Exploitation-Exploration Trade-offs.},
	author       = {Auer, Peter},
	year         = 2002,
	month        = {01},
	journal      = {Journal of Machine Learning Research},
	pages        = {397--422}
}
@article{auer2002finite-time,
	title        = {Finite-time Analysis of the Multiarmed Bandit Problem},
	author       = {Auer, Peter and Cesa-Bianchi, Nicolò and Fischer, Paul},
	year         = 2002,
	month        = {05},
	journal      = {Machine Learning},
	pages        = {235--256}
}
@article{auer2002nonstochastic,
	title        = {The Nonstochastic Multiarmed Bandit Problem},
	author       = {Auer, Peter and Cesa-Bianchi, Nicol\`{o} and Freund, Yoav and Schapire, Robert E.},
	year         = 2002,
	month        = 11,
	journal      = {SIAM Journal on Computing},
	pages        = {48--77}
}
@article{woodroofe1979one-armed,
	title        = {A One-Armed Bandit Problem with a Concomitant Variable},
	author       = {Michael Woodroofe},
	year         = 1979,
	journal      = {Journal of the American Statistical Association},
	pages        = {799--806},
	urldate      = {2023-10-28}
}
@article{lai1985asymptotically,
	title        = {Asymptotically efficient adaptive allocation rules},
	author       = {T.L Lai and Herbert Robbins},
	year         = 1985,
	journal      = {Advances in Applied Mathematics},
	pages        = {4--22}
}
@inproceedings{abe1999associative,
	title        = {Associative Reinforcement Learning Using Linear Probabilistic Concepts},
	author       = {Abe, Naoki and Long, Philip M.},
	year         = 1999,
	booktitle    = {Proceedings of the Sixteenth International Conference on Machine Learning},
	pages        = {3–11},
	numpages     = 9
}
@article{dani2008stochastic,
	title        = {Stochastic Linear Optimization under Bandit Feedback},
	author       = {Varsha Dani and 7 9 and Thomas Hayes and Sham M. Kakade},
	year         = 2008,
	journal      = {21st Annual Conference on Learning Theory - COLT 2008, Helsinki, Finland},
	pages        = {355--366}
}
@inproceedings{li2010contextual-bandit,
	title        = {A contextual-bandit approach to personalized news article recommendation},
	author       = {Li, Lihong and Chu, Wei and Langford, John and Schapire, Robert E.},
	year         = 2010,
	month        = apr,
	booktitle    = {Proceedings of the 19th international conference on World wide web},
	collection   = {WWW ’10}
}
@article{bellman1956problem,
	title        = {A Problem in the Sequential Design of Experiments},
	author       = {Richard Bellman},
	year         = 1956,
	journal      = {Sankhyā: The Indian Journal of Statistics (1933-1960)},
	pages        = {221--229},
	urldate      = {2023-10-28}
}
@inproceedings{chu2011contextual,
	title        = {Contextual Bandits with Linear Payoff Functions},
	author       = {Chu, Wei and Li, Lihong and Reyzin, Lev and Schapire, Robert},
	year         = 2011,
	booktitle    = {Proceedings of the Fourteenth International Conference on Artificial Intelligence and Statistics},
	pages        = {208--214},
}
@article{rusmevichientong2010linearly,
	title        = {Linearly Parameterized Bandits},
	author       = {Rusmevichientong, Paat and Tsitsiklis, John N.},
	year         = 2010,
	journal      = {Mathematics of Operations Research},
	pages        = {395--411}
}
@misc{lale2019stochastic,
	title        = {Stochastic Linear Bandits with Hidden Low Rank Structure},
	author       = {Sahin Lale and Kamyar Azizzadenesheli and Anima Anandkumar and Babak Hassibi},
	year         = 2019,
	eprint       = {1901.09490},
	archiveprefix = {arXiv},
	primaryclass = {cs.LG}
}
@inproceedings{lu2021low-rank,
	title        = {Low-Rank Generalized Linear Bandit Problems},
	author       = {Lu, Yangyi and Meisami, Amirhossein and Tewari, Ambuj},
	year         = 2021,
	month        = {13--15 Apr},
	booktitle    = {Proceedings of The 24th International Conference on Artificial Intelligence and Statistics},
	pages        = {460--468},
}
@inproceedings{yang2021impact,
	title        = {Impact of Representation Learning in Linear Bandits},
	author       = {Jiaqi Yang and Wei Hu and Jason D. Lee and Simon Shaolei Du},
	year         = 2021,
	booktitle    = {International Conference on Learning Representations}
}
@inproceedings{lu2022provable,
	title        = {Provable General Function Class Representation Learning in Multitask Bandits and MDP},
	author       = {Lu, Rui and Zhao, Andrew and Du, Simon S and Huang, Gao},
	year         = 2022,
	booktitle    = {Advances in Neural Information Processing Systems},
	pages        = {11507--11519}
}
@inproceedings{tripuraneni2021provable,
	title        = {Provable Meta-Learning of Linear Representations},
	author       = {Tripuraneni, Nilesh and Jin, Chi and Jordan, Michael},
	year         = 2021,
	booktitle    = {Proceedings of the 38th International Conference on Machine Learning},
	pages        = {10434--10443},
}
@article{pavez2021covariance,
	title        = {Covariance Matrix Estimation With Non Uniform and Data Dependent Missing Observations},
	author       = {Pavez, Eduardo and Ortega, Antonio},
	year         = 2021,
	journal      = {IEEE Transactions on Information Theory},
	pages        = {1201--1215}
}
@inproceedings{you2020handling,
	title        = {Handling Missing Data with Graph Representation Learning},
	author       = {You, Jiaxuan and Ma, Xiaobai and Ding, Yi and Kochenderfer, Mykel J and Leskovec, Jure},
	year         = 2020,
	booktitle    = {Advances in Neural Information Processing Systems},
	pages        = {19075--19087}
}
@article{lounici2014high-dimensional,
	title        = {{High-dimensional covariance matrix estimation with missing observations}},
	author       = {Karim Lounici},
	year         = 2014,
	journal      = {Bernoulli},
	pages        = {1029 -- 1058}
}
@article{loh2012high-dimensional,
	title        = {{High-dimensional regression with noisy and missing data: Provable guarantees with nonconvexity}},
	author       = {Po-Ling Loh and Martin J. Wainwright},
	year         = 2012,
	journal      = {The Annals of Statistics},
	pages        = {1637 -- 1664}
}
@inproceedings{kim2023contextual,
	title        = {Contextual Linear Bandits under Noisy Features: Towards Bayesian Oracles},
	author       = {Kim, Jung-Hun and Yun, Se-Young and Jeong, Minchan and Nam, Junhyun and Shin, Jinwoo and Combes, Richard},
	year         = 2023,
	booktitle    = {Proceedings of The 26th International Conference on Artificial Intelligence and Statistics},
	pages        = {1624--1645}
}
@inproceedings{chatterji2020osom,
	title        = {OSOM: A simultaneously optimal algorithm for multi-armed and linear contextual bandits},
	author       = {Chatterji, Niladri and Muthukumar, Vidya and Bartlett, Peter},
	year         = 2020,
	booktitle    = {Proceedings of the Twenty Third International Conference on Artificial Intelligence and Statistics},
	pages        = {1844--1854}
}
@book{lattimore2020bandit,
	title        = {Bandit algorithms},
	author       = {Lattimore, Tor and Szepesv{\'a}ri, Csaba},
	year         = 2020,
	publisher    = {Cambridge University Press}
}
@inproceedings{agrawal2013thompson,
	title        = {Thompson Sampling for Contextual Bandits with Linear Payoffs},
	author       = {Agrawal, Shipra and Goyal, Navin},
	year         = 2013,
	booktitle    = {Proceedings of the 30th International Conference on Machine Learning},
	pages        = {127--135}
}
@inproceedings{russo2013eluder,
	title        = {Eluder Dimension and the Sample Complexity of Optimistic Exploration},
	author       = {Russo, Daniel and Van Roy, Benjamin},
	year         = 2013,
	booktitle    = {Advances in Neural Information Processing Systems},
	pages        = {}
}
@inproceedings{jin2020provably,
	title        = {Provably efficient reinforcement learning with linear function approximation},
	author       = {Jin, Chi and Yang, Zhuoran and Wang, Zhaoran and Jordan, Michael I},
	year         = 2020,
	booktitle    = {Proceedings of Thirty Third Conference on Learning Theory},
	pages        = {2137--2143}
}
@inproceedings{li2017provably,
	title        = {Provably Optimal Algorithms for Generalized Linear Contextual Bandits},
	author       = {Lihong Li and Yu Lu and Dengyong Zhou},
	year         = 2017,
	booktitle    = {Proceedings of the 34th International Conference on Machine Learning},
	pages        = {2071--2080}
}
@inproceedings{filippi2010parametric,
	title        = {Parametric Bandits: The Generalized Linear Case},
	author       = {Filippi, Sarah and Cappe, Olivier and Garivier, Aur\'{e}lien and Szepesv\'{a}ri, Csaba},
	year         = 2010,
	booktitle    = {Advances in Neural Information Processing Systems},
	pages        = {}
}
@inproceedings{faury2020improved,
	title        = {Improved Optimistic Algorithms for Logistic Bandits},
	author       = {Faury, Louis and Abeille, Marc and Calauzenes, Clement and Fercoq, Olivier},
	year         = 2020,
	booktitle    = {Proceedings of the 37th International Conference on Machine Learning},
	pages        = {3052--3060}
}
@inproceedings{li2022understanding,
	title        = {Understanding the Eluder Dimension},
	author       = {Gene Li and Pritish Kamath and Dylan J Foster and Nathan Srebro},
	year         = 2022,
	booktitle    = {Advances in Neural Information Processing Systems}
}
@inproceedings{zhou2020neural,
	title        = {Neural Contextual Bandits with {UCB}-based Exploration},
	author       = {Zhou, Dongruo and Li, Lihong and Gu, Quanquan},
	year         = 2020,
	booktitle    = {Proceedings of the 37th International Conference on Machine Learning},
	pages        = {11492--11502}
}
@inproceedings{zhou2016latent,
	title        = {Latent contextual bandits and their application to personalized recommendations for new users},
	author       = {Zhou, Li and Brunskill, Emma},
	year         = 2016,
	booktitle    = {Proceedings of the Twenty-Fifth International Joint Conference on Artificial Intelligence},
	pages        = {3646–3653},
	numpages     = 8
}
@inproceedings{maillard2014latent,
	title        = {Latent Bandits.},
	author       = {Maillard, Odalric-Ambrym and Mannor, Shie},
	year         = 2014,
	booktitle    = {Proceedings of the 31st International Conference on Machine Learning},
	pages        = {136--144}
}
@inproceedings{hong2020latent,
	title        = {Latent Bandits Revisited},
	author       = {Hong, Joey and Kveton, Branislav and Zaheer, Manzil and Chow, Yinlam and Ahmed, Amr and Boutilier, Craig},
	year         = 2020,
	booktitle    = {Advances in Neural Information Processing Systems},
	pages        = {13423--13433}
}
@misc{jang2022high,
	title        = {High dimensional stochastic linear contextual bandit with missing covariates},
	author       = {Byoungwook Jang and Julia Nepper and Marc Chevrette and Jo Handelsman and Alfred O. Hero III au2},
	year         = 2022,
	eprint       = {2207.11165},
	archiveprefix = {arXiv},
	primaryclass = {stat.ML}
}
@article{chen2022some,
	title        = {Some performance considerations when using multi-armed bandit algorithms in the presence of missing data},
	author       = {Chen, Xijin and Lee, Kim May and Villar, Sofia S. and Robertson, David S.},
	year         = 2022,
	month        = sep,
	journal      = {PLOS ONE}
}
@inproceedings{hwang2023combinatorial,
	title        = {Combinatorial Neural Bandits},
	author       = {Hwang, Taehyun and Chai, Kyuwook and Oh, Min-Hwan},
	year         = 2023,
	month        = {23--29 Jul},
	booktitle    = {Proceedings of the 40th International Conference on Machine Learning},
	pages        = {14203--14236}
}
@inproceedings{kim2023squeeze,
	title        = {Squeeze All: Novel Estimator and Self-Normalized Bound for Linear Contextual Bandits},
	author       = {Kim, Wonyoung and Paik, Myunghee Cho and Oh, Min-Hwan},
	year         = 2023,
	booktitle    = {Proceedings of The 26th International Conference on Artificial Intelligence and Statistics},
	pages        = {3098--3124}
}
@inproceedings{kim2021doubly,
	title        = {Doubly Robust Thompson Sampling with Linear Payoffs},
	author       = {Kim, Wonyoung and Kim, Gi-Soo and Paik, Myunghee Cho},
	year         = 2021,
	booktitle    = {Advances in Neural Information Processing Systems},
	pages        = {15830--15840}
}
@inproceedings{park2022regret,
	title        = {A Regret Bound for Greedy Partially Observed Stochastic Contextual Bandits},
	author       = {Hongju Park and Mohamad Kazem Shirani Faradonbeh},
	year         = 2022,
	booktitle    = {Decision Awareness in Reinforcement Learning Workshop at ICML 2022}
}
@misc{gong2024provably,
	title        = {Provably Efficient Learning in Partially Observable Contextual Bandit},
	author       = {Xueping Gong and Jiheng Zhang},
	year         = 2024
}
@misc{park2024thompson,
	title        = {Thompson Sampling in Partially Observable Contextual Bandits},
	author       = {Hongju Park and Mohamad Kazem Shirani Faradonbeh},
	year         = 2024,
	eprint       = {2402.10289},
	archiveprefix = {arXiv},
	primaryclass = {stat.ML}
}
@inproceedings{tennenholtz2021bandits,
	title        = {Bandits with partially observable confounded data},
	author       = {Tennenholtz, Guy and Shalit, Uri and Mannor, Shie and Efroni, Yonathan},
	year         = 2021,
	booktitle    = {Proceedings of the Thirty-Seventh Conference on Uncertainty in Artificial Intelligence},
	pages        = {430--439}
}
@article{dimakopoulou2019balanced,
	title        = {Balanced Linear Contextual Bandits},
	author       = {Dimakopoulou, Maria and Zhou, Zhengyuan and Athey, Susan and Imbens, Guido},
	year         = 2019,
	journal      = {Proceedings of the AAAI Conference on Artificial Intelligence},
	pages        = {3445--3453}
}
@inproceedings{kim2019doubly-robust,
	title        = {Doubly-Robust Lasso Bandit},
	author       = {Kim, Gi-Soo and Paik, Myunghee Cho},
	year         = 2019,
	booktitle    = {Advances in Neural Information Processing Systems},
	pages        = {}
}
@article{robbins1952some,
	title        = {{Some aspects of the sequential design of experiments}},
	author       = {Herbert Robbins},
	year         = 1952,
	journal      = {Bulletin of the American Mathematical Society},
	publisher    = {American Mathematical Society},
	pages        = {527 -- 535}
}
@article{ghosh2017misspecified,
	title        = {Misspecified Linear Bandits},
	author       = {Ghosh, Avishek and Ray Chowdhury, Sayak and Gopalan, Aditya},
	year         = 2017,
	month        = {Feb.},
	journal      = {Proceedings of the AAAI Conference on Artificial Intelligence}
}
@inproceedings{abbasi-yadkori2012online-to-confidence-set,
	title        = {Online-to-Confidence-Set Conversions and Application to Sparse Stochastic Bandits},
	author       = {Abbasi-Yadkori, Yasin and Pal, David and Szepesvari, Csaba},
	year         = 2012,
	booktitle    = {Proceedings of the Fifteenth International Conference on Artificial Intelligence and Statistics},
	pages        = {1--9}
}
@inproceedings{bogunovic2021stochastic,
	title        = {Stochastic Linear Bandits Robust to Adversarial Attacks},
	author       = {Bogunovic, Ilija and Losalka, Arpan and Krause, Andreas and Scarlett, Jonathan},
	year         = 2021,
	booktitle    = {Proceedings of The 24th International Conference on Artificial Intelligence and Statistics},
	pages        = {991--999}
}
@inproceedings{he2022nearly,
	title        = {Nearly Optimal Algorithms for Linear Contextual Bandits with Adversarial Corruptions},
	author       = {Jiafan He and Dongruo Zhou and Tong Zhang and Quanquan Gu},
	year         = 2022,
	booktitle    = {Advances in Neural Information Processing Systems}
}
@inproceedings{gilton2017sparse,
	title        = {Sparse linear contextual bandits via relevance vector machines},
	author       = {Gilton, Davis and Willett, Rebecca},
	year         = 2017,
	booktitle    = {2017 International Conference on Sampling Theory and Applications (SampTA)},
	pages        = {518--522},
	doi          = {10.1109/SAMPTA.2017.8024429},
	keywords     = {Support vector machines;Prediction algorithms;Standards;Algorithm design and analysis;Optimization;Face;Uncertainty}
}
@article{bastani2020online,
	title        = {Online Decision Making with High-Dimensional Covariates},
	author       = {Bastani, Hamsa and Bayati, Mohsen},
	year         = 2020,
	journal      = {Operations Research},
	pages        = {276--294},
	doi          = {10.1287/opre.2019.1902},
	eprint       = {https://doi.org/10.1287/opre.2019.1902}
}
@inproceedings{wang2018minimax,
	title        = {Minimax Concave Penalized Multi-Armed Bandit Model with High-Dimensional Covariates},
	author       = {Wang, Xue and Wei, Mingcheng and Yao, Tao},
	year         = 2018,
	month        = {10--15 Jul},
	booktitle    = {Proceedings of the 35th International Conference on Machine Learning},
	pages        = {5200--5208}
}
@inproceedings{oh2021sparsity-agnostic,
	title        = {Sparsity-Agnostic Lasso Bandit},
	author       = {Oh, Min-Hwan and Iyengar, Garud and Zeevi, Assaf},
	year         = 2021,
	month        = {18--24 Jul},
	booktitle    = {Proceedings of the 38th International Conference on Machine Learning},
	pages        = {8271--8280}
}
@book{sutton2018reinforcement,
	title        = {Reinforcement Learning: An Introduction},
	author       = {Sutton, Richard S. and Barto, Andrew G.},
	year         = 2018,
	publisher    = {A Bradford Book},
	isbn         = {0262039249}
}
@article{tibshirani1996regression,
	title        = {Regression Shrinkage and Selection via the Lasso},
	author       = {Robert Tibshirani},
	year         = 1996,
	journal      = {Journal of the Royal Statistical Society. Series B (Methodological)},
	pages        = {267--288}
}
@inproceedings{abbasi-yadkori2009forced-exploration,
	title        = {Forced-Exploration Based Algorithms for Playing in Stochastic Linear Bandits},
	author       = {Yasin Abbasi-Yadkori},
	year         = 2009
}
@inproceedings{lattimore2017end,
	title        = {{The End of Optimism? An Asymptotic Analysis of Finite-Armed Linear Bandits}},
	author       = {Lattimore, Tor and Szepesvari, Csaba},
	year         = 2017,
	month        = {20--22 Apr},
	booktitle    = {Proceedings of the 20th International Conference on Artificial Intelligence and Statistics},
	pages        = {728--737}
}
@inproceedings{amani2019linear,
	title        = {Linear Stochastic Bandits Under Safety Constraints},
	author       = {Amani, Sanae and Alizadeh, Mahnoosh and Thrampoulidis, Christos},
	year         = 2019,
	booktitle    = {Advances in Neural Information Processing Systems},
	pages        = {}
}
@inproceedings{zhu2022pareto,
	title        = {Pareto Optimal Model Selection in Linear Bandits},
	author       = {Zhu, Yinglun and Nowak, Robert},
	year         = 2022,
	month        = {28--30 Mar},
	booktitle    = {Proceedings of The 25th International Conference on Artificial Intelligence and Statistics},
	pages        = {6793--6813}
}
@inproceedings{wagenmaker2021experimental,
	title        = {Experimental Design for Regret Minimization in Linear Bandits},
	author       = {Wagenmaker, Andrew and Katz-Samuels, Julian and Jamieson, Kevin},
	year         = 2021,
	month        = {13--15 Apr},
	booktitle    = {Proceedings of The 24th International Conference on Artificial Intelligence and Statistics},
	pages        = {3088--3096}
}
@inproceedings{chen2020fair,
	title        = {Fair Contextual Multi-Armed Bandits: Theory and Experiments},
	author       = {Chen, Yifang and Cuellar, Alex and Luo, Haipeng and Modi, Jignesh and Nemlekar, Heramb and Nikolaidis, Stefanos},
	year         = 2020,
	month        = {03--06 Aug},
	booktitle    = {Proceedings of the 36th Conference on Uncertainty in Artificial Intelligence (UAI)},
	pages        = {181--190}
}
@inproceedings{pacchiano2020model,
	title        = {Model Selection in Contextual Stochastic Bandit Problems},
	author       = {Pacchiano, Aldo and Phan, My and Abbasi Yadkori, Yasin and Rao, Anup and Zimmert, Julian and Lattimore, Tor and Szepesvari, Csaba},
	year         = 2020,
	booktitle    = {Advances in Neural Information Processing Systems},
	pages        = {10328--10337}
}
@misc{zeng2024partially,
	title        = {Partially Observable Contextual Bandits with Linear Payoffs},
	author       = {Sihan Zeng and Sujay Bhatt and Alec Koppel and Sumitra Ganesh},
	year         = 2024,
	eprint       = {2409.11521},
	archiveprefix = {arXiv},
	primaryclass = {cs.LG}
}


@inproceedings{ariu2022thresholded,
  title={Thresholded lasso bandit},
  author={Ariu, Kaito and Abe, Kenshi and Prouti{\`e}re, Alexandre},
  booktitle={International Conference on Machine Learning},
  pages={878--928},
  year={2022},
  organization={PMLR}
}

@inproceedings{chakraborty2023thompson,
  title={Thompson sampling for high-dimensional sparse linear contextual bandits},
  author={Chakraborty, Sunrit and Roy, Saptarshi and Tewari, Ambuj},
  booktitle={International Conference on Machine Learning},
  pages={3979--4008},
  year={2023},
  organization={PMLR}
}

@inproceedings{lee2025lasso,
  title={Lasso Bandit with Compatibility Condition on Optimal Arm},
  author={Lee, Harin and Hwang, Taehyun and Oh, Min-hwan},
  year = 2025,
  booktitle = {International Conference on Learning Representations}
}