@inproceedings{balle2018gaussianmechanism,
  title={Improving the gaussian mechanism for differential privacy: Analytical calibration and optimal denoising},
  author={Balle, Borja and Wang, Yu-Xiang},
  booktitle={International Conference on Machine Learning},
  year={2018},
  organization={PMLR}
}

@inproceedings{BRSLLP,
  author = "Paolo Boldi and Marco Rosa and Massimo Santini and Sebastiano Vigna",
  title = "Layered Label Propagation: A MultiResolution Coordinate-Free Ordering for Compressing Social Networks",
  booktitle = "Proceedings of the 20th international conference on World Wide Web",
  editor = "Sadagopan Srinivasan and Krithi Ramamritham and Arun Kumar and M. P. Ravindra and Elisa Bertino and Ravi Kumar",
  publisher = "ACM Press",
  year = 2011,
  pages = "587--596"
}

article{desfontaines2020differentially,
  title={Differentially private partition selection},
  author={Desfontaines, Damien and Voss, James and Gipson, Bryant and Mandayam, Chinmoy},
  journal={arXiv preprint arXiv:2006.03684},
  year={2020}
}

@article{bavadekar2021google,
  title={Google COVID-19 vaccination search insights: Anonymization process description},
  author={Bavadekar, Shailesh and Boulanger, Adam and Davis, John and Desfontaines, Damien and Gabrilovich, Evgeniy and Gadepalli, Krishna and Ghazi, Badih and Griffith, Tague and Gupta, Jai and Kamath, Chaitanya and others},
  journal={arXiv preprint arXiv:2107.01179},
  year={2021}
}

@inproceedings{karloff2010model,
  title={A model of computation for MapReduce},
  author={Karloff, Howard and Suri, Siddharth and Vassilvitskii, Sergei},
  booktitle={Proceedings of the twenty-first annual ACM-SIAM symposium on Discrete Algorithms},
  pages={938--948},
  year={2010},
  organization={SIAM}
}

@article{amin2022plume,
  title={Plume: Differential privacy at scale},
  author={Amin, Kareem and Gillenwater, Jennifer and Joseph, Matthew and Kulesza, Alex and Vassilvitskii, Sergei},
  journal={arXiv preprint arXiv:2201.11603},
  year={2022}
}

@inproceedings{zhang2022federated,
  title={Federated model decomposition with private vocabulary for text classification},
  author={Zhang, Zhuo and Hu, Xiangjing and Qu, Lizhen and Wang, Qifan and Xu, Zenglin},
  booktitle={Empirical Methods in Natural Language Processing 2022},
  pages={6413--6425},
  year={2022},
  organization={Association for Computational Linguistics (ACL)}
}
@article{kim2021differentially,
  title={Differentially private n-gram extraction},
  author={Kim, Kunho and Gopi, Sivakanth and Kulkarni, Janardhan and Yekhanin, Sergey},
  journal={Advances in neural information processing systems},
  volume={34},
  pages={5102--5111},
  year={2021}
}

@inproceedings{abadi2016deep,
  title={Deep learning with differential privacy},
  author={Abadi, Martin and Chu, Andy and Goodfellow, Ian and McMahan, H Brendan and Mironov, Ilya and Talwar, Kunal and Zhang, Li},
  booktitle={Proceedings of the 2016 ACM SIGSAC conference on computer and communications security},
  pages={308--318},
  year={2016}
}

@InProceedings{gopi2020dpunion,
  title = 	 {Differentially Private Set Union},
  author =       {Gopi, Sivakanth and Gulhane, Pankaj and Kulkarni, Janardhan and Shen, Judy Hanwen and Shokouhi, Milad and Yekhanin, Sergey},
  booktitle = 	 {Proceedings of the 37th International Conference on Machine Learning},
  year = 	 {2020},
  publisher =    {PMLR},
}

@inproceedings{swanberg2023dpsips,
  title={{DP-SIPS}: A simpler, more scalable mechanism for differentially private partition selection},
  author={Swanberg, Marika and Desfontaines, Damien and Haney, Samuel},
  booktitle={Proceedings on Privacy Enhancing Technologies},
  year={2023}
}

@inproceedings{carvalho2022incorporatingitem,
  title={Incorporating item frequency for differentially private set union},
  author={Carvalho, Ricardo Silva and Wang, Ke and Gondara, Lovedeep Singh},
  booktitle={Proceedings of the AAAI Conference on Artificial Intelligence},
  year={2022}
}

@inproceedings{desfontaines2022dppartition,
  title={Differentially private partition selection},
  author={Desfontaines, Damien and Voss, James and Gipson, Bryant and Mandayam, Chinmoy},
  booktitle={Proceedings on Privacy Enhancing Technologies},
  year={2022},
}

@inproceedings{korolova2009releasing,
  title={Releasing search queries and clicks privately},
  author={Korolova, Aleksandra and Kenthapadi, Krishnaram and Mishra, Nina and Ntoulas, Alexandros},
  booktitle={Proceedings of the 18th international conference on World wide web},
  year={2009}
}

@inproceedings{wilson2020dpsql,
  title={Differentially Private {SQL} with Bounded User Contribution},
  author={Wilson, Royce J and Zhang, Celia Yuxin and Lam, William and Desfontaines, Damien and Simmons-Marengo, Daniel and Gipson, Bryant},
  booktitle={Proceedings on Privacy Enhancing Technologies},
  year={2020},
}

@article{dwork2014book,
  title={The algorithmic foundations of differential privacy},
  author={Dwork, Cynthia and Roth, Aaron},
  journal={Foundations and Trends{\textregistered} in Theoretical Computer Science},
  volume={9},
  number={3--4},
  pages={211--407},
  year={2014},
  publisher={Now Publishers, Inc.}
}

@article{vadhan2017book,
  title={The complexity of differential privacy},
  author={Vadhan, Salil},
  journal={Tutorials on the Foundations of Cryptography: Dedicated to Oded Goldreich},
  pages={347--450},
  year={2017},
  publisher={Springer}
}

@inproceedings{dean2004mapreduce,
title	= {{MapReduce: Simplified Data Processing on Large Clusters}},author	= {Jeffrey Dean and Sanjay Ghemawat},year	= {2004},booktitle	= {OSDI'04: Sixth Symposium on Operating System Design and Implementation},pages	= {137--150},address	= {San Francisco, CA}
}

@article{zaharia2016spark,
author = {Zaharia, Matei and Xin, Reynold S. and Wendell, Patrick and Das, Tathagata and Armbrust, Michael and Dave, Ankur and Meng, Xiangrui and Rosen, Josh and Venkataraman, Shivaram and Franklin, Michael J. and Ghodsi, Ali and Gonzalez, Joseph and Shenker, Scott and Stoica, Ion},
title = {{Apache Spark: a unified engine for big data processing}},
year = {2016},
issue_date = {November 2016},
publisher = {Association for Computing Machinery},
address = {New York, NY, USA},
volume = {59},
number = {11},
issn = {0001-0782},
url = {https://doi.org/10.1145/2934664},
doi = {10.1145/2934664},
abstract = {This open source computing framework unifies streaming, batch, and interactive big data workloads to unlock new applications.},
journal = {Commun. ACM},
month = {oct},
pages = {56â€“65},
numpages = {10}
}

@misc{hadoop,
  author       = {{Apache Software Foundation}},
  title        = {{Hadoop}},
  url          = {https://hadoop.apache.org},
  version      = {0.20.2},
  date         = {2010-02-19},
}


  
@misc{snapnets,
  author       = {Jure Leskovec and Andrej Krevl},
  title        = {{SNAP Datasets}: {Stanford} Large Network Dataset Collection},
  howpublished = {\url{http://snap.stanford.edu/data}},
  month        = jun,
  year         = 2014
}

@inproceedings{boneh2021lightweight,
  title={Lightweight techniques for private heavy hitters},
  author={Boneh, Dan and Boyle, Elette and Corrigan-Gibbs, Henry and Gilboa, Niv and Ishai, Yuval},
  booktitle={2021 IEEE Symposium on Security and Privacy (SP)},
  pages={762--776},
  year={2021},
  organization={IEEE}
}

@misc{pydp_partition,
  author       = {{PyDP}},
  title        = {{PyDP Library: Partition Selection}},
  howpublished = {\url{https://pydp.readthedocs.io/en/stable/pydp.html\#partition-selection}},
  month        = may,
  year         = 2024
}

@article{zhang2023differentially,
  title={Differentially Private Stream Processing at Scale},
  author={Zhang, Bing and Doroshenko, Vadym and Kairouz, Peter and Steinke, Thomas and Thakurta, Abhradeep and Ma, Ziyin and Apte, Himani and Spacek, Jodi},
  journal={arXiv preprint arXiv:2303.18086},
  year={2023}
}

@inproceedings{cardoso2022differentially,
  title={Differentially private histograms under continual observation: Streaming selection into the unknown},
  author={Cardoso, Adrian Rivera and Rogers, Ryan},
  booktitle={International Conference on Artificial Intelligence and Statistics},
  pages={2397--2419},
  year={2022},
  organization={PMLR}
}

@article{wilson2019differentially,
  title={Differentially private sql with bounded user contribution},
  author={Wilson, Royce J and Zhang, Celia Yuxin and Lam, William and Desfontaines, Damien and Simmons-Marengo, Daniel and Gipson, Bryant},
  journal={arXiv preprint arXiv:1909.01917},
  year={2019}
}

@misc{openmined,
  author       = {{OpenMined}},
  title        = {{OpenMined PipelineDP Library}},
  howpublished = {\url{https://github.com/OpenMined/PipelineDP}},
  month        = may,
  year         = 2024
}

@misc{googledplibrary,
  author       = {{Google}},
  title        = {{differential-privacy  Library}},
  howpublished = {\url{https://github.com/google/differential-privacy/blob/main/common_docs/partition_selection.md}},
  month        = may,
  year         = 2024
}


@inproceedings{clueweb1,
  author = "Paolo Boldi and Sebastiano Vigna",
  title = "The {W}eb{G}raph Framework {I}: {C}ompression Techniques",
  year = 2004,
  booktitle = "Proc. of the Thirteenth International World Wide Web Conference (WWW 2004)",
  address = "Manhattan, USA",
  pages = "595--601",
  publisher = "ACM Press"
}

@inproceedings{clueweb2,
  author = "Paolo Boldi and Marco Rosa and Massimo Santini and Sebastiano Vigna",
  title = "Layered Label Propagation: A MultiResolution Coordinate-Free Ordering for Compressing Social Networks",
  booktitle = "Proceedings of the 20th international conference on World Wide Web",
  editor = "Sadagopan Srinivasan and Krithi Ramamritham and Arun Kumar and M. P. Ravindra and Elisa Bertino and Ravi Kumar",
  publisher = "ACM Press",
  year = 2011,
  pages = "587--596"
}

@InProceedings{imdb,
  author    = {Maas, Andrew L.  and  Daly, Raymond E.  and  Pham, Peter T.  and  Huang, Dan  and  Ng, Andrew Y.  and  Potts, Christopher},
  title     = {Learning Word Vectors for Sentiment Analysis},
  booktitle = {Proceedings of the 49th Annual Meeting of the Association for Computational Linguistics: Human Language Technologies},
  month     = {June},
  year      = {2011},
  address   = {Portland, Oregon, USA},
  publisher = {Association for Computational Linguistics},
  pages     = {142--150},
  url       = {http://www.aclweb.org/anthology/P11-1015}
}

@misc{twitter,
	title={Customer Support on Twitter},
	url={https://www.kaggle.com/dsv/8841},
	DOI={10.34740/KAGGLE/DSV/8841},
	publisher={Kaggle},
	author={Stuart Axelbrooke},
	year={2017}
}

@misc{finance,
	title={Daily Financial News for 6000+ Stocks},
	url={https://www.kaggle.com/miguelaenlle/datasets},
	publisher={Kaggle},
	author={Miguel Aenlle}
}

@misc{wiki,
	title={Simple/Normal Wikipedia Abstracts V1},
	url={https://www.kaggle.com/datasets/markwijkhuizen/simplenormal-wikipedia-abstracts-v1},
	publisher={Kaggle},
	author={Mark Wijkhuizen}
}

@inproceedings{amazon2,
 author = {Zhang, Xiang and Zhao, Junbo and LeCun, Yann},
 booktitle = {Advances in Neural Information Processing Systems},
 editor = {C. Cortes and N. Lawrence and D. Lee and M. Sugiyama and R. Garnett},
 pages = {},
 publisher = {Curran Associates, Inc.},
 title = {Character-level Convolutional Networks for Text Classification},
 url = {https://proceedings.neurips.cc/paper_files/paper/2015/file/250cf8b51c773f3f8dc8b4be867a9a02-Paper.pdf},
 volume = {28},
 year = {2015}
}

@article{amazon1,
  title={Hidden factors and hidden topics: understanding rating dimensions with review text},
  author={Julian McAuley and Jure Leskovec},
  journal={Proceedings of the 7th ACM conference on Recommender systems},
  year={2013},
  url={https://api.semanticscholar.org/CorpusID:6440341}
}

@article{ghazi2024dpsparsegrad,
  title={Differentially Private Optimization with Sparse Gradients},
  author={Ghazi, Badih and Guzm{\'a}n, Crist{\'o}bal and Kamath, Pritish and Kumar, Ravi and Manurangsi, Pasin},
  journal={arXiv preprint arXiv:2404.10881},
  year={2024}
}

@inproceedings{ghazi2023sparsitypreserving,
title={Sparsity-Preserving Differentially Private Training of Large Embedding Models},
author={Badih Ghazi and Yangsibo Huang and Pritish Kamath and Ravi Kumar and Pasin Manurangsi and Amer Sinha and Chiyuan Zhang},
booktitle={Thirty-seventh Conference on Neural Information Processing Systems},
year={2023},
url={https://openreview.net/forum?id=sqTcCXkG4P}
}