@inproceedings{carvalho2022incorporatingitem,
  title={Incorporating item frequency for differentially private set union},
  author={Carvalho, Ricardo Silva and Wang, Ke and Gondara, Lovedeep Singh},
  booktitle={Proceedings of the AAAI Conference on Artificial Intelligence},
  year={2022}
}

@inproceedings{desfontaines2022dppartition,
  title={Differentially private partition selection},
  author={Desfontaines, Damien and Voss, James and Gipson, Bryant and Mandayam, Chinmoy},
  booktitle={Proceedings on Privacy Enhancing Technologies},
  year={2022},
}

@article{dwork2014book,
  title={The algorithmic foundations of differential privacy},
  author={Dwork, Cynthia and Roth, Aaron},
  journal={Foundations and Trends{\textregistered} in Theoretical Computer Science},
  volume={9},
  number={3--4},
  pages={211--407},
  year={2014},
  publisher={Now Publishers, Inc.}
}

@InProceedings{gopi2020dpunion,
  title = 	 {Differentially Private Set Union},
  author =       {Gopi, Sivakanth and Gulhane, Pankaj and Kulkarni, Janardhan and Shen, Judy Hanwen and Shokouhi, Milad and Yekhanin, Sergey},
  booktitle = 	 {Proceedings of the 37th International Conference on Machine Learning},
  year = 	 {2020},
  publisher =    {PMLR},
}

@inproceedings{korolova2009releasing,
  title={Releasing search queries and clicks privately},
  author={Korolova, Aleksandra and Kenthapadi, Krishnaram and Mishra, Nina and Ntoulas, Alexandros},
  booktitle={Proceedings of the 18th international conference on World wide web},
  year={2009}
}

@inproceedings{swanberg2023dpsips,
  title={{DP-SIPS}: A simpler, more scalable mechanism for differentially private partition selection},
  author={Swanberg, Marika and Desfontaines, Damien and Haney, Samuel},
  booktitle={Proceedings on Privacy Enhancing Technologies},
  year={2023}
}

@inproceedings{wilson2020dpsql,
  title={Differentially Private {SQL} with Bounded User Contribution},
  author={Wilson, Royce J and Zhang, Celia Yuxin and Lam, William and Desfontaines, Damien and Simmons-Marengo, Daniel and Gipson, Bryant},
  booktitle={Proceedings on Privacy Enhancing Technologies},
  year={2020},
}

