@inproceedings{allen2019convergence,
  title={A convergence theory for deep learning via over-parameterization},
  author={Allen-Zhu, Zeyuan and Li, Yuanzhi and Song, Zhao},
  booktitle={International conference on machine learning},
  pages={242--252},
  year={2019},
  organization={PMLR}
}

@article{bartlett2019nearly,
  title={Nearly-tight VC-dimension and pseudodimension bounds for piecewise linear neural networks},
  author={Bartlett, Peter L and Harvey, Nick and Liaw, Christopher and Mehrabian, Abbas},
  journal={The Journal of Machine Learning Research},
  volume={20},
  number={1},
  pages={2285--2301},
  year={2019},
  publisher={JMLR. org}
}

@article{bastounis2021mathematics,
  title={The mathematics of adversarial attacks in AI--Why deep learning is unstable despite the existence of stable neural networks},
  author={Bastounis, Alexander and Hansen, Anders C and Vla{\v{c}}i{\'c}, Verner},
  journal={arXiv preprint arXiv:2109.06098},
  year={2021}
}

@article{baum1988capabilities,
  title={On the capabilities of multilayer perceptrons},
  author={Baum, Eric B},
  journal={Journal of complexity},
  volume={4},
  number={3},
  pages={193--215},
  year={1988},
  publisher={Elsevier}
}

@article{bubeck2020network,
  title={Network size and weights size for memorization with two-layers neural networks},
  author={Bubeck, S{\'e}bastien and Eldan, Ronen and Lee, Yin Tat and Mikulincer, Dan},
  journal={arXiv preprint arXiv:2006.02855},
  year={2020}
}

@article{gao2019convergence,
  title={Convergence of adversarial training in overparametrized neural networks},
  author={Gao, Ruiqi and Cai, Tianle and Li, Haochuan and Hsieh, Cho-Jui and Wang, Liwei and Lee, Jason D},
  journal={Advances in Neural Information Processing Systems},
  volume={32},
  year={2019}
}

@article{goldberg1995bounding,
  title={Bounding the Vapnik-Chervonenkis dimension of concept classes parameterized by real numbers},
  author={Goldberg, Paul W and Jerrum, Mark R},
  journal={Machine Learning},
  volume={18},
  number={2-3},
  pages={131--148},
  year={1995},
  publisher={Springer}
}

@article{huang1991bounds,
  title={Bounds on the number of hidden neurons in multilayer perceptrons},
  author={Huang, Shih-Chi and Huang, Yih-Fang and others},
  journal={IEEE transactions on neural networks},
  volume={2},
  number={1},
  pages={47--55},
  year={1991}
}

@article{huang1998upper,
  title={Upper bounds on the number of hidden neurons in feedforward networks with arbitrary bounded nonlinear activation functions},
  author={Huang, Guang-Bin and Babri, Haroon A},
  journal={IEEE transactions on neural networks},
  volume={9},
  number={1},
  pages={224--229},
  year={1998},
  publisher={IEEE}
}

@article{huang2003learning,
  title={Learning capability and storage capacity of two-hidden-layer feedforward networks},
  author={Huang, Guang-Bin},
  journal={IEEE transactions on neural networks},
  volume={14},
  number={2},
  pages={274--281},
  year={2003},
  publisher={IEEE}
}

@article{jacot2018neural,
  title={Neural tangent kernel: Convergence and generalization in neural networks},
  author={Jacot, Arthur and Gabriel, Franck and Hongler, Cl{\'e}ment},
  journal={Advances in neural information processing systems},
  volume={31},
  year={2018}
}

@article{li2022robust,
  title={Why robust generalization in deep learning is difficult: Perspective of expressive power},
  author={Li, Binghui and Jin, Jikai and Zhong, Han and Hopcroft, John and Wang, Liwei},
  journal={Advances in Neural Information Processing Systems},
  volume={35},
  pages={4370--4384},
  year={2022}
}

@article{madry2017towards,
  title={Towards deep learning models resistant to adversarial attacks},
  author={Madry, Aleksander and Makelov, Aleksandar and Schmidt, Ludwig and Tsipras, Dimitris and Vladu, Adrian},
  journal={Preprint, arXiv:1706.06083},
  year={2017}
}

@inproceedings{park2021provable,
  title={Provable memorization via deep neural networks using sub-linear parameters},
  author={Park, Sejun and Lee, Jaeho and Yun, Chulhee and Shin, Jinwoo},
  booktitle={Conference on Learning Theory},
  pages={3627--3661},
  year={2021},
  organization={PMLR}
}

@article{sartori1991simple,
  title={A simple method to derive bounds on the size and to train multilayer neural networks},
  author={Sartori, Michael A and Antsaklis, Panos J},
  journal={IEEE transactions on neural networks},
  volume={2},
  number={4},
  pages={467--471},
  year={1991},
  publisher={IEEE}
}

@article{vardi2021optimal,
  title={On the optimal memorization power of relu neural networks},
  author={Vardi, Gal and Yehudai, Gilad and Shamir, Ohad},
  journal={arXiv preprint arXiv:2110.03187},
  year={2021}
}

@article{wu2021wider,
  title={Do wider neural networks really help adversarial robustness?},
  author={Wu, Boxi and Chen, Jinghui and Cai, Deng and He, Xiaofei and Gu, Quanquan},
  journal={Advances in Neural Information Processing Systems},
  volume={34},
  pages={7054--7067},
  year={2021}
}

@article{yang2020closer,
  title={A closer look at accuracy vs. robustness},
  author={Yang, Yao-Yuan and Rashtchian, Cyrus and Zhang, Hongyang and Salakhutdinov, Russ R and Chaudhuri, Kamalika},
  journal={Advances in neural information processing systems},
  volume={33},
  pages={8588--8601},
  year={2020}
}

@inproceedings{yun2019small,
  title={Small ReLU networks are powerful memorizers: a tight analysis of memorization capacity},
  author={Yun, Chulhee and Sra, Suvrit and Jadbabaie, Ali},
  booktitle={Advances in Neural Information Processing Systems},
  pages={15558--15569},
  year={2019}
}

@inproceedings{yuoptimal,
  title={OPTIMAL ROBUST MEMORIZATION WITH RELU NEURAL NETWORKS},
  author={Yu, Lijia and Gao, Xiao-Shan and Zhang, Lijun},
  booktitle={The Twelfth International Conference on Learning Representations},
  year={2024}
}

@article{zhang2021understanding,
  title={Understanding deep learning (still) requires rethinking generalization},
  author={Zhang, Chiyuan and Bengio, Samy and Hardt, Moritz and Recht, Benjamin and Vinyals, Oriol},
  journal={Communications of the ACM},
  volume={64},
  number={3},
  pages={107--115},
  year={2021},
  publisher={ACM New York, NY, USA}
}

@article{zhu2022robustness,
  title={Robustness in deep learning: The good (width), the bad (depth), and the ugly (initialization)},
  author={Zhu, Zhenyu and Liu, Fanghui and Chrysos, Grigorios and Cevher, Volkan},
  journal={Advances in neural information processing systems},
  volume={35},
  pages={36094--36107},
  year={2022}
}

