@inproceedings{park2021provable,
  title={Provable memorization via deep neural networks using sub-linear parameters},
  author={Park, Sejun and Lee, Jaeho and Yun, Chulhee and Shin, Jinwoo},
  booktitle={Conference on Learning Theory},
  pages={3627--3661},
  year={2021},
  organization={PMLR}
}
@article{dumer2007covering,
  title={Covering spheres with spheres},
  author={Dumer, Ilya},
  journal={Discrete \& Computational Geometry},
  volume={38},
  pages={665--679},
  year={2007},
  publisher={Springer}
}

@book{Folland_2015,
    title={A course in abstract harmonic analysis, Second edition},
    publisher={CRC Press},
    author={Folland, G. B.},
    year={2015}
}

@article{laforgia1984further,
  title={Further inequalities for the gamma function},
  author={Laforgia, Andrea},
  journal={Mathematics of Computation},
  volume={42},
  number={166},
  pages={597--600},
  year={1984}
}

@book{mattila1999geometry,
  title={Geometry of sets and measures in Euclidean spaces: fractals and rectifiability},
  author={Mattila, Pertti},
  number={44},
  year={1999},
  publisher={Cambridge university press}
}

@article{boroczky2003covering,
  title={Covering the sphere by equal spherical balls},
  author={B{\"o}r{\"o}czky, K{\'a}roly and Wintsche, Gergely},
  journal={Discrete and Computational Geometry: The Goodman-Pollack Festschrift},
  pages={235--251},
  year={2003},
  publisher={Springer}
}

@article{naszodi2016some,
  title={On some covering problems in geometry},
  author={Nasz{\'o}di, M{\'a}rton},
  journal={Proceedings of the American Mathematical Society},
  volume={144},
  number={8},
  pages={3555--3562},
  year={2016}
}

@article{rolfes2018covering,
  title={Covering compact metric spaces greedily},
  author={Rolfes, Jan Hendrik and Vallentin, Frank},
  journal={Acta Mathematica Hungarica},
  volume={155},
  pages={130--140},
  year={2018},
  publisher={Springer}
}


@article{dasgupta2003elementary,
  title={An elementary proof of a theorem of Johnson and Lindenstrauss},
  author={Dasgupta, Sanjoy and Gupta, Anupam},
  journal={Random Structures \& Algorithms},
  volume={22},
  number={1},
  pages={60--65},
  year={2003},
  publisher={Wiley Online Library}
}

@article{elbrachter2019deep,
  title={Deep neural network approximation theory},
  author={Elbr{\"a}chter, Dennis and Perekrestenko, Dmytro and Grohs, Philipp and B{\"o}lcskei, Helmut},
  journal={arXiv preprint arXiv:1901.02220},
  year={2019}
}

@inproceedings{safran2017depth,
  title={Depth-width tradeoffs in approximating natural functions with neural networks},
  author={Safran, Itay and Shamir, Ohad},
  booktitle={International conference on machine learning},
  pages={2979--2987},
  year={2017},
  organization={PMLR}
}

@inproceedings{telgarsky2016benefits,
  title={Benefits of depth in neural networks},
  author={Telgarsky, Matus},
  booktitle={Conference on learning theory},
  pages={1517--1539},
  year={2016},
  organization={PMLR}
}

@inproceedings{jiang2024moderate,
  title={Moderate Dimension Reduction for k-Center Clustering},
  author={Jiang, Shaofeng H-C and Krauthgamer, Robert and Sapir, Shay},
  booktitle={40th International Symposium on Computational Geometry (SoCG 2024)},
  year={2024},
  organization={Schloss Dagstuhl--Leibniz-Zentrum f{\"u}r Informatik}
}

@article{szegedy2013intriguing,
  title={Intriguing properties of neural networks},
  author={Szegedy, Christian and Zaremba, Wojciech and Sutskever, Ilya and Bruna, Joan and Erhan, Dumitru and Goodfellow, Ian and Fergus, Rob},
  journal={Preprint, arXiv:1312.6199},
  year={2013}
}


@inproceedings{athalye2018obfuscated,
  title={Obfuscated gradients give a false sense of security: Circumventing defenses to adversarial examples},
  author={Athalye, Anish and Carlini, Nicholas and Wagner, David},
  booktitle={International conference on machine learning},
  pages={274--283},
  year={2018},
  organization={PMLR}
}

@inproceedings{carlini2017adversarial,
  title={Adversarial examples are not easily detected: Bypassing ten detection methods},
  author={Carlini, Nicholas and Wagner, David},
  booktitle={Proceedings of the 10th ACM workshop on artificial intelligence and security},
  pages={3--14},
  year={2017}
}

@inproceedings{carlini2018audio,
  title={Audio adversarial examples: Targeted attacks on speech-to-text},
  author={Carlini, Nicholas and Wagner, David},
  booktitle={2018 IEEE Security and Privacy Workshops (SPW)},
  pages={1--7},
  year={2018},
  organization={IEEE}
}

@inproceedings{papernot2016distillation,
  title={Distillation as a defense to adversarial perturbations against deep neural networks},
  author={Papernot, Nicolas and McDaniel, Patrick and Wu, Xi and Jha, Somesh and Swami, Ananthram},
  booktitle={2016 IEEE symposium on security and privacy (SP)},
  pages={582--597},
  year={2016},
  organization={IEEE}
}

@inproceedings{papernot2017practical,
  title={Practical black-box attacks against machine learning},
  author={Papernot, Nicolas and McDaniel, Patrick and Goodfellow, Ian and Jha, Somesh and Celik, Z Berkay and Swami, Ananthram},
  booktitle={Proceedings of the 2017 ACM on Asia conference on computer and communications security},
  pages={506--519},
  year={2017}
}

@article{madry2017towards,
  title={Towards deep learning models resistant to adversarial attacks},
  author={Madry, Aleksander and Makelov, Aleksandar and Schmidt, Ludwig and Tsipras, Dimitris and Vladu, Adrian},
  journal={Preprint, arXiv:1706.06083},
  year={2017}
}

@inproceedings{wong2018provable,
  title={Provable defenses against adversarial examples via the convex outer adversarial polytope},
  author={Wong, Eric and Kolter, Zico},
  booktitle={International Conference on Machine Learning},
  pages={5286--5295},
  year={2018},
  organization={PMLR}
}

@article{wu2021wider,
  title={Do wider neural networks really help adversarial robustness?},
  author={Wu, Boxi and Chen, Jinghui and Cai, Deng and He, Xiaofei and Gu, Quanquan},
  journal={Advances in Neural Information Processing Systems},
  volume={34},
  pages={7054--7067},
  year={2021}
}

@article{zhu2022robustness,
  title={Robustness in deep learning: The good (width), the bad (depth), and the ugly (initialization)},
  author={Zhu, Zhenyu and Liu, Fanghui and Chrysos, Grigorios and Cevher, Volkan},
  journal={Advances in neural information processing systems},
  volume={35},
  pages={36094--36107},
  year={2022}
}

@inproceedings{yuoptimal,
  title={OPTIMAL ROBUST MEMORIZATION WITH RELU NEURAL NETWORKS},
  author={Yu, Lijia and Gao, Xiao-Shan and Zhang, Lijun},
  booktitle={The Twelfth International Conference on Learning Representations},
  year={2024}
}

@article{jacot2018neural,
  title={Neural tangent kernel: Convergence and generalization in neural networks},
  author={Jacot, Arthur and Gabriel, Franck and Hongler, Cl{\'e}ment},
  journal={Advances in neural information processing systems},
  volume={31},
  year={2018}
}

@inproceedings{allen2019convergence,
  title={A convergence theory for deep learning via over-parameterization},
  author={Allen-Zhu, Zeyuan and Li, Yuanzhi and Song, Zhao},
  booktitle={International conference on machine learning},
  pages={242--252},
  year={2019},
  organization={PMLR}
}

@article{gao2019convergence,
  title={Convergence of adversarial training in overparametrized neural networks},
  author={Gao, Ruiqi and Cai, Tianle and Li, Haochuan and Hsieh, Cho-Jui and Wang, Liwei and Lee, Jason D},
  journal={Advances in Neural Information Processing Systems},
  volume={32},
  year={2019}
}


@article{gilmer2017neural,
  title={Neural message passing for quantum chemistry},
  author={Gilmer, Justin and Schoenholz, Samuel S and Riley, Patrick F and Vinyals, Oriol and Dahl, George E},
  journal={arXiv preprint arXiv:1704.01212},
  year={2017}
}

@incollection{immerman1990describing,
  title={Describing graphs: A first-order approach to graph canonization},
  author={Immerman, Neil and Lander, Eric},
  booktitle={Complexity theory retrospective},
  pages={59--81},
  year={1990},
  publisher={Springer}
}

@article{loukas2019graph,
  title={What graph neural networks cannot learn: depth vs width},
  author={Loukas, Andreas},
  journal={arXiv preprint arXiv:1907.03199},
  year={2019}
}

@article{huang2019residual,
  title={Residual or gate? towards deeper graph neural networks for inductive graph representation learning},
  author={Huang, Binxuan and Carley, Kathleen M},
  journal={arXiv preprint arXiv:1904.08035},
  year={2019}
}

@article{hao2020towards,
  title={Towards Scale-Invariant Graph-related Problem Solving by Iterative Homogeneous Graph Neural Networks},
  author={Hao Tang and anonymous authors},
  journal={Unpublished manuscript},
  year={2020}
}

@article{ha2016hypernetworks,
  title={Hypernetworks},
  author={Ha, David and Dai, Andrew and Le, Quoc V},
  journal={arXiv preprint arXiv:1609.09106},
  year={2016}
}

@inproceedings{nachmani2019hyper,
  title={Hyper-graph-network decoders for block codes},
  author={Nachmani, Eliya and Wolf, Lior},
  booktitle={Advances in Neural Information Processing Systems},
  pages={2329--2339},
  year={2019}
}

@article{chen2020can,
  title={Can graph neural networks count substructures?},
  author={Chen, Zhengdao and Chen, Lei and Villar, Soledad and Bruna, Joan},
  journal={arXiv preprint arXiv:2002.04025},
  year={2020}
}

@article{weisfeiler1968reduction,
  title={A reduction of a graph to a canonical form and an algebra arising during this reduction},
  author={Weisfeiler, Boris and Lehman, Andrei A},
  journal={Nauchno-Technicheskaya Informatsia},
  volume={2},
  number={9},
  pages={12--16},
  year={1968}
}

@article{maron2019universality,
  title={On the universality of invariant networks},
  author={Maron, Haggai and Fetaya, Ethan and Segol, Nimrod and Lipman, Yaron},
  journal={arXiv preprint arXiv:1901.09342},
  year={2019}
}

@inproceedings{maron2019provably,
  title={Provably powerful graph networks},
  author={Maron, Haggai and Ben-Hamu, Heli and Serviansky, Hadar and Lipman, Yaron},
  booktitle={Advances in Neural Information Processing Systems},
  pages={2156--2167},
  year={2019}
}

@article{sato2020random,
  title={Random Features Strengthen Graph Neural Networks},
  author={Sato, Ryoma and Yamada, Makoto and Kashima, Hisashi},
  journal={arXiv preprint arXiv:2002.03155},
  year={2020}
}

@article{selsam2018learning,
  title={Learning a SAT solver from single-bit supervision},
  author={Selsam, Daniel and Lamm, Matthew and B{\"u}nz, Benedikt and Liang, Percy and de Moura, Leonardo and Dill, David L},
  journal={arXiv preprint arXiv:1802.03685},
  year={2018}
}

@inproceedings{li2018combinatorial,
  title={Combinatorial optimization with graph convolutional networks and guided tree search},
  author={Li, Zhuwen and Chen, Qifeng and Koltun, Vladlen},
  booktitle={Advances in Neural Information Processing Systems},
  pages={539--548},
  year={2018}
}


@inproceedings{yao2019experimental,
  title={Experimental performance of graph neural networks on random instances of max-cut},
  author={Yao, Weichi and Bandeira, Afonso S and Villar, Soledad},
  booktitle={Wavelets and Sparsity XVIII},
  volume={11138},
  pages={111380S},
  year={2019},
  organization={International Society for Optics and Photonics}
}

@article{bai2019neural,
  title={Neural maximum common subgraph detection with guided subgraph extraction},
  author={Bai, Yunsheng and Xu, Derek and Gu, Ken and Wu, Xueqing and Marinovic, Agustin and Ro, Christopher and Sun, Yizhou and Wang, Wei},
  year={2019}
}

@article{kipf2016semi,
  title={Semi-supervised classification with graph convolutional networks},
  author={Kipf, Thomas N and Welling, Max},
  journal={arXiv preprint arXiv:1609.02907},
  year={2016}
}

@article{velivckovic2017graph,
  title={Graph attention networks},
  author={Veli{\v{c}}kovi{\'c}, Petar and Cucurull, Guillem and Casanova, Arantxa and Romero, Adriana and Lio, Pietro and Bengio, Yoshua},
  journal={arXiv preprint arXiv:1710.10903},
  year={2017}
}

@article{scarselli2008graph,
  title={The graph neural network model},
  author={Scarselli, Franco and Gori, Marco and Tsoi, Ah Chung and Hagenbuchner, Markus and Monfardini, Gabriele},
  journal={IEEE Transactions on Neural Networks},
  volume={20},
  number={1},
  pages={61--80},
  year={2008},
  publisher={IEEE}
}

@article{maron2018invariant,
  title={Invariant and equivariant graph networks},
  author={Maron, Haggai and Ben-Hamu, Heli and Shamir, Nadav and Lipman, Yaron},
  journal={arXiv preprint arXiv:1812.09902},
  year={2018}
}

@article{xu2018powerful,
  title={How powerful are graph neural networks?},
  author={Xu, Keyulu and Hu, Weihua and Leskovec, Jure and Jegelka, Stefanie},
  journal={arXiv preprint arXiv:1810.00826},
  year={2018}
}

@article{oono2019graph,
  title={Graph neural networks exponentially lose expressive power for node classification},
  author={Oono, Kenta and Suzuki, Taiji},
  journal={arXiv preprint arXiv:1905.10947},
  year={2019}
}

@inproceedings{safran2018spurious,
  title={Spurious local minima are common in two-layer relu neural networks},
  author={Safran, Itay and Shamir, Ohad},
  booktitle={International Conference on Machine Learning},
  pages={4433--4441},
  year={2018}
}

@article{bruna2013spectral,
  title={Spectral networks and locally connected networks on graphs},
  author={Bruna, Joan and Zaremba, Wojciech and Szlam, Arthur and LeCun, Yann},
  journal={arXiv preprint arXiv:1312.6203},
  year={2013}
}

@article{garcia2017few,
  title={Few-shot learning with graph neural networks},
  author={Garcia, Victor and Bruna, Joan},
  journal={arXiv preprint arXiv:1711.04043},
  year={2017}
}

@article{yao2019graph,
  title={Graph few-shot learning via knowledge transfer},
  author={Yao, Huaxiu and Zhang, Chuxu and Wei, Ying and Jiang, Meng and Wang, Suhang and Huang, Junzhou and Chawla, Nitesh V and Li, Zhenhui},
  journal={arXiv preprint arXiv:1910.03053},
  year={2019}
}

@article{bouritsas2020improving,
  title={Improving Graph Neural Network Expressivity via Subgraph Isomorphism Counting},
  author={Bouritsas, Giorgos and Frasca, Fabrizio and Zafeiriou, Stefanos and Bronstein, Michael M},
  journal={arXiv preprint arXiv:2006.09252},
  year={2020}
}

@inproceedings{chen2019equivalence,
  title={On the equivalence between graph isomorphism testing and function approximation with gnns},
  author={Chen, Zhengdao and Villar, Soledad and Chen, Lei and Bruna, Joan},
  booktitle={Advances in Neural Information Processing Systems},
  pages={15894--15902},
  year={2019}
}

@inproceedings{fan2019graph,
  title={Graph neural networks for social recommendation},
  author={Fan, Wenqi and Ma, Yao and Li, Qing and He, Yuan and Zhao, Eric and Tang, Jiliang and Yin, Dawei},
  booktitle={The World Wide Web Conference},
  pages={417--426},
  year={2019}
}

@inproceedings{landrieu2018large,
  title={Large-scale point cloud semantic segmentation with superpoint graphs},
  author={Landrieu, Loic and Simonovsky, Martin},
  booktitle={Proceedings of the IEEE Conference on Computer Vision and Pattern Recognition},
  pages={4558--4567},
  year={2018}
}

@inproceedings{yun2019small,
  title={Small ReLU networks are powerful memorizers: a tight analysis of memorization capacity},
  author={Yun, Chulhee and Sra, Suvrit and Jadbabaie, Ali},
  booktitle={Advances in Neural Information Processing Systems},
  pages={15558--15569},
  year={2019}
}

@article{morris2019towards,
  title={Towards a practical $ k $-dimensional Weisfeiler-Leman algorithm},
  author={Morris, Christopher and Mutzel, Petra},
  journal={arXiv preprint arXiv:1904.01543},
  year={2019}
}

@article{hang2020placeholder,
  title={Placeholder for the Chinese paper about scale agnostic GNN},
  author={Tao Hang},
  journal={arXiv},
  year={2020}
}

@article{dwivedi2020benchmarking,
  title={Benchmarking graph neural networks},
  author={Dwivedi, Vijay Prakash and Joshi, Chaitanya K and Laurent, Thomas and Bengio, Yoshua and Bresson, Xavier},
  journal={arXiv preprint arXiv:2003.00982},
  year={2020}
}

@book{grohe2017descriptive,
  title={Descriptive complexity, canonisation, and definable graph structure theory},
  author={Grohe, Martin},
  volume={47},
  year={2017},
  publisher={Cambridge University Press}
}

@article{nachmani2020molecule,
  title={Molecule property prediction and classification with graph hypernetworks},
  author={Nachmani, Eliya and Wolf, Lior},
  journal={arXiv preprint arXiv:2002.00240},
  year={2020}
}

@article{zhao2019pairnorm,
  title={Pairnorm: Tackling oversmoothing in gnns},
  author={Zhao, Lingxiao and Akoglu, Leman},
  journal={arXiv preprint arXiv:1909.12223},
  year={2019}
}

@article{alon2020bottleneck,
  title={On the Bottleneck of Graph Neural Networks and its Practical Implications},
  author={Alon, Uri and Yahav, Eran},
  journal={arXiv preprint arXiv:2006.05205},
  year={2020}
}

@article{tang2020towards,
  title={Towards Scale-Invariant Graph-related Problem Solving
by Iterative Homogeneous Graph Neural Networks},
  author={Tang, Hao and Huang, Zhiao and Gu, Jiayuan and  Lu, Bao-Liang  and Su,Hao},
  journal={ICML 2020 Workshop on Graph Neural Networks \& Beyond},
  year={2020}
}

@article{zweig2020functional,
  title={A Functional Perspective on Learning Symmetric Functions with Neural Networks},
  author={Zweig, Aaron and Bruna, Joan},
  journal={arXiv preprint arXiv:2008.06952},
  year={2020}
}

@misc{
bueno2020limitations,
title={Limitations for Learning from Point Clouds},
author={Christian Bueno and Alan G. Hylton},
year={2020},
url={https://openreview.net/forum?id=r1x63grFvH}
}

@article{velivckovic2019neural,
  title={Neural execution of graph algorithms},
  author={Veli{\v{c}}kovi{\'c}, Petar and Ying, Rex and Padovano, Matilde and Hadsell, Raia and Blundell, Charles},
  journal={arXiv preprint arXiv:1910.10593},
  year={2019}
}

@article{luz2020learning,
  title={Learning Algebraic Multigrid Using Graph Neural Networks},
  author={Luz, Ilay and Galun, Meirav and Maron, Haggai and Basri, Ronen and Yavneh, Irad},
  journal={arXiv preprint arXiv:2003.05744},
  year={2020}
}

@inproceedings{morris2019weisfeiler,
  title={Weisfeiler and leman go neural: Higher-order graph neural networks},
  author={Morris, Christopher and Ritzert, Martin and Fey, Matthias and Hamilton, William L and Lenssen, Jan Eric and Rattan, Gaurav and Grohe, Martin},
  booktitle={Proceedings of the AAAI Conference on Artificial Intelligence},
  volume={33},
  pages={4602--4609},
  year={2019}
}

@inproceedings{keriven2019universal,
  title={Universal invariant and equivariant graph neural networks},
  author={Keriven, Nicolas and Peyr{\'e}, Gabriel},
  booktitle={Advances in Neural Information Processing Systems},
  pages={7092--7101},
  year={2019}
}

@article{sinha2020evaluating,
  title={Evaluating Logical Generalization in Graph Neural Networks},
  author={Sinha, Koustuv and Sodhani, Shagun and Pineau, Joelle and Hamilton, William L},
  journal={arXiv preprint arXiv:2003.06560},
  year={2020}
}

@inproceedings{verma2019stability,
  title={Stability and generalization of graph convolutional neural networks},
  author={Verma, Saurabh and Zhang, Zhi-Li},
  booktitle={Proceedings of the 25th ACM SIGKDD International Conference on Knowledge Discovery \& Data Mining},
  pages={1539--1548},
  year={2019}
}

@inproceedings{knyazev2019understanding,
  title={Understanding attention and generalization in graph neural networks},
  author={Knyazev, Boris and Taylor, Graham W and Amer, Mohamed},
  booktitle={Advances in Neural Information Processing Systems},
  pages={4202--4212},
  year={2019}
}

@article{garg2020generalization,
  title={Generalization and representational limits of graph neural networks},
  author={Garg, Vikas K and Jegelka, Stefanie and Jaakkola, Tommi},
  journal={arXiv preprint arXiv:2002.06157},
  year={2020}
}

@article{puny2020graph,
  title={From Graph Low-Rank Global Attention to 2-FWL Approximation},
  author={Puny, Omri and Ben-Hamu, Heli and Lipman, Yaron},
  journal={arXiv preprint arXiv:2006.07846},
  year={2020}
}

@article{kipf2016variational,
  title={Variational graph auto-encoders},
  author={Kipf, Thomas N and Welling, Max},
  journal={arXiv preprint arXiv:1611.07308},
  year={2016}
}

@article{salha2019keep,
  title={Keep it simple: Graph autoencoders without graph convolutional networks},
  author={Salha, Guillaume and Hennequin, Romain and Vazirgiannis, Michalis},
  journal={arXiv preprint arXiv:1910.00942},
  year={2019}
}

@inproceedings{park2019symmetric,
  title={Symmetric graph convolutional autoencoder for unsupervised graph representation learning},
  author={Park, Jiwoong and Lee, Minsik and Chang, Hyung Jin and Lee, Kyuewang and Choi, Jin Young},
  booktitle={Proceedings of the IEEE International Conference on Computer Vision},
  pages={6519--6528},
  year={2019}
}

@inproceedings{velickovic2019deep,
  title={Deep Graph Infomax.},
  author={Velickovic, Petar and Fedus, William and Hamilton, William L and Li{\`o}, Pietro and Bengio, Yoshua and Hjelm, R Devon},
  booktitle={ICLR (Poster)},
  year={2019}
}

@article{you2020does,
  title={When Does Self-Supervision Help Graph Convolutional Networks?},
  author={You, Yuning and Chen, Tianlong and Wang, Zhangyang and Shen, Yang},
  journal={arXiv preprint arXiv:2006.09136},
  year={2020}
}

@article{jin2020self,
  title={Self-supervised Learning on Graphs: Deep Insights and New Direction},
  author={Jin, Wei and Derr, Tyler and Liu, Haochen and Wang, Yiqi and Wang, Suhang and Liu, Zitao and Tang, Jiliang},
  journal={arXiv preprint arXiv:2006.10141},
  year={2020}
}

@article{hu2019strategies,
  title={Strategies for Pre-training Graph Neural Networks},
  author={Hu, Weihua and Liu, Bowen and Gomes, Joseph and Zitnik, Marinka and Liang, Percy and Pande, Vijay and Leskovec, Jure},
  journal={arXiv preprint arXiv:1905.12265},
  year={2019}
}

@article{sun2019unsupervised,
  title={Unsupervised domain adaptation through self-supervision},
  author={Sun, Yu and Tzeng, Eric and Darrell, Trevor and Efros, Alexei A},
  journal={arXiv preprint arXiv:1909.11825},
  year={2019}
}

@article{achituve2020self,
  title={Self-Supervised Learning for Domain Adaptation on Point-Clouds},
  author={Achituve, Idan and Maron, Haggai and Chechik, Gal},
  journal={arXiv preprint arXiv:2003.12641},
  year={2020}
}

@article{fey2019fast,
  title={Fast graph representation learning with PyTorch Geometric},
  author={Fey, Matthias and Lenssen, Jan Eric},
  journal={arXiv preprint arXiv:1903.02428},
  year={2019}
}

@inproceedings{ktena2017distance,
  title={Distance metric learning using graph convolutional networks: Application to functional brain networks},
  author={Ktena, Sofia Ira and Parisot, Sarah and Ferrante, Enzo and Rajchl, Martin and Lee, Matthew and Glocker, Ben and Rueckert, Daniel},
  booktitle={International Conference on Medical Image Computing and Computer-Assisted Intervention},
  pages={469--477},
  year={2017},
  organization={Springer}
}

@inproceedings{Morris+2020,
    title={TUDataset: A collection of benchmark datasets for learning with graphs},
    author={Christopher Morris and Nils M. Kriege and Franka Bause and Kristian Kersting and Petra Mutzel and Marion Neumann},
    booktitle={ICML 2020 Workshop on Graph Representation Learning and Beyond (GRL+ 2020)},
    archivePrefix={arXiv},
    eprint={2007.08663},
    url={www.graphlearning.io},
    year={2020}
}

@article{gidaris2018unsupervised,
  title={Unsupervised representation learning by predicting image rotations},
  author={Gidaris, Spyros and Singh, Praveer and Komodakis, Nikos},
  journal={arXiv preprint arXiv:1803.07728},
  year={2018}
}

@inproceedings{doersch2015unsupervised,
  title={Unsupervised visual representation learning by context prediction},
  author={Doersch, Carl and Gupta, Abhinav and Efros, Alexei A},
  booktitle={Proceedings of the IEEE international conference on computer vision},
  pages={1422--1430},
  year={2015}
}

@inproceedings{schroff2015facenet,
  title={Facenet: A unified embedding for face recognition and clustering},
  author={Schroff, Florian and Kalenichenko, Dmitry and Philbin, James},
  booktitle={Proceedings of the IEEE conference on computer vision and pattern recognition},
  pages={815--823},
  year={2015}
}

@article{weinberger2009distance,
  title={Distance metric learning for large margin nearest neighbor classification.},
  author={Weinberger, Kilian Q and Saul, Lawrence K},
  journal={Journal of Machine Learning Research},
  volume={10},
  number={2},
  year={2009}
}


@inproceedings{hamilton2017inductive,
  title={Inductive representation learning on large graphs},
  author={Hamilton, Will and Ying, Zhitao and Leskovec, Jure},
  booktitle={Advances in neural information processing systems},
  pages={1024--1034},
  year={2017}
}

@article{rossi2020sign,
  title={SIGN: Scalable Inception Graph Neural Networks},
  author={Rossi, Emanuele and Frasca, Fabrizio and Chamberlain, Ben and Eynard, Davide and Bronstein, Michael and Monti, Federico},
  journal={arXiv preprint arXiv:2004.11198},
  year={2020}
}
@inproceedings{ying2018graph,
  title={Graph convolutional neural networks for web-scale recommender systems},
  author={Ying, Rex and He, Ruining and Chen, Kaifeng and Eksombatchai, Pong and Hamilton, William L and Leskovec, Jure},
  booktitle={Proceedings of the 24th ACM SIGKDD International Conference on Knowledge Discovery \& Data Mining},
  pages={974--983},
  year={2018}
}

@inproceedings{karateclub,
       title = {{Karate Club: An API Oriented Open-source Python Framework for Unsupervised Learning on Graphs}},
       author = {Benedek Rozemberczki and Oliver Kiss and Rik Sarkar},
       year = {2020},
       pages = {3125–3132},
       booktitle = {Proceedings of the 29th ACM International Conference on Information and Knowledge Management (CIKM '20)},
       organization = {ACM},
}

@article{joshi2019efficient,
  title={An efficient graph convolutional network technique for the travelling salesman problem},
  author={Joshi, Chaitanya K and Laurent, Thomas and Bresson, Xavier},
  journal={arXiv preprint arXiv:1906.01227},
  year={2019}
}

@article{joshi2020learning,
  title={Learning TSP Requires Rethinking Generalization},
  author={Joshi, Chaitanya K and Cappart, Quentin and Rousseau, Louis-Martin and Laurent, Thomas and Bresson, Xavier},
  journal={arXiv preprint arXiv:2006.07054},
  year={2020}
}

@article{corso2020principal,
  title={Principal neighbourhood aggregation for graph nets},
  author={Corso, Gabriele and Cavalleri, Luca and Beaini, Dominique and Li{\`o}, Pietro and Veli{\v{c}}kovi{\'c}, Petar},
  journal={arXiv preprint arXiv:2004.05718},
  year={2020}
}

@article{xu2020neural,
  title={How neural networks extrapolate: From feedforward to graph neural networks},
  author={Xu, Keyulu and Li, Jingling and Zhang, Mozhi and Du, Simon S and Kawarabayashi, Ken-ichi and Jegelka, Stefanie},
  journal={arXiv preprint arXiv:2009.11848},
  year={2020}
}

@article{liao2020pac,
  title={A PAC-Bayesian Approach to Generalization Bounds for Graph Neural Networks},
  author={Liao, Renjie and Urtasun, Raquel and Zemel, Richard},
  journal={arXiv preprint arXiv:2012.07690},
  year={2020}
}

@inproceedings{khalil2017learning,
  title={Learning combinatorial optimization algorithms over graphs},
  author={Khalil, Elias and Dai, Hanjun and Zhang, Yuyu and Dilkina, Bistra and Song, Le},
  booktitle={Advances in neural information processing systems},
  pages={6348--6358},
  year={2017}
}

@article{sanchez2020learning,
  title={Learning to simulate complex physics with graph networks},
  author={Sanchez-Gonzalez, Alvaro and Godwin, Jonathan and Pfaff, Tobias and Ying, Rex and Leskovec, Jure and Battaglia, Peter W},
  journal={arXiv preprint arXiv:2002.09405},
  year={2020}
}
@article{eisenberg2003preferential,
  title={Preferential attachment in the protein network evolution},
  author={Eisenberg, Eli and Levanon, Erez Y},
  journal={Physical review letters},
  volume={91},
  number={13},
  pages={138701},
  year={2003},
  publisher={APS}
}
@article{light2005preferential,
  title={Preferential attachment in the evolution of metabolic networks},
  author={Light, Sara and Kraulis, Per and Elofsson, Arne},
  journal={Bmc Genomics},
  volume={6},
  number={1},
  pages={1--11},
  year={2005},
  publisher={BioMed Central}
}

@article{jeong2003measuring,
  title={Measuring preferential attachment in evolving networks},
  author={Jeong, Hawoong and N{\'e}da, Zoltan and Barab{\'a}si, Albert-L{\'a}szl{\'o}},
  journal={EPL (Europhysics Letters)},
  volume={61},
  number={4},
  pages={567},
  year={2003},
  publisher={IOP Publishing}
}

@article{capocci2006preferential,
  title={Preferential attachment in the growth of social networks: The internet encyclopedia Wikipedia},
  author={Capocci, Andrea and Servedio, Vito DP and Colaiori, Francesca and Buriol, Luciana S and Donato, Debora and Leonardi, Stefano and Caldarelli, Guido},
  journal={Physical review E},
  volume={74},
  number={3},
  pages={036116},
  year={2006},
  publisher={APS}
}

@article{barabasi2002evolution,
  title={Evolution of the social network of scientific collaborations},
  author={Barab{\^a}si, Albert-Laszlo and Jeong, Hawoong and N{\'e}da, Zoltan and Ravasz, Erzsebet and Schubert, Andras and Vicsek, Tamas},
  journal={Physica A: Statistical mechanics and its applications},
  volume={311},
  number={3-4},
  pages={590--614},
  year={2002},
  publisher={Elsevier}
}
@article{hermosilla2018monte,
  title={Monte carlo convolution for learning on non-uniformly sampled point clouds},
  author={Hermosilla, Pedro and Ritschel, Tobias and V{\'a}zquez, Pere-Pau and Vinacua, {\`A}lvar and Ropinski, Timo},
  journal={ACM Transactions on Graphics (TOG)},
  volume={37},
  number={6},
  pages={1--12},
  year={2018},
  publisher={ACM New York, NY, USA}
}

@inproceedings{santoro2018measuring,
  title={Measuring abstract reasoning in neural networks},
  author={Santoro, Adam and Hill, Felix and Barrett, David and Morcos, Ari and Lillicrap, Timothy},
  booktitle={International Conference on Machine Learning},
  pages={4477--4486},
  year={2018}
}

@article{barabasi1999emergence,
  title={Emergence of scaling in random networks},
  author={Barab{\'a}si, Albert-L{\'a}szl{\'o} and Albert, R{\'e}ka},
  journal={science},
  volume={286},
  number={5439},
  pages={509--512},
  year={1999},
  publisher={American Association for the Advancement of Science}
}

@misc{
bevilacqua2021on,
title={On Single-environment Extrapolations in Graph Classification and Regression Tasks},
author={Beatrice Bevilacqua and Yangze Zhou and Ryan L Murphy and Bruno Ribeiro},
year={2021},
url={https://openreview.net/forum?id=wXBt-7VM2JE}
}

@inproceedings{glorot2010understanding,
  title={Understanding the difficulty of training deep feedforward neural networks},
  author={Glorot, Xavier and Bengio, Yoshua},
  booktitle={Proceedings of the thirteenth international conference on artificial intelligence and statistics},
  pages={249--256},
  year={2010},
  organization={JMLR Workshop and Conference Proceedings}
}

@article{du2019graph,
  title={Graph neural tangent kernel: Fusing graph neural networks with graph kernels},
  author={Du, Simon S and Hou, Kangcheng and P{\'o}czos, Barnab{\'a}s and Salakhutdinov, Ruslan and Wang, Ruosong and Xu, Keyulu},
  journal={arXiv preprint arXiv:1905.13192},
  year={2019}
}

@article{wu2020int,
  title={INT: An Inequality Benchmark for Evaluating Generalization in Theorem Proving},
  author={Wu, Yuhuai and Jiang, Albert and Ba, Jimmy and Grosse, Roger},
  journal={arXiv preprint arXiv:2007.02924},
  year={2020}
}

@article{gunasekar2018implicit,
  title={Implicit bias of gradient descent on linear convolutional networks},
  author={Gunasekar, Suriya and Lee, Jason and Soudry, Daniel and Srebro, Nathan},
  journal={arXiv preprint arXiv:1806.00468},
  year={2018}
}

@article{yehudai2020size,
  title={On Size Generalization in Graph Neural Networks},
  author={Yehudai, Gilad and Fetaya, Ethan and Meirom, Eli and Chechik, Gal and Maron, Haggai},
  journal={arXiv preprint arXiv:2010.08853},
  year={2020}
}

@article{yun2018small,
  title={Small ReLU networks are powerful memorizers: a tight analysis of memorization capacity},
  author={Yun, Chulhee and Sra, Suvrit and Jadbabaie, Ali},
  journal={arXiv preprint arXiv:1810.07770},
  year={2018}
}


@article{bartlett2019nearly,
  title={Nearly-tight VC-dimension and pseudodimension bounds for piecewise linear neural networks},
  author={Bartlett, Peter L and Harvey, Nick and Liaw, Christopher and Mehrabian, Abbas},
  journal={The Journal of Machine Learning Research},
  volume={20},
  number={1},
  pages={2285--2301},
  year={2019},
  publisher={JMLR. org}
}

@article{park2020provable,
  title={Provable Memorization via Deep Neural Networks using Sub-linear Parameters},
  author={Park, Sejun and Lee, Jaeho and Yun, Chulhee and Shin, Jinwoo},
  journal={arXiv preprint arXiv:2010.13363},
  year={2020}
}

@article{goldberg1995bounding,
  title={Bounding the Vapnik-Chervonenkis dimension of concept classes parameterized by real numbers},
  author={Goldberg, Paul W and Jerrum, Mark R},
  journal={Machine Learning},
  volume={18},
  number={2-3},
  pages={131--148},
  year={1995},
  publisher={Springer}
}

@book{shalev2014understanding,
  title={Understanding machine learning: From theory to algorithms},
  author={Shalev-Shwartz, Shai and Ben-David, Shai},
  year={2014},
  publisher={Cambridge university press}
}

@article{bartlett1998almost,
  title={Almost linear VC-dimension bounds for piecewise polynomial networks},
  author={Bartlett, Peter L and Maiorov, Vitaly and Meir, Ron},
  journal={Neural computation},
  volume={10},
  number={8},
  pages={2159--2173},
  year={1998},
  publisher={MIT Press}
}


@article{cybenko1989approximation,
  title={Approximation by superpositions of a sigmoidal function},
  author={Cybenko, George},
  journal={Mathematics of control, signals and systems},
  volume={2},
  number={4},
  pages={303--314},
  year={1989},
  publisher={Springer}
}

@article{leshno1993multilayer,
  title={Multilayer feedforward networks with a nonpolynomial activation function can approximate any function},
  author={Leshno, Moshe and Lin, Vladimir Ya and Pinkus, Allan and Schocken, Shimon},
  journal={Neural networks},
  volume={6},
  number={6},
  pages={861--867},
  year={1993},
  publisher={Elsevier}
}

@article{huang2003learning,
  title={Learning capability and storage capacity of two-hidden-layer feedforward networks},
  author={Huang, Guang-Bin},
  journal={IEEE transactions on neural networks},
  volume={14},
  number={2},
  pages={274--281},
  year={2003},
  publisher={IEEE}
}

@article{daniely2019neural,
  title={Neural networks learning and memorization with (almost) no over-parameterization},
  author={Daniely, Amit},
  journal={arXiv preprint arXiv:1911.09873},
  year={2019}
}

@article{bubeck2020network,
  title={Network size and weights size for memorization with two-layers neural networks},
  author={Bubeck, S{\'e}bastien and Eldan, Ronen and Lee, Yin Tat and Mikulincer, Dan},
  journal={arXiv preprint arXiv:2006.02855},
  year={2020}
}

@article{vershynin2020memory,
  title={Memory capacity of neural networks with threshold and ReLU activations},
  author={Vershynin, Roman},
  journal={arXiv preprint arXiv:2001.06938},
  year={2020}
}

@article{hardt2016identity,
  title={Identity matters in deep learning},
  author={Hardt, Moritz and Ma, Tengyu},
  journal={arXiv preprint arXiv:1611.04231},
  year={2016}
}

@inproceedings{eldan2016power,
  title={The power of depth for feedforward neural networks},
  author={Eldan, Ronen and Shamir, Ohad},
  booktitle={Conference on learning theory},
  pages={907--940},
  year={2016},
  organization={PMLR}
}

@inproceedings{daniely2017depth,
  title={Depth separation for neural networks},
  author={Daniely, Amit},
  booktitle={Conference on Learning Theory},
  pages={690--696},
  year={2017},
  organization={PMLR}
}

@article{chatziafratis2019depth,
  title={Depth-width trade-offs for relu networks via sharkovsky's theorem},
  author={Chatziafratis, Vaggos and Nagarajan, Sai Ganesh and Panageas, Ioannis and Wang, Xiao},
  journal={arXiv preprint arXiv:1912.04378},
  year={2019}
}

@article{zhang2021understanding,
  title={Understanding deep learning (still) requires rethinking generalization},
  author={Zhang, Chiyuan and Bengio, Samy and Hardt, Moritz and Recht, Benjamin and Vinyals, Oriol},
  journal={Communications of the ACM},
  volume={64},
  number={3},
  pages={107--115},
  year={2021},
  publisher={ACM New York, NY, USA}
}
@inproceedings{nguyen2018optimization,
  title={Optimization landscape and expressivity of deep cnns},
  author={Nguyen, Quynh and Hein, Matthias},
  booktitle={International conference on machine learning},
  pages={3730--3739},
  year={2018},
  organization={PMLR}
}

@article{rajput2021exponential,
  title={An Exponential Improvement on the Memorization Capacity of Deep Threshold Networks},
  author={Rajput, Shashank and Sreenivasan, Kartik and Papailiopoulos, Dimitris and Karbasi, Amin},
  journal={arXiv preprint arXiv:2106.07724},
  year={2021}
}

@article{baum1988capabilities,
  title={On the capabilities of multilayer perceptrons},
  author={Baum, Eric B},
  journal={Journal of complexity},
  volume={4},
  number={3},
  pages={193--215},
  year={1988},
  publisher={Elsevier}
}

@article{sartori1991simple,
  title={A simple method to derive bounds on the size and to train multilayer neural networks},
  author={Sartori, Michael A and Antsaklis, Panos J},
  journal={IEEE transactions on neural networks},
  volume={2},
  number={4},
  pages={467--471},
  year={1991},
  publisher={IEEE}
}

@article{huang1991bounds,
  title={Bounds on the number of hidden neurons in multilayer perceptrons},
  author={Huang, Shih-Chi and Huang, Yih-Fang and others},
  journal={IEEE transactions on neural networks},
  volume={2},
  number={1},
  pages={47--55},
  year={1991}
}

@article{huang1998upper,
  title={Upper bounds on the number of hidden neurons in feedforward networks with arbitrary bounded nonlinear activation functions},
  author={Huang, Guang-Bin and Babri, Haroon A},
  journal={IEEE transactions on neural networks},
  volume={9},
  number={1},
  pages={224--229},
  year={1998},
  publisher={IEEE}
}

@article{daniely2020memorizing,
  title={Memorizing gaussians with no over-parameterizaion via gradient decent on neural networks},
  author={Daniely, Amit},
  journal={arXiv preprint arXiv:2003.12895},
  year={2020}
}


@article{sontag1997shattering,
  title={Shattering all sets of ‘k’points in “general position” requires (k—1)/2 parameters},
  author={Sontag, Eduardo D},
  journal={Neural Computation},
  volume={9},
  number={2},
  pages={337--348},
  year={1997},
  publisher={MIT Press One Rogers Street, Cambridge, MA 02142-1209, USA journals-info~…}
}

@book{anthony2009neural,
  title={Neural network learning: Theoretical foundations},
  author={Anthony, Martin and Bartlett, Peter L},
  year={2009},
  publisher={cambridge university press}
}

@inproceedings{vardi2021size,
  title={Size and Depth Separation in Approximating Benign Functions with Neural Networks},
  author={Vardi, Gal and Reichman, Daniel and Pitassi, Toniann and Shamir, Ohad},
  booktitle={Conference on Learning Theory},
  pages={4195--4223},
  year={2021},
  organization={PMLR}
}

@article{bresler2020sharp,
  title={Sharp Representation Theorems for ReLU Networks with Precise Dependence on Depth},
  author={Bresler, Guy and Nagaraj, Dheeraj},
  journal={arXiv preprint arXiv:2006.04048},
  year={2020}
}

@article{vardi2020neural,
	title={Neural Networks with Small Weights and Depth-Separation Barriers},
	author={Vardi, Gal and Shamir, Ohad},
	journal={arXiv preprint arXiv:2006.00625},
	year={2020}
}

@article{yarotsky2017error,
  title={Error bounds for approximations with deep ReLU networks},
  author={Yarotsky, Dmitry},
  journal={Neural Networks},
  volume={94},
  pages={103--114},
  year={2017},
  publisher={Elsevier}
}

@article{safran2019depth,
  title={Depth Separations in Neural Networks: What is Actually Being Separated?},
  author={Safran, Itay and Eldan, Ronen and Shamir, Ohad},
  journal={arXiv preprint arXiv:1904.06984},
  year={2019}
}

@article{liang2016deep,
  title={Why deep neural networks for function approximation?},
  author={Liang, Shiyu and Srikant, Rayadurgam},
  journal={arXiv preprint arXiv:1610.04161},
  year={2016}
}

@inproceedings{martens2013representational,
  title={On the representational efficiency of restricted boltzmann machines},
  author={Martens, James and Chattopadhya, Arkadev and Pitassi, Toni and Zemel, Richard},
  booktitle={Advances in Neural Information Processing Systems},
  pages={2877--2885},
  year={2013}
}

@inproceedings{bubeck2021law,
  title={A law of robustness for two-layers neural networks},
  author={Bubeck, S{\'e}bastien and Li, Yuanzhi and Nagaraj, Dheeraj M},
  booktitle={Conference on Learning Theory},
  pages={804--820},
  year={2021},
  organization={PMLR}
}

@article{bubeck2021universal,
  title={A Universal Law of Robustness via Isoperimetry},
  author={Bubeck, S{\'e}bastien and Sellke, Mark},
  journal={arXiv preprint arXiv:2105.12806},
  year={2021}
}

@article{venturi2021depth,
  title={Depth separation beyond radial functions},
  author={Venturi, Luca and Jelassi, Samy and Ozuch, Tristan and Bruna, Joan},
  journal={arXiv preprint arXiv:2102.01621},
  year={2021}
}

@article{nakkiran2019deep,
  title={Deep double descent: Where bigger models and more data hurt},
  author={Nakkiran, Preetum and Kaplun, Gal and Bansal, Yamini and Yang, Tristan and Barak, Boaz and Sutskever, Ilya},
  journal={arXiv preprint arXiv:1912.02292},
  year={2019}
}

@article{belkin2019reconciling,
  title={Reconciling modern machine-learning practice and the classical bias--variance trade-off},
  author={Belkin, Mikhail and Hsu, Daniel and Ma, Siyuan and Mandal, Soumik},
  journal={Proceedings of the National Academy of Sciences},
  volume={116},
  number={32},
  pages={15849--15854},
  year={2019},
  publisher={National Acad Sciences}
}

@article{vardi2021optimal,
  title={On the optimal memorization power of relu neural networks},
  author={Vardi, Gal and Yehudai, Gilad and Shamir, Ohad},
  journal={arXiv preprint arXiv:2110.03187},
  year={2021}
}

@article{yang2020closer,
  title={A closer look at accuracy vs. robustness},
  author={Yang, Yao-Yuan and Rashtchian, Cyrus and Zhang, Hongyang and Salakhutdinov, Russ R and Chaudhuri, Kamalika},
  journal={Advances in neural information processing systems},
  volume={33},
  pages={8588--8601},
  year={2020}
}

@article{bastounis2021mathematics,
  title={The mathematics of adversarial attacks in AI--Why deep learning is unstable despite the existence of stable neural networks},
  author={Bastounis, Alexander and Hansen, Anders C and Vla{\v{c}}i{\'c}, Verner},
  journal={arXiv preprint arXiv:2109.06098},
  year={2021}
}

@article{li2022robust,
  title={Why robust generalization in deep learning is difficult: Perspective of expressive power},
  author={Li, Binghui and Jin, Jikai and Zhong, Han and Hopcroft, John and Wang, Liwei},
  journal={Advances in Neural Information Processing Systems},
  volume={35},
  pages={4370--4384},
  year={2022}
}

@article{hanin2017approximating,
  title={Approximating continuous functions by relu nets of minimal width},
  author={Hanin, Boris and Sellke, Mark},
  journal={arXiv preprint arXiv:1710.11278},
  year={2017}
}

@book{knopp1964theorie,
    author = {Knopp, Konrad},
    title = {Theorie und Anwendung der unendlichen Reihen},
    publisher = {Springer},
    year = {1964},
    note = {(English translation: Blackie, 1951 \& Dover, reprint, 1990)}
}

@article{frankl1990some,
  title={Some geometric applications of the beta distribution},
  author={Frankl, Peter and Maehara, Hiroshi},
  journal={Annals of the Institute of Statistical Mathematics},
  volume={42},
  pages={463--474},
  year={1990},
  publisher={Springer}
}