@article{angelopoulos2024value,
  title = {Causal Alignment: Augmenting Language Models with A/B Tests},
  author = {Angelopoulos, Panagiotis and Lee, Kevin and Misra, Sanjog},
  journal = {Available at SSRN},
  year = {2024}
}

@article{bianchi2024well,
  title = {How well can llms negotiate? negotiationarena platform and analysis},
  author = {Bianchi, Federico and Chia, Patrick John and Yuksekgonul, Mert and Tagliabue, Jacopo and Jurafsky, Dan and Zou, James},
  journal = {arXiv preprint arXiv:2402.05863},
  year = {2024}
}

@inproceedings{breum2024persuasive,
  title = {The persuasive power of large language models},
  author = {Breum, Simon Martin and Egdal, Daniel V{\ae}dele and Mortensen, Victor Gram and M{\o}ller, Anders Giovanni and Aiello, Luca Maria},
  booktitle = {Proceedings of the International AAAI Conference on Web and Social Media},
  volume = {18},
  pages = {152--163},
  year = {2024}
}

@article{chen2023emergence,
  title = {The emergence of economic rationality of GPT},
  author = {Chen, Yiting and Liu, Tracy Xiao and Shan, You and Zhong, Songfa},
  journal = {Proceedings of the National Academy of Sciences},
  volume = {120},
  number = {51},
  pages = {e2316205120},
  year = {2023},
  publisher = {National Acad Sciences}
}

@article{denison2024sycophancy,
  title = {Sycophancy to Subterfuge: Investigating Reward-Tampering in Large Language Models},
  author = {Denison, Carson and MacDiarmid, Monte and Barez, Fazl and Duvenaud, David and Kravec, Shauna and Marks, Samuel and Schiefer, Nicholas and Soklaski, Ryan and Tamkin, Alex and Kaplan, Jared and others},
  journal = {arXiv preprint arXiv:2406.10162},
  year = {2024}
}

@misc{durmus2024measuring,
  title = {Measuring the Persuasiveness of Language Models},
  author = {Durmus, Esin and Lovitt, Liane and Tamkin, Alex and Ritchie, Stuart and Clark, Jack and Ganguli, Deep},
  year = {2024},
  publisher = {Anthropic}
}

@article{goldstein2024persuasive,
  title = {How persuasive is AI-generated propaganda?},
  author = {Goldstein, Josh A and Chao, Jason and Grossman, Shelby and Stamos, Alex and Tomz, Michael},
  journal = {PNAS nexus},
  volume = {3},
  number = {2},
  pages = {pgae034},
  year = {2024},
  publisher = {Oxford University Press US}
}

@article{hackenburg2024evaluating,
  title = {Evaluating the persuasive influence of political microtargeting with large language models},
  author = {Hackenburg, Kobi and Margetts, Helen},
  journal = {Proceedings of the National Academy of Sciences},
  volume = {121},
  number = {24},
  pages = {e2403116121},
  year = {2024},
  publisher = {National Acad Sciences}
}

@article{hackenburg2024evidence,
  title = {Evidence of a log scaling law for political persuasion with large language models},
  author = {Hackenburg, Kobi and Tappin, Ben M and R{\"o}ttger, Paul and Hale, Scott and Bright, Jonathan and Margetts, Helen},
  journal = {arXiv preprint arXiv:2406.14508},
  year = {2024}
}

@article{khan2024debating,
  title = {Debating with more persuasive llms leads to more truthful answers},
  author = {Khan, Akbir and Hughes, John and Valentine, Dan and Ruis, Laura and Sachan, Kshitij and Radhakrishnan, Ansh and Grefenstette, Edward and Bowman, Samuel R and Rockt{\"a}schel, Tim and Perez, Ethan},
  journal = {arXiv preprint arXiv:2402.06782},
  year = {2024}
}

@article{luciano2024hypersuasion,
  title = {Hypersuasion--On AIâ€™s Persuasive Power and How to Deal with It},
  author = {Luciano, Floridi},
  journal = {Philosophy \& Technology},
  volume = {37},
  number = {2},
  pages = {1--10},
  year = {2024},
  publisher = {Springer}
}

@inproceedings{ramansteer,
  title = {STEER: Assessing the Economic Rationality of Large Language Models},
  author = {Raman, Narun Krishnamurthi and Lundy, Taylor and Amouyal, Samuel Joseph and Levine, Yoav and Leyton-Brown, Kevin and Tennenholtz, Moshe},
  booktitle = {Forty-first International Conference on Machine Learning},
  year = {2024}
}

@article{salvi2024conversational,
  title = {On the conversational persuasiveness of large language models: A randomized controlled trial},
  author = {Salvi, Francesco and Ribeiro, Manoel Horta and Gallotti, Riccardo and West, Robert},
  journal = {arXiv preprint arXiv:2403.14380},
  year = {2024}
}

@article{sharma2023towards,
  title = {Towards understanding sycophancy in language models},
  author = {Sharma, Mrinank and Tong, Meg and Korbak, Tomasz and Duvenaud, David and Askell, Amanda and Bowman, Samuel R and Cheng, Newton and Durmus, Esin and Hatfield-Dodds, Zac and Johnston, Scott R and others},
  journal = {arXiv preprint arXiv:2310.13548},
  year = {2023}
}

@article{voelkel2023artificial,
  title = {Artificial intelligence can persuade humans on political issues},
  author = {Voelkel, Jan G and Willer, Robb and others},
  year = {2023},
  publisher = {Osf}
}

