@comment{{This file has been generated by bib2bib 1.99}}

@comment{{Command line: bib2bib -c '$key="elo1967proposed" or $key="angelopoulos2024value" or $key="chen2023emergence" or $key="openai2024gpt4omini" or $key="mccloskey1995one" or $key="ramansteer" or $key="kurlat2021signalling" or $key="min2023factscore" or $key="ely2015suspense" or $key="arrow1996economics" or $key="dimoka2012product" or $key="claude3.5sonnet" or $key="wang2024learning" or $key="lindgreen2005viral" or $key="durmus2024measuring" or $key="bird2009natural" or $key="bergemann2019information" or $key="lofgren2002markets" or $key="lewis2020retrieval" or $key="goldstein2024persuasive" or $key="wei2022chain" or $key="antioch2013persuasion" or $key="jiang2024mixtral" or $key="ludden2008surprise" or $key="denison2024sycophancy" or $key="khan2024debating" or $key="lewis2011asymmetric" or $key="connelly2011signaling" or $key="matz2024potential" or $key="meng2024sfrembedding" or $key="luciano2024hypersuasion" or $key="bergemann2015limits" or $key="spence1978job" or $key="hackenburg2024evaluating" or $key="altman_2023" or $key="grossman1981informational" or $key="hackenburg2024evidence" or $key="salvi2024conversational" or $key="bianchi2024well" or $key="breum2024persuasive" or $key="voelkel2023artificial" or $key="stiglitz1975theory" or $key="reddit_2023" or $key="zhou2024sotopia" or $key="sharma2023towards" or $key="zheng2023judging" or $key="kamenica2011bayesian" or $key="gpt4o" or $key="akerlof1978market" or 1=2' ./main.bib}}

@article{matz2024potential,
  title = {The potential of generative AI for personalized persuasion at scale},
  author = {Matz, SC and Teeny, JD and Vaid, Sumer S and Peters, H and Harari, GM and Cerf, M},
  journal = {Scientific Reports},
  volume = {14},
  number = {1},
  pages = {4692},
  year = {2024},
  publisher = {Nature Publishing Group UK London}
}

@article{khan2024debating,
  title = {Debating with more persuasive llms leads to more truthful answers},
  author = {Khan, Akbir and Hughes, John and Valentine, Dan and Ruis, Laura and Sachan, Kshitij and Radhakrishnan, Ansh and Grefenstette, Edward and Bowman, Samuel R and Rockt{\"a}schel, Tim and Perez, Ethan},
  journal = {arXiv preprint arXiv:2402.06782},
  year = {2024}
}

@article{hackenburg2024evaluating,
  title = {Evaluating the persuasive influence of political microtargeting with large language models},
  author = {Hackenburg, Kobi and Margetts, Helen},
  journal = {Proceedings of the National Academy of Sciences},
  volume = {121},
  number = {24},
  pages = {e2403116121},
  year = {2024},
  publisher = {National Acad Sciences}
}

@article{hackenburg2024evidence,
  title = {Evidence of a log scaling law for political persuasion with large language models},
  author = {Hackenburg, Kobi and Tappin, Ben M and R{\"o}ttger, Paul and Hale, Scott and Bright, Jonathan and Margetts, Helen},
  journal = {arXiv preprint arXiv:2406.14508},
  year = {2024}
}

@article{chen2023emergence,
  title = {The emergence of economic rationality of GPT},
  author = {Chen, Yiting and Liu, Tracy Xiao and Shan, You and Zhong, Songfa},
  journal = {Proceedings of the National Academy of Sciences},
  volume = {120},
  number = {51},
  pages = {e2316205120},
  year = {2023},
  publisher = {National Acad Sciences}
}

@article{bianchi2024well,
  title = {How well can llms negotiate? negotiationarena platform and analysis},
  author = {Bianchi, Federico and Chia, Patrick John and Yuksekgonul, Mert and Tagliabue, Jacopo and Jurafsky, Dan and Zou, James},
  journal = {arXiv preprint arXiv:2402.05863},
  year = {2024}
}

@article{denison2024sycophancy,
  title = {Sycophancy to Subterfuge: Investigating Reward-Tampering in Large Language Models},
  author = {Denison, Carson and MacDiarmid, Monte and Barez, Fazl and Duvenaud, David and Kravec, Shauna and Marks, Samuel and Schiefer, Nicholas and Soklaski, Ryan and Tamkin, Alex and Kaplan, Jared and others},
  journal = {arXiv preprint arXiv:2406.10162},
  year = {2024}
}

@article{sharma2023towards,
  title = {Towards understanding sycophancy in language models},
  author = {Sharma, Mrinank and Tong, Meg and Korbak, Tomasz and Duvenaud, David and Askell, Amanda and Bowman, Samuel R and Cheng, Newton and Durmus, Esin and Hatfield-Dodds, Zac and Johnston, Scott R and others},
  journal = {arXiv preprint arXiv:2310.13548},
  year = {2023}
}

@misc{durmus2024measuring,
  title = {Measuring the Persuasiveness of Language Models},
  author = {Durmus, Esin and Lovitt, Liane and Tamkin, Alex and Ritchie, Stuart and Clark, Jack and Ganguli, Deep},
  year = {2024},
  publisher = {Anthropic}
}

@article{salvi2024conversational,
  title = {On the conversational persuasiveness of large language models: A randomized controlled trial},
  author = {Salvi, Francesco and Ribeiro, Manoel Horta and Gallotti, Riccardo and West, Robert},
  journal = {arXiv preprint arXiv:2403.14380},
  year = {2024}
}

@article{voelkel2023artificial,
  title = {Artificial intelligence can persuade humans on political issues},
  author = {Voelkel, Jan G and Willer, Robb and others},
  year = {2023},
  publisher = {Osf}
}

@article{goldstein2024persuasive,
  title = {How persuasive is AI-generated propaganda?},
  author = {Goldstein, Josh A and Chao, Jason and Grossman, Shelby and Stamos, Alex and Tomz, Michael},
  journal = {PNAS nexus},
  volume = {3},
  number = {2},
  pages = {pgae034},
  year = {2024},
  publisher = {Oxford University Press US}
}

@inproceedings{ramansteer,
  title = {STEER: Assessing the Economic Rationality of Large Language Models},
  author = {Raman, Narun Krishnamurthi and Lundy, Taylor and Amouyal, Samuel Joseph and Levine, Yoav and Leyton-Brown, Kevin and Tennenholtz, Moshe},
  booktitle = {Forty-first International Conference on Machine Learning},
  year = {2024}
}

@article{angelopoulos2024value,
  title = {Causal Alignment: Augmenting Language Models with A/B Tests},
  author = {Angelopoulos, Panagiotis and Lee, Kevin and Misra, Sanjog},
  journal = {Available at SSRN},
  year = {2024}
}

@misc{reddit_2023,
  author = {Reddit User},
  title = {ChatGPT helped me save \$50K buying/selling a house},
  howpublished = {\url{https://www.reddit.com/r/ChatGPT/comments/12z8g3l/chatgpt_helped_me_save_50k_buyingselling_a_house/}},
  year = {2023},
  note = {[Online; posted April 27, 2023]}
}

@misc{altman_2023,
  author = {Sam Altman},
  title = {Twitter post},
  howpublished = {\url{https://x.com/sama/status/1716972815960961174}},
  year = {2023},
  note = {[Online; accessed September 17, 2024]}
}

@inproceedings{zhou2024sotopia,
  title = {SOTOPIA: Interactive Evaluation for Social Intelligence in Language Agents},
  author = {Zhou, Xuhui and Zhu, Hao and Mathur, Leena and Zhang, Ruohong and Qi, Zhengyang and Yu, Haofei and Morency, Louis-Philippe and Bisk, Yonatan and Fried, Daniel and Neubig, Graham and Sap, Maarten},
  journal = {ICLR},
  year = {2024},
  url = {https://openreview.net/forum?id=mM7VurbA4r}
}

@misc{openai2024gpt4omini,
  author = {OpenAI},
  title = {GPT-4o mini: Advancing cost-efficient intelligence},
  year = {2024},
  month = {July},
  url = {https://openai.com/index/gpt-4o-mini-advancing-cost-efficient-intelligence/},
  note = {Accessed: 2024-09-19}
}

@article{jiang2024mixtral,
  title = {Mixtral of experts},
  author = {Jiang, Albert Q and Sablayrolles, Alexandre and Roux, Antoine and Mensch, Arthur and Savary, Blanche and Bamford, Chris and Chaplot, Devendra Singh and Casas, Diego de las and Hanna, Emma Bou and Bressand, Florian and others},
  journal = {arXiv preprint arXiv:2401.04088},
  year = {2024}
}

@book{bird2009natural,
  title = {Natural language processing with Python: analyzing text with the natural language toolkit},
  author = {Bird, Steven and Klein, Ewan and Loper, Edward},
  year = {2009},
  publisher = {" O'Reilly Media, Inc."}
}

@misc{claude3.5sonnet,
  author = {{Anthropic}},
  title = {Claude 3.5 Sonnet},
  year = {2024},
  note = {AI language model},
  url = {https://www.anthropic.com/news/claude-3-5-sonnet}
}

@misc{gpt4o,
  title = {GPT-4o},
  author = {OpenAI},
  year = {2024},
  note = {Available at: \url{https://openai.com/index/hello-gpt-4o/}}
}

@article{meng2024sfrembedding,
  title = {Sfrembedding-mistral: enhance text retrieval with transfer learning},
  author = {Meng, Rui and Liu, Ye and Joty, Shafiq Rayhan and Xiong, Caiming and Zhou, Yingbo and Yavuz, Semih},
  journal = {Salesforce AI Research Blog},
  volume = {3},
  year = {2024}
}

@article{luciano2024hypersuasion,
  title = {Hypersuasion--On AI’s Persuasive Power and How to Deal with It},
  author = {Luciano, Floridi},
  journal = {Philosophy \& Technology},
  volume = {37},
  number = {2},
  pages = {1--10},
  year = {2024},
  publisher = {Springer}
}

@article{ludden2008surprise,
  title = {Surprise as a design strategy},
  author = {Ludden, Geke DS and Schifferstein, Hendrik NJ and Hekkert, Paul},
  journal = {Design Issues},
  volume = {24},
  number = {2},
  pages = {28--38},
  year = {2008},
  publisher = {JSTOR}
}

@article{lewis2020retrieval,
  title = {Retrieval-augmented generation for knowledge-intensive nlp tasks},
  author = {Lewis, Patrick and Perez, Ethan and Piktus, Aleksandra and Petroni, Fabio and Karpukhin, Vladimir and Goyal, Naman and K{\"u}ttler, Heinrich and Lewis, Mike and Yih, Wen-tau and Rockt{\"a}schel, Tim and others},
  journal = {Advances in Neural Information Processing Systems},
  volume = {33},
  pages = {9459--9474},
  year = {2020}
}

@article{lindgreen2005viral,
  title = {Viral marketing: The use of surprise},
  author = {Lindgreen, Adam and Vanhamme, Joelle},
  journal = {Advances in electronic marketing},
  pages = {122--138},
  year = {2005},
  publisher = {IGI Global}
}

@article{ely2015suspense,
  title = {Suspense and surprise},
  author = {Ely, Jeffrey and Frankel, Alexander and Kamenica, Emir},
  journal = {Journal of Political Economy},
  volume = {123},
  number = {1},
  pages = {215--260},
  year = {2015},
  publisher = {University of Chicago Press Chicago, IL}
}

@article{grossman1981informational,
  title = {The informational role of warranties and private disclosure about product quality},
  author = {Grossman, Sanford J},
  journal = {The Journal of law and Economics},
  volume = {24},
  number = {3},
  pages = {461--483},
  year = {1981},
  publisher = {The University of Chicago Press}
}

@article{stiglitz1975theory,
  title = {The theory of" screening," education, and the distribution of income},
  author = {Stiglitz, Joseph E},
  journal = {The American economic review},
  volume = {65},
  number = {3},
  pages = {283--300},
  year = {1975},
  publisher = {JSTOR}
}

@article{lofgren2002markets,
  title = {Markets with asymmetric information: the contributions of George Akerlof, Michael Spence and Joseph Stiglitz},
  author = {L{\"o}fgren, Karl-Gustaf and Persson, Torsten and Weibull, J{\"o}rgen W},
  journal = {The Scandinavian Journal of Economics},
  pages = {195--211},
  year = {2002},
  publisher = {JSTOR}
}

@article{arrow1996economics,
  title = {The economics of information: An exposition},
  author = {Arrow, Kenneth J},
  journal = {Empirica},
  volume = {23},
  number = {2},
  pages = {119--128},
  year = {1996},
  publisher = {Springer}
}

@article{bergemann2019information,
  title = {Information design: A unified perspective},
  author = {Bergemann, Dirk and Morris, Stephen},
  journal = {Journal of Economic Literature},
  volume = {57},
  number = {1},
  pages = {44--95},
  year = {2019},
  publisher = {American Economic Association 2014 Broadway, Suite 305, Nashville, TN 37203-2425}
}

@article{kamenica2011bayesian,
  title = {Bayesian persuasion},
  author = {Kamenica, Emir and Gentzkow, Matthew},
  journal = {American Economic Review},
  volume = {101},
  number = {6},
  pages = {2590--2615},
  year = {2011},
  publisher = {American Economic Association}
}

@article{bergemann2015limits,
  title = {The limits of price discrimination},
  author = {Bergemann, Dirk and Brooks, Benjamin and Morris, Stephen},
  journal = {American Economic Review},
  volume = {105},
  number = {3},
  pages = {921--957},
  year = {2015},
  publisher = {American Economic Association 2014 Broadway, Suite 305, Nashville, TN 37203}
}

@inproceedings{breum2024persuasive,
  title = {The persuasive power of large language models},
  author = {Breum, Simon Martin and Egdal, Daniel V{\ae}dele and Mortensen, Victor Gram and M{\o}ller, Anders Giovanni and Aiello, Luca Maria},
  booktitle = {Proceedings of the International AAAI Conference on Web and Social Media},
  volume = {18},
  pages = {152--163},
  year = {2024}
}

@article{antioch2013persuasion,
  title = {Persuasion is now 30 per cent of US GDP: Revisiting McCloskey and Klamer after a quarter of a century},
  author = {Antioch, Gerry},
  journal = {Economic Round-up},
  number = {1},
  pages = {1--10},
  year = {2013}
}

@article{mccloskey1995one,
  title = {One quarter of GDP is persuasion},
  author = {McCloskey, Donald and Klamer, Arjo},
  journal = {The American Economic Review},
  volume = {85},
  number = {2},
  pages = {191--195},
  year = {1995},
  publisher = {JSTOR}
}

@inproceedings{min2023factscore,
  title = {{FActScore: Fine-grained Atomic Evaluation of Factual Precision in Long Form Text Generation}},
  author = {Min, Sewon and Krishna, Kalpesh and Lyu, Xinxi and Lewis, Mike and Yih, Wen-tau and Koh, Pang and Iyyer, Mohit and Zettlemoyer, Luke and Hajishirzi, Hannaneh},
  booktitle = {Proceedings of the 2023 Conference on Empirical Methods in Natural Language Processing},
  pages = {12076--12100},
  year = {2023}
}

@article{zheng2023judging,
  title = {Judging llm-as-a-judge with mt-bench and chatbot arena},
  author = {Zheng, Lianmin and Chiang, Wei-Lin and Sheng, Ying and Zhuang, Siyuan and Wu, Zhanghao and Zhuang, Yonghao and Lin, Zi and Li, Zhuohan and Li, Dacheng and Xing, Eric and others},
  journal = {Advances in Neural Information Processing Systems},
  volume = {36},
  pages = {46595--46623},
  year = {2023}
}

@article{elo1967proposed,
  title = {The proposed uscf rating system, its development, theory, and applications},
  author = {Elo, Arpad E},
  journal = {Chess life},
  volume = {22},
  number = {8},
  pages = {242--247},
  year = {1967}
}

@article{wei2022chain,
  title = {Chain-of-thought prompting elicits reasoning in large language models},
  author = {Wei, Jason and Wang, Xuezhi and Schuurmans, Dale and Bosma, Maarten and Xia, Fei and Chi, Ed and Le, Quoc V and Zhou, Denny and others},
  journal = {Advances in neural information processing systems},
  volume = {35},
  pages = {24824--24837},
  year = {2022}
}

@inproceedings{wang2024learning,
  title = {Learning Personalized Alignment for Evaluating Open-ended Text Generation},
  author = {Wang, Danqing and Yang, Kevin and Zhu, Hanlin and Yang, Xiaomeng and Cohen, Andrew and Li, Lei and Tian, Yuandong},
  booktitle = {Proceedings of the 2024 Conference on Empirical Methods in Natural Language Processing},
  pages = {13274--13292},
  year = {2024}
}

@incollection{spence1978job,
  title = {Job market signaling},
  author = {Spence, Michael},
  booktitle = {Uncertainty in economics},
  pages = {281--306},
  year = {1978},
  publisher = {Elsevier}
}

@article{connelly2011signaling,
  title = {Signaling theory: A review and assessment},
  author = {Connelly, Brian L and Certo, S Trevis and Ireland, R Duane and Reutzel, Christopher R},
  journal = {Journal of management},
  volume = {37},
  number = {1},
  pages = {39--67},
  year = {2011},
  publisher = {Sage Publications Sage CA: Los Angeles, CA}
}

@incollection{akerlof1978market,
  title = {The market for “lemons”: Quality uncertainty and the market mechanism},
  author = {Akerlof, George A},
  booktitle = {Uncertainty in economics},
  pages = {235--251},
  year = {1978},
  publisher = {Elsevier}
}

@article{lewis2011asymmetric,
  title = {Asymmetric information, adverse selection and online disclosure: The case of eBay motors},
  author = {Lewis, Gregory},
  journal = {American Economic Review},
  volume = {101},
  number = {4},
  pages = {1535--1546},
  year = {2011},
  publisher = {American Economic Association}
}

@article{dimoka2012product,
  title = {On product uncertainty in online markets: Theory and evidence},
  author = {Dimoka, Angelika and Hong, Yili and Pavlou, Paul A},
  journal = {MIS quarterly},
  pages = {395--426},
  year = {2012},
  publisher = {JSTOR}
}

@article{kurlat2021signalling,
  title = {Signalling to experts},
  author = {Kurlat, Pablo and Scheuer, Florian},
  journal = {The Review of Economic Studies},
  volume = {88},
  number = {2},
  pages = {800--850},
  year = {2021},
  publisher = {Oxford University Press}
}

