@article{an2021uncertainty,
  title={Uncertainty-based offline reinforcement learning with diversified q-ensemble},
  author={An, Gaon and Moon, Seungyong and Kim, Jang-Hyun and Song, Hyun Oh},
  journal={Advances in neural information processing systems},
  volume={34},
  pages={7436--7447},
  year={2021}
}

@article{chen2021decision,
  title={Decision transformer: Reinforcement learning via sequence modeling},
  author={Chen, Lili and Lu, Kevin and Rajeswaran, Aravind and Lee, Kimin and Grover, Aditya and Laskin, Misha and Abbeel, Pieter and Srinivas, Aravind and Mordatch, Igor},
  journal={Advances in neural information processing systems},
  volume={34},
  pages={15084--15097},
  year={2021}
}

@article{dai2024context,
  title={In-context Exploration-Exploitation for Reinforcement Learning},
  author={Dai, Zhenwen and Tomasi, Federico and Ghiassian, Sina},
  journal={arXiv preprint arXiv:2403.06826},
  year={2024}
}

@article{elawady2024relic,
  title={ReLIC: A Recipe for 64k Steps of In-Context Reinforcement Learning for Embodied AI},
  author={Elawady, Ahmad and Chhablani, Gunjan and Ramrakhya, Ram and Yadav, Karmesh and Batra, Dhruv and Kira, Zsolt and Szot, Andrew},
  journal={arXiv preprint arXiv:2410.02751},
  year={2024}
}

@inproceedings{fujimoto2019off,
  title={Off-policy deep reinforcement learning without exploration},
  author={Fujimoto, Scott and Meger, David and Precup, Doina},
  booktitle={International conference on machine learning},
  pages={2052--2062},
  year={2019},
  organization={PMLR}
}

@article{fujimoto2021minimalist,
  title={A minimalist approach to offline reinforcement learning},
  author={Fujimoto, Scott and Gu, Shixiang Shane},
  journal={Advances in neural information processing systems},
  volume={34},
  pages={20132--20145},
  year={2021}
}

@article{grigsby2023amago,
  title={Amago: Scalable in-context reinforcement learning for adaptive agents},
  author={Grigsby, Jake and Fan, Linxi and Zhu, Yuke},
  journal={arXiv preprint arXiv:2310.09971},
  year={2023}
}

@article{hu2024q,
  title={Q-value regularized transformer for offline reinforcement learning},
  author={Hu, Shengchao and Fan, Ziqing and Huang, Chaoqin and Shen, Li and Zhang, Ya and Wang, Yanfeng and Tao, Dacheng},
  journal={arXiv preprint arXiv:2405.17098},
  year={2024}
}

@article{huang2024context,
  title={In-Context Decision Transformer: Reinforcement Learning via Hierarchical Chain-of-Thought},
  author={Huang, Sili and Hu, Jifeng and Chen, Hechang and Sun, Lichao and Yang, Bo},
  journal={arXiv preprint arXiv:2405.20692},
  year={2024}
}

@article{kostrikov2021offline,
  title={Offline reinforcement learning with implicit q-learning},
  author={Kostrikov, Ilya and Nair, Ashvin and Levine, Sergey},
  journal={arXiv preprint arXiv:2110.06169},
  year={2021}
}

@article{kumar2020conservative,
  title={Conservative q-learning for offline reinforcement learning},
  author={Kumar, Aviral and Zhou, Aurick and Tucker, George and Levine, Sergey},
  journal={Advances in Neural Information Processing Systems},
  volume={33},
  pages={1179--1191},
  year={2020}
}

@article{laskin2022context,
  title={In-context reinforcement learning with algorithm distillation},
  author={Laskin, Michael and Wang, Luyu and Oh, Junhyuk and Parisotto, Emilio and Spencer, Stephen and Steigerwald, Richie and Strouse, DJ and Hansen, Steven and Filos, Angelos and Brooks, Ethan and others},
  journal={arXiv preprint arXiv:2210.14215},
  year={2022}
}

@article{lee2024supervised,
  title={Supervised pretraining can learn in-context reinforcement learning},
  author={Lee, Jonathan and Xie, Annie and Pacchiano, Aldo and Chandak, Yash and Finn, Chelsea and Nachum, Ofir and Brunskill, Emma},
  journal={Advances in Neural Information Processing Systems},
  volume={36},
  year={2024}
}

@article{levine2020offline,
  title={Offline reinforcement learning: Tutorial, review, and perspectives on open problems},
  author={Levine, Sergey and Kumar, Aviral and Tucker, George and Fu, Justin},
  journal={arXiv preprint arXiv:2005.01643},
  year={2020}
}

@article{schmied2024retrieval,
  title={Retrieval-augmented decision transformer: External memory for in-context rl},
  author={Schmied, Thomas and Paischer, Fabian and Patil, Vihang and Hofmarcher, Markus and Pascanu, Razvan and Hochreiter, Sepp},
  journal={arXiv preprint arXiv:2410.07071},
  year={2024}
}

@article{sinii2023context,
  title={In-context reinforcement learning for variable action spaces},
  author={Sinii, Viacheslav and Nikulin, Alexander and Kurenkov, Vladislav and Zisman, Ilya and Kolesnikov, Sergey},
  journal={arXiv preprint arXiv:2312.13327},
  year={2023}
}

@article{sondistilling,
  title={DISTILLING REINFORCEMENT LEARNING ALGO-RITHMS FOR IN-CONTEXT MODEL-BASED PLANNING},
  author={Son, Jaehyeon and Lee, Soochan and Kim, Gunhee},
  year={2024}
}

@article{tarasov2024corl,
  title={CORL: Research-oriented deep offline reinforcement learning library},
  author={Tarasov, Denis and Nikulin, Alexander and Akimov, Dmitry and Kurenkov, Vladislav and Kolesnikov, Sergey},
  journal={Advances in Neural Information Processing Systems},
  volume={36},
  year={2024}
}

@article{tarasov2024revisiting,
  title={Revisiting the minimalist approach to offline reinforcement learning},
  author={Tarasov, Denis and Kurenkov, Vladislav and Nikulin, Alexander and Kolesnikov, Sergey},
  journal={Advances in Neural Information Processing Systems},
  volume={36},
  year={2024}
}

@inproceedings{yamagata2023q,
  title={Q-learning decision transformer: Leveraging dynamic programming for conditional sequence modelling in offline rl},
  author={Yamagata, Taku and Khalil, Ahmed and Santos-Rodriguez, Raul},
  booktitle={International Conference on Machine Learning},
  pages={38989--39007},
  year={2023},
  organization={PMLR}
}

@article{zhuang2024reinformer,
  title={Reinformer: Max-return sequence modeling for offline rl},
  author={Zhuang, Zifeng and Peng, Dengyun and Liu, Jinxin and Zhang, Ziqi and Wang, Donglin},
  journal={arXiv preprint arXiv:2405.08740},
  year={2024}
}

@article{zisman2024n,
  title={N-Gram Induction Heads for In-Context RL: Improving Stability and Reducing Data Needs},
  author={Zisman, Ilya and Nikulin, Alexander and Sinii, Viacheslav and Tarasov, Denis and Lyubaykin, Nikita and Polubarov, Andrei and Kiselev, Igor and Kurenkov, Vladislav},
  journal={arXiv preprint arXiv:2411.01958},
  year={2024}
}

