@article{geman1995nonlinear,
  title     = {Nonlinear image recovery with half-quadratic regularization},
  author    = {Geman, Donald and Yang, Chengda},
  journal   = {IEEE transactions on Image Processing},
  volume    = {4},
  number    = {7},
  pages     = {932--946},
  year      = {1995},
  publisher = {IEEE}
}

@article{muller2022instant,
  title     = {Instant neural graphics primitives with a multiresolution hash encoding},
  author    = {M{\"u}ller, Thomas and Evans, Alex and Schied, Christoph and Keller, Alexander},
  journal   = {ACM Transactions on Graphics (ToG)},
  volume    = {41},
  number    = {4},
  pages     = {1--15},
  year      = {2022},
  publisher = {ACM New York, NY, USA}
}

@article{shen2022nerp,
  title     = {NeRP: implicit neural representation learning with prior embedding for sparsely sampled image reconstruction},
  author    = {Shen, Liyue and Pauly, John and Xing, Lei},
  journal   = {IEEE Transactions on Neural Networks and Learning Systems},
  year      = {2022},
  publisher = {IEEE}
}

@article{wu2022self,
  author  = {Wu, Qing and Feng, Ruimin and Wei, Hongjiang and Yu, Jingyi and Zhang, Yuyao},
  journal = {IEEE Transactions on Computational Imaging},
  title   = {Self-Supervised Coordinate Projection Network for Sparse-View Computed Tomography},
  year    = {2023},
  volume  = {9},
  number  = {},
  pages   = {517-529},
  doi     = {10.1109/TCI.2023.3281196}
}

@inproceedings{zha2022naf,
  title        = {NAF: neural attenuation fields for sparse-view CBCT reconstruction},
  author       = {Zha, Ruyi and Zhang, Yanhao and Li, Hongdong},
  booktitle    = {Medical Image Computing and Computer Assisted Intervention--MICCAI 2022: 25th International Conference, Singapore, September 18--22, 2022, Proceedings, Part VI},
  pages        = {442--452},
  year         = {2022},
  organization = {Springer}
}

@article{zhang2021plug,
  title={Plug-and-play image restoration with deep denoiser prior},
  author={Zhang, Kai and Li, Yawei and Zuo, Wangmeng and Zhang, Lei and Van Gool, Luc and Timofte, Radu},
  journal={IEEE Transactions on Pattern Analysis and Machine Intelligence},
  volume={44},
  number={10},
  pages={6360--6376},
  year={2021},
  publisher={IEEE}
}

