@inproceedings{MasoodBudinFalk2021,
	abstract = {This software paper gives an overview of the features supported by the Topology ToolKitTopology ToolKit (TTK), which is an  Open-sourceopen-source library for  Topological data analysistopological data analysis (TDA). TTK implements, in a generic and efficient way, a substantial collection of reference algorithms in TDA. Since its initial public release in 2017, both its user and developer bases have grown, resulting in a significant increase in the number of supported features. In contrast to the original paper introducing TTK [40] (which detailed the core algorithms and data structures of TTK), the purpose of this Softwaresoftware paper is to describe the list of features currently supported by TTK, ranging from image segmentation tools to advanced topological analysis of high-dimensional data, with concrete usage examples available on the TTK website [42].},
	address = {Cham},
	author = {Masood, Talha Bin and Budin, Joseph and Falk, Martin and Favelier, Guillaume and Garth, Christoph and Gueunet, Charles and Guillou, Pierre and Hofmann, Lutz and Hristov, Petar and Kamakshidasan, Adhitya and Kappe, Christopher and Klacansky, Pavol and Laurin, Patrick and Levine, Joshua A. and Lukasczyk, Jonas and Sakurai, Daisuke and Soler, Maxime and Steneteg, Peter and Tierny, Julien and Usher, Will and Vidal, Jules and Wozniak, Michal},
	booktitle = {Topological Methods in Data Analysis and Visualization VI},
	date-added = {2024-03-25 21:22:47 +0100},
	date-modified = {2024-03-25 21:23:01 +0100},
	editor = {Hotz, Ingrid and Bin Masood, Talha and Sadlo, Filip and Tierny, Julien},
	pages = {327--342},
	publisher = {Springer International Publishing},
	title = {An Overview of the Topology ToolKit},
	year = {2021},
    doi = {10.1007/978-3-030-83500-2_16}}

@article{TiernyFavelierLevine2017,
	author = {Julien Tierny and Guillaume Favelier and Joshua A. Levine and Charles Gueunet and Michael Michaux},
	date-modified = {2024-03-25 15:12:54 +0100},
	journal = {IEEE Transactions on Visualization and Computer Graphics},
	note = {\url{https://topology-tool-kit.github.io/}},
	title = {The {Topology ToolKit}},
	year = {2018},
    volume = {24},
    number = {1},
    pages = {832--842},
    doi = {10.1109/TVCG.2017.2743938}}

@inproceedings{aydogan2013analysis,
	author = {Aydogan, Dogu Baran and Moritz, Niko and Aro, Hannu T and Hyttinen, Jari},
	booktitle = {Medical Image Computing and Computer-Assisted Intervention--MICCAI 2013: 16th International Conference, Nagoya, Japan, September 22-26, 2013, Proceedings, Part II 16},
	organization = {Springer},
	pages = {428--435},
	title = {Analysis of trabecular bone microstructure using contour tree connectivity},
	year = {2013},
    doi = {10.1007/978-3-642-40763-5_53 }}

@article{aydogan2014characterization,
	author = {Aydogan, Dogu Baran and Hyttinen, Jari},
	journal = {Journal of The Royal Society Interface},
	number = {95},
	pages = {20131042},
	publisher = {The Royal Society},
	title = {Characterization of microstructures using contour tree connectivity for fluid flow analysis},
	volume = {11},
	year = {2014},
    doi = {10.1098/rsif.2013.1042}}

@article{ballester2019tthresh,
	author = {Ballester-Ripoll, Rafael and Lindstrom, Peter and Pajarola, Renato},
	journal = {IEEE Transactions on Visualization and Computer Graphics},
	number = {9},
	pages = {2891--2903},
	publisher = {IEEE},
	title = {{TTHRESH}: Tensor compression for multidimensional visual data},
	volume = {26},
	year = {2020},
    doi = {10.1109/TVCG.2019.2904063}}

@inproceedings{edelsbrunner2001hierarchical,
	author = {Edelsbrunner, Herbert and Harer, John and Zomorodian, Afra},
	booktitle = {Proceedings of the seventeenth annual symposium on Computational geometry},
	pages = {70--79},
	title = {Hierarchical Morse complexes for piecewise linear 2-manifolds},
	year = {2001},
    doi = {10.1145/378583.378626}
    }

@inproceedings{edelsbrunner2003morse,
	author = {Edelsbrunner, Herbert and Harer, John and Natarajan, Vijay and Pascucci, Valerio},
	booktitle = {Proceedings of the nineteenth annual symposium on Computational geometry},
	pages = {361--370},
	title = {Morse-Smale complexes for piecewise linear 3-manifolds},
	year = {2003},
    doi = {10.1145/777792.777846}}

@article{han2020ssr,
	author = {Han, Jun and Wang, Chaoli},
	journal = {IEEE Transactions on Visualization and Computer Graphics},
	number = {6},
	pages = {2445--2456},
	publisher = {IEEE},
	title = {{SSR-TVD}: Spatial super-resolution for time-varying data analysis and visualization},
	volume = {28},
	year = {2020},
    doi = {10.1109/TVCG.2020.3032123}}

@article{ibarria2003out,
	author = {Ibarria, Lawrence and Lindstrom, Peter and Rossignac, Jarek and Szymczak, Andrzej},
	journal = {Computer Graphics Forum},
	organization = {Wiley Online Library},
	pages = {343--348},
	title = {Out-of-core compression and decompression of large n-dimensional scalar fields},
	volume = {22},
	year = {2003},
    doi = {10.1111/1467-8659.00681}}

@article{kopp2022temporal,
	author = {K{\"o}pp, Wiebke and Weinkauf, Tino},
	journal = {IEEE Transactions on Visualization and Computer Graphics},
	number = {1},
	pages = {1157--1167},
	publisher = {IEEE},
	title = {Temporal Merge Tree Maps: A Topology-Based Static Visualization for Temporal Scalar Data},
	volume = {29},
	year = {2023},
    doi = {10.1109/TVCG.2022.3209387}
    }

@InProceedings{lakshminarasimhan2013isabela,
    author= {Lakshminarasimhan, Sriram
    and Shah, Neil
    and Ethier, Stephane
    and Klasky, Scott
    and Latham, Rob
    and Ross, Rob
    and Samatova, Nagiza F.},
    editor= {Jeannot, Emmanuel
    and Namyst, Raymond
    and Roman, Jean},
    title={Compressing the Incompressible with {ISABELA}: In-situ Reduction of Spatio-temporal Data},
    booktitle={European Conference on Parallel Processing},
    year={2011},
    doi={10.1007/978-3-642-23400-2_34}
}

@article{le2023hierarchical,
	author = {Le, Hieu and Santos, Hernan and Tao, Jian},
	journal = {Computing\&AI Connect},
	title = {Hierarchical Autoencoder-based Lossy Compression for Large-scale High-resolution Scientific Data},
	year = {2024},
    volume={1},
    doi = {10.69709/CAIC.2024.193132}}

@article{leguillou_tvcg24,
	author = {Eve Le Guillou and Michael Will and Pierre Guillou and Jonas Lukasczyk and Pierre Fortin and Christoph Garth and Julien Tierny},
	journal = {{IEEE Transactions on Visualization and Computer Graphics}},
	title = {{TTK is Getting MPI-Ready}},
	year = {2024},
    volume = {30},
    number = {8},
    pages = {5875--5892},
    doi = {10.1109/TVCG.2024.3390219}}

@article{li2024msz,
	author = {Li, Yuxiao and Liang, Xin and Wang, Bei and Qiu, Yongfeng and Yan, Lin and Guo, Hanqi},
	doi = {10.1109/TVCG.2024.3456337},
	journal = {IEEE Transactions on Visualization and Computer Graphics},
	title = {MSz: An Efficient Parallel Algorithm for Correcting Morse-Smale Segmentations in Error-Bounded Lossy Compressors},
	year = {2025},
    volume={31},
    issue={1},
	bdsk-url-1 = {https://doi.org/10.1109/TVCG.2024.3456337}}

@inproceedings{liang2018error,
	author = {Liang, Xin and Di, Sheng and Tao, Dingwen and Li, Sihuan and Li, Shaomeng and Guo, Hanqi and Chen, Zizhong and Cappello, Franck},
	booktitle = {2018 IEEE International Conference on Big Data (Big Data)},
	organization = {IEEE},
	pages = {438--447},
	title = {Error-controlled lossy compression optimized for high compression ratios of scientific datasets},
	year = {2018},
    doi = {10.1109/BigData.2018.8622520}}

@article{liang2022sz3,
	author = {Liang, Xin and Zhao, Kai and Di, Sheng and Li, Sihuan and Underwood, Robert and Gok, Ali M and Tian, Jiannan and Deng, Junjing and Calhoun, Jon C and Tao, Dingwen and Chen, Zizhong and Cappello, Franck},
	journal = {IEEE Transactions on Big Data},
	number = {2},
	pages = {485--498},
	publisher = {IEEE},
	title = {{SZ3}: A modular framework for composing prediction-based error-bounded lossy compressors},
	volume = {9},
	year = {2023},
    doi = {10.1109/TBDATA.2022.3201176}}

@article{liang2022toward,
	author = {Liang, Xin and Di, Sheng and Cappello, Franck and Raj, Mukund and Liu, Chunhui and Ono, Kenji and Chen, Zizhong and Peterka, Tom and Guo, Hanqi},
	journal = {IEEE Transactions on Visualization and Computer Graphics},
	publisher = {IEEE},
	title = {Toward feature-preserving vector field compression},
    pages = {5434--5450},
    volume = {29},
    number = {12},
	year = {2023},
    doi = {10.1109/TVCG.2022.3214821}}

@article{lindstrom2014fixed,
	author = {Lindstrom, Peter},
	journal = {IEEE Transactions on Visualization and Computer Graphics},
	number = {12},
	pages = {2674--2683},
	publisher = {IEEE},
	title = {Fixed-rate compressed floating-point arrays},
	volume = {20},
	year = {2014},
    doi = {10.1109/TVCG.2014.2346458}
    }

@inproceedings{liu2021exploring,
	author = {Liu, Jinyang and Di, Sheng and Zhao, Kai and Jin, Sian and Tao, Dingwen and Liang, Xin and Chen, Zizhong and Cappello, Franck},
	booktitle = {2021 IEEE International Conference on Cluster Computing (CLUSTER)},
	organization = {IEEE},
	pages = {294--306},
	title = {Exploring autoencoder-based error-bounded compression for scientific data},
	year = {2021},
    doi = {10.1109/Cluster48925.2021.00034}}

@article{lu2021compressive,
	author = {Lu, Yuzhe and Jiang, Kairong and Levine, Joshua A and Berger, Matthew},
	journal = {Computer Graphics Forum},
	organization = {Wiley Online Library},
	pages = {135--146},
	title = {Compressive Neural Representations of Volumetric Scalar Fields},
	volume = {40},
    number = {3},
	year = {2021},
    doi = {10.1111/cgf.14295}}

@inproceedings{mizuta2005description,
	author = {Mizuta, Shinobu and Matsuda, Tetsuya},
	booktitle = {Image Analysis and Recognition},
	organization = {Springer},
	pages = {549--558},
	title = {Description of digital images by region-based contour trees},
	year = {2005},
    doi = {10.1007/11559573_68}}

@inproceedings{rosen2021using,
	author = {Rosen, Paul and Seth, Anil and Mills, Elisabeth and Ginsburg, Adam and Kamenetzky, Julia and Kern, Jeff and Johnson, Chris R and Wang, Bei},
	booktitle = {Topological Methods in Data Analysis and Visualization VI},
	organization = {Springer},
	pages = {87--108},
	title = {Using contour trees in the analysis and visualization of radio astronomy data cubes},
	year = {2021},
    doi = {10.1007/978-3-030-83500-2_6}}

@inproceedings{soler2018topologically,
	author = {Soler, Maxime and Plainchault, M{\'e}lanie and Conche, Bruno and Tierny, Julien},
	booktitle = {2018 IEEE Pacific Visualization Symposium (PacificVis)},
	date-modified = {2024-03-25 15:12:00 +0100},
	pages = {46--55},
	title = {Topologically controlled lossy compression},
	year = {2018},
    doi = {10.1109/PacificVis.2018.00015}
    }

@article{son2014data,
	author = {Son, Seung Woo and Chen, Zhengzhang and Hendrix, William and Agrawal, Ankit and Liao, Wei-keng and Choudhary, Alok},
	journal = {Supercomputing Frontiers and Innovations},
	number = {2},
	pages = {76--88},
	title = {Data compression for the exascale computing era-survey},
	volume = {1},
	year = {2014},
    doi = {10.14529/jsfi140205}}

@incollection{szymczak2010categorical,
	author = {Szymczak, Andrzej},
	booktitle = {Topological Methods in Data Analysis and Visualization},
	pages = {205--216},
	publisher = {Springer},
	title = {A categorical approach to contour, split and join trees with application to airway segmentation},
	year = {2010},
    doi = {10.1007/978-3-642-15014-2_17}}

@article{wang2018fast,
	author = {Wang, Lei and Guo, Quan and Zhao, Jianqiao and Zhang, Shengnan and Yang, Lisu},
	journal = {Journal of Medical Imaging and Health Informatics},
	number = {7},
	pages = {1451--1455},
	publisher = {American Scientific Publishers},
	title = {The Fast Contour Tree-Based Medical Volume Rendering Method},
	volume = {8},
	year = {2018},
    doi = {10.1166/jmihi.2018.2454}}

@article{wurster2022deep,
	author = {Wurster, Skylar W and Guo, Hanqi and Shen, Han-Wei and Peterka, Tom and Xu, Jiayi},
	journal = {IEEE Transactions on Visualization and Computer Graphics},
	publisher = {IEEE},
	title = {Deep hierarchical super resolution for scientific data},
    volume = {29},
    number = {12},
	year = {2023},
    doi = {10.1109/TVCG.2022.3214420}}

@article{yan2023toposz,
	author = {Yan, Lin and Liang, Xin and Guo, Hanqi and Wang, Bei},
	journal = {IEEE Transactions on Visualization and Computer Graphics},
	publisher = {IEEE},
	title = {TopoSZ: Preserving Topology in Error-Bounded Lossy Compression},
	year = {2023},
    volume = {30},
    number = {1},
    pages = {1302--1312},
    doi = {10.1109/TVCG.2023.3326920}}

@inproceedings{zhao2021optimizing,
	author = {Zhao, Kai and Di, Sheng and Dmitriev, Maxim and Tonellot, Thierry-Laurent D and Chen, Zizhong and Cappello, Franck},
	booktitle = {Proceedings of IEEE 37th International Conference on Data Engineering (ICDE)},
	date-modified = {2024-03-25 09:28:17 +0100},
	pages = {1643--1654},
	title = {Optimizing error-bounded lossy compression for scientific data by dynamic spline interpolation},
	year = {2021},
    doi = {10.1109/ICDE51399.2021.00145}}

@article{zhou2009automatic,
	author = {Zhou, Jianlong and Takatsuka, Masahiro},
	journal = {IEEE Transactions on Visualization and Computer graphics},
	number = {6},
	pages = {1481--1488},
	publisher = {IEEE},
	title = {Automatic transfer function generation using contour tree controlled residue flow model and color harmonics},
	volume = {15},
	year = {2009},
    doi = {10.1109/TVCG.2009.120}}

