@article{abdin2024phi,
  title={Phi-3 technical report: A highly capable language model locally on your phone},
  author={Abdin, Marah and Aneja, Jyoti and Awadalla, Hany and Awadallah, Ahmed and Awan, Ammar Ahmad and Bach, Nguyen and Bahree, Amit and Bakhtiari, Arash and Bao, Jianmin and Behl, Harkirat and others},
  journal={arXiv preprint arXiv:2404.14219},
  year={2024}
}

@article{cai2024pyramidkv,
  title={Pyramidkv: Dynamic kv cache compression based on pyramidal information funneling},
  author={Cai, Zefan and Zhang, Yichi and Gao, Bofei and Liu, Yuliang and Liu, Tianyu and Lu, Keming and Xiong, Wayne and Dong, Yue and Chang, Baobao and Hu, Junjie and others},
  journal={arXiv preprint arXiv:2406.02069},
  year={2024}
}

@inproceedings{chen2024fastv,
  title={An image is worth 1/2 tokens after layer 2: Plug-and-play inference acceleration for large vision-language models},
  author={Chen, Liang and Zhao, Haozhe and Liu, Tianyu and Bai, Shuai and Lin, Junyang and Zhou, Chang and Chang, Baobao},
  booktitle={European Conference on Computer Vision},
  pages={19--35},
  year={2024},
  organization={Springer}
}

@article{chu2023mobilevlm,
  title={Mobilevlm: A fast, strong and open vision language assistant for mobile devices},
  author={Chu, Xiangxiang and Qiao, Limeng and Lin, Xinyang and Xu, Shuang and Yang, Yang and Hu, Yiming and Wei, Fei and Zhang, Xinyu and Zhang, Bo and Wei, Xiaolin and others},
  journal={arXiv preprint arXiv:2312.16886},
  year={2023}
}

@article{chu2024mobilevlm,
  title={Mobilevlm v2: Faster and stronger baseline for vision language model},
  author={Chu, Xiangxiang and Qiao, Limeng and Zhang, Xinyu and Xu, Shuang and Wei, Fei and Yang, Yang and Sun, Xiaofei and Hu, Yiming and Lin, Xinyang and Zhang, Bo and others},
  journal={arXiv preprint arXiv:2402.03766},
  year={2024}
}

@article{hooper2024kvquant,
  title={Kvquant: Towards 10 million context length llm inference with kv cache quantization},
  author={Hooper, Coleman and Kim, Sehoon and Mohammadzadeh, Hiva and Mahoney, Michael W and Shao, Sophia and Keutzer, Kurt and Gholami, Amir},
  journal={Advances in Neural Information Processing Systems},
  volume={37},
  pages={1270--1303},
  year={2024}
}

@article{jin2024llm,
  title={Llm maybe longlm: Self-extend llm context window without tuning},
  author={Jin, Hongye and Han, Xiaotian and Yang, Jingfeng and Jiang, Zhimeng and Liu, Zirui and Chang, Chia-Yuan and Chen, Huiyuan and Hu, Xia},
  journal={arXiv preprint arXiv:2401.01325},
  year={2024}
}

@inproceedings{kwon2023efficient,
  title={Efficient memory management for large language model serving with pagedattention},
  author={Kwon, Woosuk and Li, Zhuohan and Zhuang, Siyuan and Sheng, Ying and Zheng, Lianmin and Yu, Cody Hao and Gonzalez, Joseph and Zhang, Hao and Stoica, Ion},
  booktitle={Proceedings of the 29th Symposium on Operating Systems Principles},
  pages={611--626},
  year={2023}
}

@article{li2024mini,
  title={Mini-gemini: Mining the potential of multi-modality vision language models},
  author={Li, Yanwei and Zhang, Yuechen and Wang, Chengyao and Zhong, Zhisheng and Chen, Yixin and Chu, Ruihang and Liu, Shaoteng and Jia, Jiaya},
  journal={arXiv preprint arXiv:2403.18814},
  year={2024}
}

@article{lin2024moe,
  title={Moe-llava: Mixture of experts for large vision-language models},
  author={Lin, Bin and Tang, Zhenyu and Ye, Yang and Cui, Jiaxi and Zhu, Bin and Jin, Peng and Huang, Jinfa and Zhang, Junwu and Pang, Yatian and Ning, Munan and others},
  journal={arXiv preprint arXiv:2401.15947},
  year={2024}
}

@inproceedings{liukivi,
  title={KIVI: A Tuning-Free Asymmetric 2bit Quantization for KV Cache},
  author={Liu, Zirui and Yuan, Jiayi and Jin, Hongye and Zhong, Shaochen and Xu, Zhaozhuo and Braverman, Vladimir and Chen, Beidi and Hu, Xia},
  booktitle={International Conference on Machine Learning},
  year={2024},
}

@article{shang2024llava-prumerge,
  title={Llava-prumerge: Adaptive token reduction for efficient large multimodal models},
  author={Shang, Yuzhang and Cai, Mu and Xu, Bingxin and Lee, Yong Jae and Yan, Yan},
  journal={arXiv preprint arXiv:2403.15388},
  year={2024}
}

@article{tu2024vl,
  title={VL-Cache: Sparsity and Modality-Aware KV Cache Compression for Vision-Language Model Inference Acceleration},
  author={Tu, Dezhan and Vashchilenko, Danylo and Lu, Yuzhe and Xu, Panpan},
  journal={arXiv preprint arXiv:2410.23317},
  year={2024}
}

@article{vaswani2017attention,
  title={Attention is all you need},
  author={Vaswani, A},
  journal={Advances in Neural Information Processing Systems},
  year={2017}
}

@article{xing2024pyramiddrop,
  title={Pyramiddrop: Accelerating your large vision-language models via pyramid visual redundancy reduction},
  author={Xing, Long and Huang, Qidong and Dong, Xiaoyi and Lu, Jiajie and Zhang, Pan and Zang, Yuhang and Cao, Yuhang and He, Conghui and Wang, Jiaqi and Wu, Feng and others},
  journal={arXiv preprint arXiv:2410.17247},
  year={2024}
}

@article{yao2024minicpm,
  title={Minicpm-v: A gpt-4v level mllm on your phone},
  author={Yao, Yuan and Yu, Tianyu and Zhang, Ao and Wang, Chongyi and Cui, Junbo and Zhu, Hongji and Cai, Tianchi and Li, Haoyu and Zhao, Weilin and He, Zhihui and others},
  journal={arXiv preprint arXiv:2408.01800},
  year={2024}
}

@article{zandieh2024qjl,
  title={Qjl: 1-bit quantized jl transform for kv cache quantization with zero overhead},
  author={Zandieh, Amir and Daliri, Majid and Han, Insu},
  journal={arXiv preprint arXiv:2406.03482},
  year={2024}
}

@article{zhang2023h2o,
  title={H2o: Heavy-hitter oracle for efficient generative inference of large language models},
  author={Zhang, Zhenyu and Sheng, Ying and Zhou, Tianyi and Chen, Tianlong and Zheng, Lianmin and Cai, Ruisi and Song, Zhao and Tian, Yuandong and R{\'e}, Christopher and Barrett, Clark and others},
  journal={Advances in Neural Information Processing Systems},
  volume={36},
  pages={34661--34710},
  year={2023}
}

@article{zhang2024treat,
  title={Treat visual tokens as text? but your mllm only needs fewer efforts to see},
  author={Zhang, Zeliang and Pham, Phu and Zhao, Wentian and Wan, Kun and Li, Yu-Jhe and Zhou, Jianing and Miranda, Daniel and Kale, Ajinkya and Xu, Chenliang},
  journal={arXiv preprint arXiv:2410.06169},
  year={2024}
}

