@article{alemi2016deep,
  title={Deep variational information bottleneck},
  author={Alemi, Alexander A and Fischer, Ian and Dillon, Joshua V and Murphy, Kevin},
  journal={arXiv preprint arXiv:1612.00410},
  year={2016}
}

@article{angelopoulos2023ppi++,
  title={PPI++: Efficient prediction-powered inference},
  author={Angelopoulos, Anastasios N and Duchi, John C and Zrnic, Tijana},
  journal={arXiv preprint arXiv:2311.01453},
  year={2023}
}

@article{angelopoulos2023prediction,
  title={Prediction-powered inference},
  author={Angelopoulos, Anastasios N and Bates, Stephen and Fannjiang, Clara and Jordan, Michael I and Zrnic, Tijana},
  journal={Science},
  volume={382},
  number={6671},
  pages={669--674},
  year={2023},
  publisher={American Association for the Advancement of Science}
}

@article{cadei2024smoke,
  title={Smoke and Mirrors in Causal Downstream Tasks},
  author={Cadei, Riccardo and Lindorfer, Lukas and Cremer, Sylvia and Schmid, Cordelia and Locatello, Francesco},
  journal={arXiv preprint arXiv:2405.17151},
  year={2024}
}

@inproceedings{cheng2020club,
  title={Club: A contrastive log-ratio upper bound of mutual information},
  author={Cheng, Pengyu and Hao, Weituo and Dai, Shuyang and Liu, Jiachang and Gan, Zhe and Carin, Lawrence},
  booktitle={International conference on machine learning},
  pages={1779--1788},
  year={2020},
  organization={PMLR}
}

@article{de2025efficient,
  title={Efficient Randomized Experiments Using Foundation Models},
  author={De Bartolomeis,Piersilvio and Abad, Javier and Wang, Guanbo and Donhauser, Konstantin and Duch, Raymond M. and Yang, Fanny and Dahabreh, Issa J.},
  journal={arXiv preprint arxiv:2502.04262},
  year={2025}
}

@article{demirel2024prediction,
  title={Prediction-powered Generalization of Causal Inferences},
  author={Demirel, Ilker and Alaa, Ahmed and Philippakis, Anthony and Sontag, David},
  journal={arXiv preprint arXiv:2406.02873},
  year={2024}
}

@inproceedings{gupta2021controllable,
  title={Controllable guarantees for fair outcomes via contrastive information estimation},
  author={Gupta, Umang and Ferber, Aaron M and Dilkina, Bistra and Ver Steeg, Greg},
  booktitle={Proceedings of the AAAI Conference on Artificial Intelligence},
  volume={35},
  number={9},
  pages={7610--7619},
  year={2021}
}

@article{kingma2014adam,
  title={Adam: A method for stochastic optimization},
  author={Kingma, Diederik P},
  journal={arXiv preprint arXiv:1412.6980},
  year={2014}
}

@inproceedings{li2022invariant,
  title={Invariant information bottleneck for domain generalization},
  author={Li, Bo and Shen, Yifei and Wang, Yezhen and Zhu, Wenzhen and Li, Dongsheng and Keutzer, Kurt and Zhao, Han},
  booktitle={Proceedings of the AAAI Conference on Artificial Intelligence},
  volume={36},
  number={7},
  pages={7399--7407},
  year={2022}
}

@article{louizos2015variational,
  title={The variational fair autoencoder},
  author={Louizos, Christos and Swersky, Kevin and Li, Yujia and Welling, Max and Zemel, Richard},
  journal={arXiv preprint arXiv:1511.00830},
  year={2015}
}

@article{ma2021conditional,
  title={Conditional contrastive learning for improving fairness in self-supervised learning},
  author={Ma, Martin Q and Tsai, Yao-Hung Hubert and Liang, Paul Pu and Zhao, Han and Zhang, Kun and Salakhutdinov, Ruslan and Morency, Louis-Philippe},
  journal={arXiv preprint arXiv:2106.02866},
  year={2021}
}

@article{moyer2018invariant,
  title={Invariant representations without adversarial training},
  author={Moyer, Daniel and Gao, Shuyang and Brekelmans, Rob and Galstyan, Aram and Ver Steeg, Greg},
  journal={Advances in neural information processing systems},
  volume={31},
  year={2018}
}

@article{poulet2025prediction,
  title={Prediction-powered Inference for Clinical Trials},
  author={Poulet, Pierre-Emmanuel and Tran, Maylis and Tezenas du Montcel, Sophie and Dubois, Bruno and Durrleman, Stanley and Jedynak, Bruno},
  journal={medRxiv},
  pages={2025--01},
  year={2025},
  publisher={Cold Spring Harbor Laboratory Press}
}

@article{scholkopf2021toward,
  title={Toward causal representation learning},
  author={Sch{\"o}lkopf, Bernhard and Locatello, Francesco and Bauer, Stefan and Ke, Nan Rosemary and Kalchbrenner, Nal and Goyal, Anirudh and Bengio, Yoshua},
  journal={Proceedings of the IEEE},
  volume={109},
  number={5},
  pages={612--634},
  year={2021},
  publisher={IEEE}
}

@inproceedings{song2019learning,
  title={Learning controllable fair representations},
  author={Song, Jiaming and Kalluri, Pratyusha and Grover, Aditya and Zhao, Shengjia and Ermon, Stefano},
  booktitle={The 22nd International Conference on Artificial Intelligence and Statistics},
  pages={2164--2173},
  year={2019},
  organization={PMLR}
}

@inproceedings{varici2024general,
  title={General identifiability and achievability for causal representation learning},
  author={Varici, Burak and Acart{\"u}rk, Emre and Shanmugam, Karthikeyan and Tajer, Ali},
  booktitle={International Conference on Artificial Intelligence and Statistics},
  pages={2314--2322},
  year={2024},
  organization={PMLR}
}

@phdthesis{von2024identifiable,
  title={Identifiable Causal Representation Learning: Unsupervised, Multi-View, and Multi-Environment},
  author={von K{\"u}gelgen, Julius},
  school={Cambridge University},
  year={2024}
}

@article{yao2024marrying,
  title={Marrying Causal Representation Learning with Dynamical Systems for Science},
  author={Yao, Dingling and Muller, Caroline and Locatello, Francesco},
  journal={Advances in Neural Information Processing Systems (NeurIPS)},
  year={2024}
}

@article{yao2024unifying,
  title={Unifying Causal Representation Learning with the Invariance Principle},
  author={Yao, Dingling and Rancati, Dario and Cadei, Riccardo and Fumero, Marco and Locatello, Francesco},
  journal={arXiv preprint arXiv:2409.02772},
  year={2024}
}

