@article{gulrajani2020search,
  title={In search of lost domain generalization},
  author={Gulrajani, Ishaan and Lopez-Paz, David},
  journal={arXiv preprint arXiv:2007.01434},
  year={2020}
}

@article{peters2016causal,
  title={Causal inference by using invariant prediction: identification and confidence intervals},
  author={Peters, Jonas and B{\"u}hlmann, Peter and Meinshausen, Nicolai},
  journal={Journal of the Royal Statistical Society Series B: Statistical Methodology},
  volume={78},
  number={5},
  pages={947--1012},
  year={2016},
  publisher={Oxford University Press}
}
@article{kennedy2020sharp,
  title={Sharp instruments for classifying compliers and generalizing causal effects},
  author={Kennedy, Edward H and Balakrishnan, Sivaraman and Gâ€™sell, Max},
  year={2020}
}

@article{chernozhukov2018double,
    author = {Chernozhukov, Victor and Chetverikov, Denis and Demirer, Mert and Duflo, Esther and Hansen, Christian and Newey, Whitney and Robins, James},
    title = "{Double/debiased machine learning for treatment and structural parameters}",
    journal = {The Econometrics Journal},
    volume = {21},
    number = {1},
    pages = {C1-C68},
    year = {2018},
    eprint = {https://academic.oup.com/ectj/article-pdf/21/1/C1/27684918/ectj00c1.pdf},
}

@article{yao2024marrying,
  title={Marrying Causal Representation Learning with Dynamical Systems for Science},
  author={Yao, Dingling and Muller, Caroline and Locatello, Francesco},
  journal={Advances in Neural Information Processing Systems (NeurIPS)},
  year={2024}
}
@phdthesis{von2024identifiable,
  title={Identifiable Causal Representation Learning: Unsupervised, Multi-View, and Multi-Environment},
  author={von K{\"u}gelgen, Julius},
  school={Cambridge University},
  year={2024}
}
@inproceedings{varici2024general,
  title={General identifiability and achievability for causal representation learning},
  author={Varici, Burak and Acart{\"u}rk, Emre and Shanmugam, Karthikeyan and Tajer, Ali},
  booktitle={International Conference on Artificial Intelligence and Statistics},
  pages={2314--2322},
  year={2024},
  organization={PMLR}
}
@article{bengio2013representation,
  title={Representation learning: A review and new perspectives},
  author={Bengio, Yoshua and Courville, Aaron and Vincent, Pascal},
  journal={IEEE transactions on pattern analysis and machine intelligence},
  volume={35},
  number={8},
  pages={1798--1828},
  year={2013},
  publisher={IEEE}
}
@article{robins1994estimation,
  title={Estimation of regression coefficients when some regressors are not always observed},
  author={Robins, James  and Rotnitzky, Andrea and Zhao, Lue Ping},
  journal={Journal of the American statistical Association},
  volume={89},
  number={427},
  pages={846--866},
  year={1994},
  publisher={Taylor \& Francis}
}
@article{poulet2025prediction,
  title={Prediction-powered Inference for Clinical Trials},
  author={Poulet, Pierre-Emmanuel and Tran, Maylis and Tezenas du Montcel, Sophie and Dubois, Bruno and Durrleman, Stanley and Jedynak, Bruno},
  journal={medRxiv},
  pages={2025--01},
  year={2025},
  publisher={Cold Spring Harbor Laboratory Press}
}

@article{de2025efficient,
  title={Efficient Randomized Experiments Using Foundation Models},
  author={De Bartolomeis,Piersilvio and Abad, Javier and Wang, Guanbo and Donhauser, Konstantin and Duch, Raymond M. and Yang, Fanny and Dahabreh, Issa J.},
  journal={arXiv preprint arxiv:2502.04262},
  year={2025}
}

@article{arjovsky2019invariant,
  title={Invariant risk minimization},
  author={Arjovsky, Martin and Bottou, L{\'e}on and Gulrajani, Ishaan and Lopez-Paz, David},
  journal={arXiv preprint arXiv:1907.02893},
  year={2019}
}

@inproceedings{krueger2021out,
  title={Out-of-distribution generalization via risk extrapolation (rex)},
  author={Krueger, David and Caballero, Ethan and Jacobsen, Joern-Henrik and Zhang, Amy and Binas, Jonathan and Zhang, Dinghuai and Le Priol, Remi and Courville, Aaron},
  booktitle={International conference on machine learning},
  pages={5815--5826},
  year={2021},
  organization={PMLR}
}

@article{cadei2024smoke,
  title={Smoke and Mirrors in Causal Downstream Tasks},
  author={Cadei, Riccardo and Lindorfer, Lukas and Cremer, Sylvia and Schmid, Cordelia and Locatello, Francesco},
  journal={arXiv preprint arXiv:2405.17151},
  year={2024}
}

@article{demirel2024prediction,
  title={Prediction-powered Generalization of Causal Inferences},
  author={Demirel, Ilker and Alaa, Ahmed and Philippakis, Anthony and Sontag, David},
  journal={arXiv preprint arXiv:2406.02873},
  year={2024}
}

@article{burns2023weak,
  title={Weak-to-strong generalization: Eliciting strong capabilities with weak supervision},
  author={Burns, Collin and Izmailov, Pavel and Kirchner, Jan Hendrik and Baker, Bowen and Gao, Leo and Aschenbrenner, Leopold and Chen, Yining and Ecoffet, Adrien and Joglekar, Manas and Leike, Jan and others},
  journal={arXiv preprint arXiv:2312.09390},
  year={2023}
}

@article{lohaus2022two,
  title={Are two heads the same as one? Identifying disparate treatment in fair neural networks},
  author={Lohaus, Michael and Kleindessner, Matth{\"a}us and Kenthapadi, Krishnaram and Locatello, Francesco and Russell, Chris},
  journal={Advances in Neural Information Processing Systems},
  volume={35},
  pages={16548--16562},
  year={2022}
}

@inproceedings{taori2023data,
  title={Data feedback loops: Model-driven amplification of dataset biases},
  author={Taori, Rohan and Hashimoto, Tatsunori},
  booktitle={International Conference on Machine Learning},
  pages={33883--33920},
  year={2023},
  organization={PMLR}
}

@article{yao2024unifying,
  title={Unifying Causal Representation Learning with the Invariance Principle},
  author={Yao, Dingling and Rancati, Dario and Cadei, Riccardo and Fumero, Marco and Locatello, Francesco},
  journal={arXiv preprint arXiv:2409.02772},
  year={2024}
}

@inproceedings{sun2023mabe22,
  title={MABe22: A multi-species multi-task benchmark for learned representations of behavior},
  author={Sun, Jennifer J and Marks, Markus and Ulmer, Andrew Wesley and Chakraborty, Dipam and Geuther, Brian and Hayes, Edward and Jia, Heng and Kumar, Vivek and Oleszko, Sebastian and Partridge, Zachary and others},
  booktitle={International Conference on Machine Learning},
  pages={32936--32990},
  year={2023},
  organization={PMLR}
}

@article{hatt2022combining,
  title={Combining observational and randomized data for estimating heterogeneous treatment effects},
  author={Hatt, Tobias and Berrevoets, Jeroen and Curth, Alicia and Feuerriegel, Stefan and van der Schaar, Mihaela},
  journal={arXiv preprint arXiv:2202.12891},
  year={2022}
}

@article{mooij2020joint,
  title={Joint causal inference from multiple contexts},
  author={Mooij, Joris M and Magliacane, Sara and Claassen, Tom},
  journal={Journal of machine learning research},
  volume={21},
  number={99},
  pages={1--108},
  year={2020}
}

@article{angelopoulos2023prediction,
  title={Prediction-powered inference},
  author={Angelopoulos, Anastasios N and Bates, Stephen and Fannjiang, Clara and Jordan, Michael I and Zrnic, Tijana},
  journal={Science},
  volume={382},
  number={6671},
  pages={669--674},
  year={2023},
  publisher={American Association for the Advancement of Science}
}

@article{xia2024prediction,
  title={Prediction Aided by Surrogate Training},
  author={Xia, Eric and Wainwright, Martin J},
  journal={arXiv preprint arXiv:2412.09364},
  year={2024}
}

@article{angelopoulos2023ppi++,
  title={PPI++: Efficient prediction-powered inference},
  author={Angelopoulos, Anastasios N and Duchi, John C and Zrnic, Tijana},
  journal={arXiv preprint arXiv:2311.01453},
  year={2023}
}

@article{cinelli2024crash,
  title={A crash course in good and bad controls},
  author={Cinelli, Carlos and Forney, Andrew and Pearl, Judea},
  journal={Sociological Methods \& Research},
  volume={53},
  number={3},
  pages={1071--1104},
  year={2024},
  publisher={Sage Publications Sage CA: Los Angeles, CA}
}

@article{robins1995semiparametric,
  title={Semiparametric efficiency in multivariate regression models with missing data},
  author={Robins, James M and Rotnitzky, Andrea},
  journal={Journal of the American Statistical Association},
  volume={90},
  number={429},
  pages={122--129},
  year={1995},
  publisher={Taylor \& Francis}
}

@inproceedings{shalit2017estimating,
  title={Estimating individual treatment effect: generalization bounds and algorithms},
  author={Shalit, Uri and Johansson, Fredrik D and Sontag, David},
  booktitle={International conference on machine learning},
  pages={3076--3085},
  year={2017},
  organization={PMLR}
}

@article{egamiusing,
  title={Using Large Language Model Annotations for the Social Sciences: A General Framework of Using Predicted Variables in Downstream Analyses},
  author={Egami, Naoki and Hinck, Musashi and Stewart, Brandon M and Wei, Hanying},
  year={2024}
}

@article{wang2022causal,
  title={The Causal Structure of Domain Invariant Supervised Representation Learning},
  author={Wang, Zihao and Veitch, Victor},
  journal={arXiv preprint arXiv:2208.06987},
  year={2022}
}

@book{pearl2018book,
  title={The Book of Why: The New Science of Cause and Effect},
  author={Pearl, Judea and Mackenzie, Dana},
  year={2018},
  publisher={Hachette UK}
}

@book{vapnik2013nature,
  title={The nature of statistical learning theory},
  author={Vapnik, Vladimir},
  year={2013},
  publisher={Springer science \& business media}
}

@article{zrnic2024cross,
  title={Cross-prediction-powered inference},
  author={Zrnic, Tijana and Cand{\`e}s, Emmanuel J},
  journal={Proceedings of the National Academy of Sciences},
  volume={121},
  number={15},
  pages={e2322083121},
  year={2024},
  publisher={National Acad Sciences}
}

@article{jerzak2022image,
  title={Image-based treatment effect heterogeneity},
  author={Jerzak, Connor T and Johansson, Fredrik and Daoud, Adel},
  journal={arXiv preprint arXiv:2206.06417},
  year={2022}
}

@article{daoud2023using,
  title={Using satellite images and deep learning to measure health and living standards in india},
  author={Daoud, Adel and Jord{\'a}n, Felipe and Sharma, Makkunda and Johansson, Fredrik and Dubhashi, Devdatt and Paul, Sourabh and Banerjee, Subhashis},
  journal={Social Indicators Research},
  volume={167},
  number={1},
  pages={475--505},
  year={2023},
  publisher={Springer}
}

@article{tsai2022conditional,
  title={Conditional contrastive learning with kernel},
  author={Tsai, Yao-Hung Hubert and Li, Tianqin and Ma, Martin Q and Zhao, Han and Zhang, Kun and Morency, Louis-Philippe and Salakhutdinov, Ruslan},
  journal={arXiv preprint arXiv:2202.05458},
  year={2022}
}

@article{xu2024neural,
  title={Neural Feature Learning in Function Space},
  author={Xu, Xiangxiang and Zheng, Lizhong},
  journal={Journal of Machine Learning Research},
  volume={25},
  number={142},
  pages={1--76},
  year={2024}
}

@inproceedings{zhang2023learning,
  title={Learning useful representations for shifting tasks and distributions},
  author={Zhang, Jianyu and Bottou, L{\'e}on},
  booktitle={International Conference on Machine Learning},
  pages={40830--40850},
  year={2023},
  organization={PMLR}
}

@inproceedings{li2019repair,
  title={Repair: Removing representation bias by dataset resampling},
  author={Li, Yi and Vasconcelos, Nuno},
  booktitle={Proceedings of the IEEE/CVF conference on computer vision and pattern recognition},
  pages={9572--9581},
  year={2019}
}

@article{kirichenko2022last,
  title={Last layer re-training is sufficient for robustness to spurious correlations},
  author={Kirichenko, Polina and Izmailov, Pavel and Wilson, Andrew Gordon},
  journal={arXiv preprint arXiv:2204.02937},
  year={2022}
}

@article{lecun1998mnist,
  title={The MNIST database of handwritten digits},
  author={LeCun, Yann},
  journal={http://yann. lecun. com/exdb/mnist/},
  year={1998}
}

@inproceedings{zhai2023sigmoid,
  title={Sigmoid loss for language image pre-training},
  author={Zhai, Xiaohua and Mustafa, Basil and Kolesnikov, Alexander and Beyer, Lucas},
  booktitle={Proceedings of the IEEE/CVF International Conference on Computer Vision},
  pages={11975--11986},
  year={2023}
}

@article{dosovitskiy2020image,
  title={An image is worth 16x16 words: Transformers for image recognition at scale},
  author={Dosovitskiy, Alexey and Beyer, Lucas and Kolesnikov, Alexander and Weissenborn, Dirk and Zhai, Xiaohua and Unterthiner, Thomas and Dehghani, Mostafa and Minderer, Matthias and Heigold, Georg and Gelly, Sylvain and others},
  journal={arXiv preprint arXiv:2010.11929},
  year={2020}
}

@inproceedings{he2022masked,
  title={Masked autoencoders are scalable vision learners},
  author={He, Kaiming and Chen, Xinlei and Xie, Saining and Li, Yanghao and Doll{\'a}r, Piotr and Girshick, Ross},
  booktitle={Proceedings of the IEEE/CVF conference on computer vision and pattern recognition},
  pages={16000--16009},
  year={2022}
}

@article{oquab2023dinov2,
  title={Dinov2: Learning robust visual features without supervision},
  author={Oquab, Maxime and Darcet, Timoth{\'e}e and Moutakanni, Th{\'e}o and Vo, Huy and Szafraniec, Marc and Khalidov, Vasil and Fernandez, Pierre and Haziza, Daniel and Massa, Francisco and El-Nouby, Alaaeldin and others},
  journal={arXiv preprint arXiv:2304.07193},
  year={2023}
}

@inproceedings{radford2021learning,
  title={Learning transferable visual models from natural language supervision},
  author={Radford, Alec and Kim, Jong Wook and Hallacy, Chris and Ramesh, Aditya and Goh, Gabriel and Agarwal, Sandhini and Sastry, Girish and Askell, Amanda and Mishkin, Pamela and Clark, Jack and others},
  booktitle={International conference on machine learning},
  pages={8748--8763},
  year={2021},
  organization={PMLR}
}

@inproceedings{castello2021quantification,
  title={Quantification of the suitable rooftop area for solar panel installation from overhead imagery using Convolutional Neural Networks},
  author={Castello, Roberto and Walch, Alina and Attias, Rapha{\"e}l and Cadei, Riccardo and Jiang, Shasha and Scartezzini, Jean-Louis},
  booktitle={Journal of Physics: Conference Series},
  volume={2042},
  number={1},
  pages={012002},
  year={2021},
  organization={IOP Publishing}
}

@article{jumper2021highly,
  title={Highly accurate protein structure prediction with AlphaFold},
  author={Jumper, John and Evans, Richard and Pritzel, Alexander and Green, Tim and Figurnov, Michael and Ronneberger, Olaf and Tunyasuvunakool, Kathryn and Bates, Russ and {\v{Z}}{\'\i}dek, Augustin and Potapenko, Anna and others},
  journal={nature},
  volume={596},
  number={7873},
  pages={583--589},
  year={2021},
  publisher={Nature Publishing Group}
}

@article{tunyasuvunakool2021highly,
  title={Highly accurate protein structure prediction for the human proteome},
  author={Tunyasuvunakool, Kathryn and Adler, Jonas and Wu, Zachary and Green, Tim and Zielinski, Michal and {\v{Z}}{\'\i}dek, Augustin and Bridgland, Alex and Cowie, Andrew and Meyer, Clemens and Laydon, Agata and others},
  journal={Nature},
  volume={596},
  number={7873},
  pages={590--596},
  year={2021},
  publisher={Nature Publishing Group UK London}
}

@article{scholkopf2021toward,
  title={Toward causal representation learning},
  author={Sch{\"o}lkopf, Bernhard and Locatello, Francesco and Bauer, Stefan and Ke, Nan Rosemary and Kalchbrenner, Nal and Goyal, Anirudh and Bengio, Yoshua},
  journal={Proceedings of the IEEE},
  volume={109},
  number={5},
  pages={612--634},
  year={2021},
  publisher={IEEE}
}

@article{mullowney2023artificial,
  title={Artificial intelligence for natural product drug discovery},
  author={Mullowney, Michael W and Duncan, Katherine R and Elsayed, Somayah S and Garg, Neha and van der Hooft, Justin JJ and Martin, Nathaniel I and Meijer, David and Terlouw, Barbara R and Biermann, Friederike and Blin, Kai and others},
  journal={Nature Reviews Drug Discovery},
  volume={22},
  number={11},
  pages={895--916},
  year={2023},
  publisher={Nature Publishing Group UK London}
}

@article{elmarakeby2021biologically,
  title={Biologically informed deep neural network for prostate cancer discovery},
  author={Elmarakeby, Haitham A and Hwang, Justin and Arafeh, Rand and Crowdis, Jett and Gang, Sydney and Liu, David and AlDubayan, Saud H and Salari, Keyan and Kregel, Steven and Richter, Camden and others},
  journal={Nature},
  volume={598},
  number={7880},
  pages={348--352},
  year={2021},
  publisher={Nature Publishing Group UK London}
}

@article{ma2021conditional,
  title={Conditional contrastive learning for improving fairness in self-supervised learning},
  author={Ma, Martin Q and Tsai, Yao-Hung Hubert and Liang, Paul Pu and Zhao, Han and Zhang, Kun and Salakhutdinov, Ruslan and Morency, Louis-Philippe},
  journal={arXiv preprint arXiv:2106.02866},
  year={2021}
}

@article{moyer2018invariant,
  title={Invariant representations without adversarial training},
  author={Moyer, Daniel and Gao, Shuyang and Brekelmans, Rob and Galstyan, Aram and Ver Steeg, Greg},
  journal={Advances in neural information processing systems},
  volume={31},
  year={2018}
}

@article{kingma2014adam,
  title={Adam: A method for stochastic optimization},
  author={Kingma, Diederik P},
  journal={arXiv preprint arXiv:1412.6980},
  year={2014}
}

@inproceedings{chen2016xgboost,
  title={Xgboost: A scalable tree boosting system},
  author={Chen, Tianqi and Guestrin, Carlos},
  booktitle={Proceedings of the 22nd acm sigkdd international conference on knowledge discovery and data mining},
  pages={785--794},
  year={2016}
}

@article{pearl2000models,
  title={Models, reasoning and inference},
  author={Pearl, Judea and others},
  journal={Cambridge, UK: CambridgeUniversityPress},
  volume={19},
  number={2},
  pages={3},
  year={2000}
}

@book{rosenbaum2010design,
  title={Design of observational studies},
  author={Rosenbaum, Paul R and Rosenbaum, P and Briskman},
  volume={10},
  year={2010},
  publisher={Springer}
}

@inproceedings{deng2009imagenet,
  title={Imagenet: A large-scale hierarchical image database},
  author={Deng, Jia and Dong, Wei and Socher, Richard and Li, Li-Jia and Li, Kai and Fei-Fei, Li},
  booktitle={2009 IEEE conference on computer vision and pattern recognition},
  pages={248--255},
  year={2009},
  organization={Ieee}
}
@article{louizos2015variational,
  title={The variational fair autoencoder},
  author={Louizos, Christos and Swersky, Kevin and Li, Yujia and Welling, Max and Zemel, Richard},
  journal={arXiv preprint arXiv:1511.00830},
  year={2015}
}

@inproceedings{cheng2020club,
  title={Club: A contrastive log-ratio upper bound of mutual information},
  author={Cheng, Pengyu and Hao, Weituo and Dai, Shuyang and Liu, Jiachang and Gan, Zhe and Carin, Lawrence},
  booktitle={International conference on machine learning},
  pages={1779--1788},
  year={2020},
  organization={PMLR}
}

@inproceedings{song2019learning,
  title={Learning controllable fair representations},
  author={Song, Jiaming and Kalluri, Pratyusha and Grover, Aditya and Zhao, Shengjia and Ermon, Stefano},
  booktitle={The 22nd International Conference on Artificial Intelligence and Statistics},
  pages={2164--2173},
  year={2019},
  organization={PMLR}
}

@inproceedings{gupta2021controllable,
  title={Controllable guarantees for fair outcomes via contrastive information estimation},
  author={Gupta, Umang and Ferber, Aaron M and Dilkina, Bistra and Ver Steeg, Greg},
  booktitle={Proceedings of the AAAI Conference on Artificial Intelligence},
  volume={35},
  number={9},
  pages={7610--7619},
  year={2021}
}

@article{alemi2016deep,
  title={Deep variational information bottleneck},
  author={Alemi, Alexander A and Fischer, Ian and Dillon, Joshua V and Murphy, Kevin},
  journal={arXiv preprint arXiv:1612.00410},
  year={2016}
}

@inproceedings{li2022invariant,
  title={Invariant information bottleneck for domain generalization},
  author={Li, Bo and Shen, Yifei and Wang, Yezhen and Zhu, Wenzhen and Li, Dongsheng and Keutzer, Kurt and Zhao, Han},
  booktitle={Proceedings of the AAAI Conference on Artificial Intelligence},
  volume={36},
  number={7},
  pages={7399--7407},
  year={2022}
}