@inproceedings{agnolucci2024arniqa,
  title={{ARNIQA: Learning Distortion Manifold for Image Quality Assessment}},
  author={Agnolucci, Lorenzo and Galteri, Leonardo and Bertini, Marco and Del Bimbo, Alberto},
  booktitle={Proceedings of the IEEE/CVF Winter Conference on Applications of Computer Vision (WACV)},
  pages={189--198},
  year={2024}
}

@article{agnolucci2024quality,
  title={{Quality-Aware Image-Text Alignment for Real-World Image Quality Assessment}},
  author={Agnolucci, Lorenzo and Galteri, Leonardo and Bertini, Marco},
  journal={arXiv preprint arXiv:2403.11176},
  year={2024}
}

@book{boreman2001,
title={{Modulation Transfer Function in Optical and Electro-Optical Systems}},
author={Boreman, Glenn D.},
year={2001},
publisher={SPIE Press},
address={Bellingham, WA},
doi={10.1117/3.419857},
isbn={978-0-8194-4143-0}
}

@inproceedings{burns2015intrinsic,
  title={{Intrinsic Camera Resolution Measurement}},
  author={Burns, Peter D and Bauza, Judit Martinez},
  booktitle={Image Quality and System Performance XII},
  volume={9396},
  pages={55--67},
  year={2015},
  organization={SPIE}
}

@article{chen2024topiq,
  title={{TOPIQ: A Top-down Approach from Semantics to Distortions for Image Quality Assessment}},
  author={Chen, Chaofeng and Mo, Jiadi and Hou, Jingwen and Wu, Haoning and Liao, Liang and Sun, Wenxiu and Yan, Qiong and Lin, Weisi},
  journal={IEEE Transactions on Image Processing},
  year={2024},
  publisher={IEEE}
}

@misc{dxomark2012perceptual,
  author = {DxOMark},
  title = {{Perceptual MegaPixel}},
  howpublished = "\url{https://en.wikipedia.org/w/index.php?title=Perceptual_MegaPixel&oldid=878646818}",
  year = {2012}, 
  note = "[Online; accessed 2024/08/05]",
}

@inproceedings{fang2015evaluation,
  title={{Evaluation of Image Quality of Experience in Consideration of Viewing Distance}},
  author={Fang, Ruigang and Wu, Dapeng and Shen, Liquan},
  booktitle={IEEE China Summit and International Conference on Signal and Information Processing (ChinaSIP)},
  pages={653--657},
  year={2015},
  organization={IEEE}
}

@inproceedings{golestaneh2022no,
  title={{No-reference Image Quality Assessment via Transformers, Relative Ranking, and Self-consistency}},
  author={Golestaneh, S Alireza and Dadsetan, Saba and Kitani, Kris M},
  booktitle={Proceedings of the IEEE/CVF Winter Conference on Applications of Computer Vision},
  pages={1220--1230},
  year={2022}
}

@article{gu2015quality,
  title={{Quality Assessment Considering Viewing Distance and Image Resolution}},
  author={Gu, Ke and Liu, Min and Zhai, Guangtao and Yang, Xiaokang and Zhang, Wenjun},
  journal={IEEE Transactions on Broadcasting (ToB)},
  volume={61},
  number={3},
  pages={520--531},
  year={2015},
  publisher={IEEE}
}

@inproceedings{hammou2024effect,
  title = {{The Effect of Viewing Distance and Display Peak Luminance - HDR AV1 Video Streaming Quality Dataset}},
  author = {Hammou, Dounia and Krasula, Lukáš and Bampis, Christos and Li, Zhi and Mantiuk, Rafal},
  booktitle = {Proceedings of the International Conference on Quality of Multimedia Experience (QoMEX)},
  year = {2024}
}

@inproceedings{kansy2023self,
  title={{Self-Supervised Effective Resolution Estimation with Adversarial Augmentations}},
  author={Kansy, Manuel and Balletshofer, Julian and Naruniec, Jacek and Schroers, Christopher and Mignone, Graziana and Gross, Markus and Weber, Romann M},
  booktitle={Proceedings of the IEEE/CVF Winter Conference on Applications of Computer Vision (WACV)},
  pages={573--582},
  year={2023}
}

@inproceedings{ke2021musiq,
  title={{MUSIQ: Multi-scale Image Quality Transformer}},
  author={Ke, Junjie and Wang, Qifei and Wang, Yilin and Milanfar, Peyman and Yang, Feng},
  booktitle={Proceedings of the IEEE/CVF International Conference on Computer Vision (ICCV)},
  pages={5148--5157},
  year={2021}
}

@inproceedings{keller2023influence,
  title={{Influence of Viewing Distances on 8K HDR Video Quality Perception}},
  author={Keller, Dominik and von Hagen, Felix and Prenzel, Julius and Strama, Kay and Rao, Rakesh and Rao, Ramachandra and Raake, Alexander},
  booktitle={International Conference on Quality of Multimedia Experience (QoMEX)},
  pages={209--212},
  year={2023},
  organization={IEEE}
}

@inproceedings{kufa2019visual,
  title={{Visual Quality Assessment Considering Ultra HD, Full HD Resolution and Viewing Distance}},
  author={Kufa, Jan and Kratochvil, Tomas},
  booktitle={International Conference Radioelektronika (RADIOELEKTRONIKA)},
  pages={1--4},
  year={2019},
  organization={IEEE}
}

@inproceedings{liu2014cid,
  title={{CID: IQ - a New Image Quality Database}},
  author={Liu, Xinwei and Pedersen, Marius and Hardeberg, Jon Yngve},
  booktitle={International Conference on Image Signal Processing (ICISP)},
  pages={193--202},
  year={2014},
  organization={Springer}
}

@article{madhusudana2022image,
  title={{Image Quality Assessment Using Contrastive Learning}},
  author={Madhusudana, Pavan C and Birkbeck, Neil and Wang, Yilin and Adsumilli, Balu and Bovik, Alan C},
  journal={IEEE Transactions on Image Processing},
  volume={31},
  pages={4149--4161},
  year={2022},
  publisher={IEEE}
}

@inproceedings{radford2021learning,
  title = {{Learning Transferable Visual Models from Natural Language Supervision}},
  author = {Radford, Alec and Kim, Jong Wook and Hallacy, Chris and Ramesh, Aditya and Goh, Gabriel and Agarwal, Sandhini and Sastry, Girish and Askell, Amanda and Mishkin, Pamela and Clark, Jack and others},
  booktitle = {International Conference on Machine Learning},
  pages = {8748--8763},
  year = {2021},
  organization = {PMLR}
}

@inproceedings{saha2023re,
  title={{Re-IQA: Unsupervised Learning for Image Quality Assessment in the Wild}},
  author={Saha, Avinab and Mishra, Sandeep and Bovik, Alan C},
  booktitle={Proceedings of the IEEE/CVF Conference on Computer Vision and Pattern Recognition},
  pages={5846--5855},
  year={2023}
}

@inproceedings{shah2021real,
  title={{Real Versus Fake 4K-authentic Resolution Assessment}},
  author={Shah, Rishi Rajesh and Akundy, Vyas Anirudh and Wang, Zhou},
  booktitle={IEEE International Conference on Acoustics, Speech and Signal Processing (ICASSP)},
  pages={2185--2189},
  year={2021},
  organization={IEEE}
}

@inproceedings{su2020blindly,
  title={{Blindly Assess Image Quality in the Wild Guided by a Self-adaptive Hyper Network}},
  author={Su, Shaolin and Yan, Qingsen and Zhu, Yu and Zhang, Cheng and Ge, Xin and Sun, Jinqiu and Zhang, Yanning},
  booktitle={Proceedings of the IEEE/CVF Conference on Computer Vision and Pattern Recognition},
  pages={3667--3676},
  year={2020}
}

@inproceedings{wang2023exploring,
  title={{Exploring CLIP for Assessing the Look and Feel of Images}},
  author={Wang, Jianyi and Chan, Kelvin CK and Loy, Chen Change},
  booktitle={Proceedings of the AAAI Conference on Artificial Intelligence},
  volume={37},
  number={2},
  pages={2555--2563},
  year={2023}
}

@article{wiedemann2023konx,
  title={{KonX: Cross-Resolution Image Quality Assessment}},
  author={Wiedemann, Oliver and Hosu, Vlad and Su, Shaolin and Saupe, Dietmar},
  journal={Quality and User Experience},
  volume={8},
  number={1},
  pages={8},
  year={2023},
  publisher={Springer}
}

@inproceedings{zhang2023blind,
  title={{Blind Image Quality Assessment via Vision-Language Correspondence: A Multitask Learning Perspective}},
  author={Zhang, Weixia and Zhai, Guangtao and Wei, Ying and Yang, Xiaokang and Ma, Kede},
  booktitle={Proceedings of the IEEE/CVF Conference on Computer Vision and Pattern Recognition},
  pages={14071--14081},
  year={2023}
}

@inproceedings{zhao2023quality,
  title={{Quality-Aware Pre-Trained Models for Blind Image Quality Assessment}},
  author={Zhao, Kai and Yuan, Kun and Sun, Ming and Li, Mading and Wen, Xing},
  booktitle={Proceedings of the IEEE/CVF Conference on Computer Vision and Pattern Recognition},
  pages={22302--22313},
  year={2023}
}

@inproceedings{zhu2021perceptual,
  title={{Perceptual Quality Assessment for Recognizing True and Pseudo 4K Content}}, 
  author={Zhu, Wenhan and Zhai, Guangtao and Min, Xiongkuo and Yang, Xiaokang and Zhang, Xiao-Ping},
  booktitle={IEEE International Conference on Acoustics, Speech and Signal Processing (ICASSP)},
  pages={2190--2194},
  year={2021},
  organization={IEEE}
}

