@String(PAMI = {IEEE Trans. Pattern Anal. Mach. Intell.})
@String(IJCV = {Int. J. Comput. Vis.})
@String(CVPR= {IEEE Conf. Comput. Vis. Pattern Recog.})
@String(ICCV= {Int. Conf. Comput. Vis.})
@String(ECCV= {Eur. Conf. Comput. Vis.})
@String(NIPS= {Adv. Neural Inform. Process. Syst.})
@String(ICPR = {Int. Conf. Pattern Recog.})
@String(BMVC= {Brit. Mach. Vis. Conf.})
@String(TOG= {ACM Trans. Graph.})
@String(TIP  = {IEEE Trans. Image Process.})
@String(TVCG  = {IEEE Trans. Vis. Comput. Graph.})
@String(TMM  = {IEEE Trans. Multimedia})
@String(ACMMM= {ACM Int. Conf. Multimedia})
@String(ICME = {Int. Conf. Multimedia and Expo})
@String(ICASSP=	{ICASSP})
@String(ICIP = {IEEE Int. Conf. Image Process.})
@String(ACCV  = {ACCV})
@String(ICLR = {Int. Conf. Learn. Represent.})
@String(IJCAI = {IJCAI})
@String(PR   = {Pattern Recognition})
@String(AAAI = {AAAI})
@String(CVPRW= {IEEE Conf. Comput. Vis. Pattern Recog. Worksh.})
@String(CSVT = {IEEE Trans. Circuit Syst. Video Technol.})

@String(SPL	= {IEEE Sign. Process. Letters})
@String(VR   = {Vis. Res.})
@String(JOV	 = {J. Vis.})
@String(TVC  = {The Vis. Comput.})
@String(JCST  = {J. Comput. Sci. Tech.})
@String(CGF  = {Comput. Graph. Forum})
@String(CVM = {Computational Visual Media})


@String(PAMI  = {IEEE TPAMI})
@String(IJCV  = {IJCV})
@String(CVPR  = {CVPR})
@String(ICCV  = {ICCV})
@String(ECCV  = {ECCV})
@String(NIPS  = {NeurIPS})
@String(ICPR  = {ICPR})
@String(BMVC  =	{BMVC})
@String(TOG   = {ACM TOG})
@String(TIP   = {IEEE TIP})
@String(TVCG  = {IEEE TVCG})
@String(TCSVT = {IEEE TCSVT})
@String(TMM   =	{IEEE TMM})
@String(ACMMM = {ACM MM})
@String(ICME  =	{ICME})
@String(ICASSP=	{ICASSP})
@String(ICIP  = {ICIP})
@String(ACCV  = {ACCV})
@String(ICLR  = {ICLR})
@String(IJCAI = {IJCAI})
@String(PR = {PR})
@String(AAAI = {AAAI})
@String(CVPRW= {CVPRW})
@String(CSVT = {IEEE TCSVT})



@inproceedings{agnolucci2024arniqa,
  title={{ARNIQA: Learning Distortion Manifold for Image Quality Assessment}},
  author={Agnolucci, Lorenzo and Galteri, Leonardo and Bertini, Marco and Del Bimbo, Alberto},
  booktitle={Proceedings of the IEEE/CVF Winter Conference on Applications of Computer Vision (WACV)},
  pages={189--198},
  year={2024}
}

@article{li2022blindly,
  title={{Blindly Assess Quality of In-the-wild Videos via Quality-aware Pre-training and Motion perception}},
  author={Li, Bowen and Zhang, Weixia and Tian, Meng and Zhai, Guangtao and Wang, Xianpei},
  journal={IEEE Transactions on Circuits and Systems for Video Technology},
  volume={32},
  number={9},
  pages={5944--5958},
  year={2022},
  publisher={IEEE}
}

@inproceedings{wu2022fast,
  title={{Fast-VQA: Efficient End-to-end Video Quality Assessment with Fragment Sampling}},
  author={Wu, Haoning and Chen, Chaofeng and Hou, Jingwen and Liao, Liang and Wang, Annan and Sun, Wenxiu and Yan, Qiong and Lin, Weisi},
  booktitle={European Conference on Computer Vision (ECCV)},
  pages={538--554},
  year={2022},
  organization={Springer}
}

@inproceedings{su2020blindly,
  title={{Blindly Assess Image Quality in the Wild Guided by a Self-adaptive Hyper Network}},
  author={Su, Shaolin and Yan, Qingsen and Zhu, Yu and Zhang, Cheng and Ge, Xin and Sun, Jinqiu and Zhang, Yanning},
  booktitle={Proceedings of the IEEE/CVF Conference on Computer Vision and Pattern Recognition},
  pages={3667--3676},
  year={2020}
}

@article{madhusudana2022image,
  title={{Image Quality Assessment Using Contrastive Learning}},
  author={Madhusudana, Pavan C and Birkbeck, Neil and Wang, Yilin and Adsumilli, Balu and Bovik, Alan C},
  journal={IEEE Transactions on Image Processing},
  volume={31},
  pages={4149--4161},
  year={2022},
  publisher={IEEE}
}

@article{zhang2018blind,
  title={{Blind Image Quality Assessment Using a Deep Bilinear Convolutional Neural Network}},
  author={Zhang, Weixia and Ma, Kede and Yan, Jia and Deng, Dexiang and Wang, Zhou},
  journal={IEEE Transactions on Circuits and Systems for Video Technology},
  volume={30},
  number={1},
  pages={36--47},
  year={2018},
  publisher={IEEE}
}

@article{chen2024topiq,
  title={{TOPIQ: A Top-down Approach from Semantics to Distortions for Image Quality Assessment}},
  author={Chen, Chaofeng and Mo, Jiadi and Hou, Jingwen and Wu, Haoning and Liao, Liang and Sun, Wenxiu and Yan, Qiong and Lin, Weisi},
  journal={IEEE Transactions on Image Processing},
  year={2024},
  publisher={IEEE}
}

@article{agnolucci2024quality,
  title={{Quality-Aware Image-Text Alignment for Real-World Image Quality Assessment}},
  author={Agnolucci, Lorenzo and Galteri, Leonardo and Bertini, Marco},
  journal={arXiv preprint arXiv:2403.11176},
  year={2024}
}

@inproceedings{wang2023exploring,
  title={{Exploring CLIP for Assessing the Look and Feel of Images}},
  author={Wang, Jianyi and Chan, Kelvin CK and Loy, Chen Change},
  booktitle={Proceedings of the AAAI Conference on Artificial Intelligence},
  volume={37},
  number={2},
  pages={2555--2563},
  year={2023}
}

@article{antkowiak2000final,
  title={{Final Report from the Video Quality Experts Group on the Validation of Objective Models of Video Quality Assessment}},
  author={Video Quality Experts Group},
  volume={10},
  year={2000}
}

@inproceedings{fang2020perceptual,
  title={{Perceptual Quality Assessment of Smartphone Photography}},
  author={Fang, Yuming and Zhu, Hanwei and Zeng, Yan and Ma, Kede and Wang, Zhou},
  booktitle={Proceedings of the IEEE/CVF Conference on Computer Vision and Pattern Recognition (CVPR)},
  pages={3677--3686},
  year={2020}
}

@article{hosu2024uhd,
  title={{UHD-IQA Benchmark Database: Pushing the Boundaries of Blind Photo Quality Assessment}},
  author={Hosu, Vlad and Agnolucci, Lorenzo and Wiedemann, Oliver and Iso, Daisuke},
  journal={arXiv preprint arXiv:2406.17472},
  year={2024}
}

@article{wiedemann2023konx,
  title={{KonX: Cross-Resolution Image Quality Assessment}},
  author={Wiedemann, Oliver and Hosu, Vlad and Su, Shaolin and Saupe, Dietmar},
  journal={Quality and User Experience},
  volume={8},
  number={1},
  pages={8},
  year={2023},
  publisher={Springer}
}

@article{hosu2020koniq,
  title={{KonIQ-10k: an Ecologically Valid Database for Deep Learning of Blind Image Quality Assessment}},
  author={Hosu, Vlad and Lin, Hanhe and Sziranyi, Tamas and Saupe, Dietmar},
  journal={IEEE Transactions on Image Processing},
  volume={29},
  pages={4041--4056},
  year={2020},
  publisher={IEEE}
}

@misc{dxomark2012perceptual,
  author = {DxOMark},
  title = {{Perceptual MegaPixel}},
  howpublished = "\url{https://en.wikipedia.org/w/index.php?title=Perceptual_MegaPixel&oldid=878646818}",
  year = {2012}, 
  note = "[Online; accessed 2024/08/05]",
}

@inproceedings{kansy2023self,
  title={{Self-Supervised Effective Resolution Estimation with Adversarial Augmentations}},
  author={Kansy, Manuel and Balletshofer, Julian and Naruniec, Jacek and Schroers, Christopher and Mignone, Graziana and Gross, Markus and Weber, Romann M},
  booktitle={Proceedings of the IEEE/CVF Winter Conference on Applications of Computer Vision (WACV)},
  pages={573--582},
  year={2023}
}

@inproceedings{zhu2021perceptual,
  title={{Perceptual Quality Assessment for Recognizing True and Pseudo 4K Content}}, 
  author={Zhu, Wenhan and Zhai, Guangtao and Min, Xiongkuo and Yang, Xiaokang and Zhang, Xiao-Ping},
  booktitle={IEEE International Conference on Acoustics, Speech and Signal Processing (ICASSP)},
  pages={2190--2194},
  year={2021},
  organization={IEEE}
}

@inproceedings{shah2021real,
  title={{Real Versus Fake 4K-authentic Resolution Assessment}},
  author={Shah, Rishi Rajesh and Akundy, Vyas Anirudh and Wang, Zhou},
  booktitle={IEEE International Conference on Acoustics, Speech and Signal Processing (ICASSP)},
  pages={2185--2189},
  year={2021},
  organization={IEEE}
}

@article{lin2022large,
  title={{Large-scale Crowdsourced Subjective Assessment of Picturewise Just Noticeable Difference}},
  author={Lin, Hanhe and Chen, Guangan and Jenadeleh, Mohsen and Hosu, Vlad and Reips, Ulf-Dietrich and Hamzaoui, Raouf and Saupe, Dietmar},
  journal={IEEE Transactions on Circuits and Systems for Video Technology},
  volume={32},
  number={9},
  pages={5859--5873},
  year={2022},
  publisher={IEEE}
}

@inproceedings{huang2024high,
  title={{High Resolution Image Quality Database}},
  author={Huang, Huang and Wan, Qiang and Korhonen, Jari},
  booktitle={IEEE International Conference on Acoustics, Speech and Signal Processing (ICASSP)},
  pages={3105--3109},
  year={2024},
  organization={IEEE}
}

@inproceedings{chen2023human,
  title={{Human Guided Ground-truth Generation for Realistic Image Super-resolution}},
  author={Chen, Du and Liang, Jie and Zhang, Xindong and Liu, Ming and Zeng, Hui and Zhang, Lei},
  booktitle={Proceedings of the IEEE/CVF Conference on Computer Vision and Pattern Recognition},
  pages={14082--14091},
  year={2023}
}

@inproceedings{liu2018endtoend,
  title={{End-to-End Blind Quality Assessment of Compressed Videos Using Deep Neural Networks}},
  author={Liu, Wentao and Duanmu, Zhengfang and Wang, Zhou},
  booktitle={Proceedings of the ACM International Conference on Multimedia},
  pages={546--554},
  year={2018}
}

@inproceedings{ke2021musiq,
  title={{MUSIQ: Multi-scale Image Quality Transformer}},
  author={Ke, Junjie and Wang, Qifei and Wang, Yilin and Milanfar, Peyman and Yang, Feng},
  booktitle={Proceedings of the IEEE/CVF International Conference on Computer Vision (ICCV)},
  pages={5148--5157},
  year={2021}
}

@inproceedings{hammou2024effect,
  title = {{The Effect of Viewing Distance and Display Peak Luminance - HDR AV1 Video Streaming Quality Dataset}},
  author = {Hammou, Dounia and Krasula, Lukáš and Bampis, Christos and Li, Zhi and Mantiuk, Rafal},
  booktitle = {Proceedings of the International Conference on Quality of Multimedia Experience (QoMEX)},
  year = {2024}
}

@inproceedings{he2016deep,
  title={{Deep Residual Learning for Image Recognition}},
  author={He, Kaiming and Zhang, Xiangyu and Ren, Shaoqing and Sun, Jian},
  booktitle={Proceedings of the IEEE Conference on Computer Vision and Pattern Recognition (CVPR)},
  pages={770--778},
  year={2016}
}

@article{russakovsky2015imagenet,
  title={{ImageNet Large Scale Visual Recognition Challenge}},
  author={Russakovsky, Olga and Deng, Jia and Su, Hao and Krause, Jonathan and Satheesh, Sanjeev and Ma, Sean and Huang, Zhiheng and Karpathy, Andrej and Khosla, Aditya and Bernstein, Michael and others},
  journal={International Journal of Computer Vision},
  volume={115},
  pages={211--252},
  year={2015},
  publisher={Springer}
}

@inproceedings{loshchilov2018decoupled,
  title={{Decoupled Weight Decay Regularization}},
  author={Loshchilov, Ilya and Hutter, Frank},
  booktitle={International Conference on Learning Representations},
  year={2018}
}

@inproceedings{burns2015intrinsic,
  title={{Intrinsic Camera Resolution Measurement}},
  author={Burns, Peter D and Bauza, Judit Martinez},
  booktitle={Image Quality and System Performance XII},
  volume={9396},
  pages={55--67},
  year={2015},
  organization={SPIE}
}

@book{boreman2001,
title={{Modulation Transfer Function in Optical and Electro-Optical Systems}},
author={Boreman, Glenn D.},
year={2001},
publisher={SPIE Press},
address={Bellingham, WA},
doi={10.1117/3.419857},
isbn={978-0-8194-4143-0}
}

@inproceedings{golestaneh2022no,
  title={{No-reference Image Quality Assessment via Transformers, Relative Ranking, and Self-consistency}},
  author={Golestaneh, S Alireza and Dadsetan, Saba and Kitani, Kris M},
  booktitle={Proceedings of the IEEE/CVF Winter Conference on Applications of Computer Vision},
  pages={1220--1230},
  year={2022}
}

@inproceedings{radford2021learning,
  title = {{Learning Transferable Visual Models from Natural Language Supervision}},
  author = {Radford, Alec and Kim, Jong Wook and Hallacy, Chris and Ramesh, Aditya and Goh, Gabriel and Agarwal, Sandhini and Sastry, Girish and Askell, Amanda and Mishkin, Pamela and Clark, Jack and others},
  booktitle = {International Conference on Machine Learning},
  pages = {8748--8763},
  year = {2021},
  organization = {PMLR}
}

@inproceedings{tan2019efficientnet,
  title={{EfficientNet: Rethinking Model Scaling for Convolutional Neural Networks}},
  author={Tan, Mingxing and Le, Quoc},
  booktitle={International Conference on Machine Learning},
  pages={6105--6114},
  year={2019},
  organization={PMLR}
}

@inproceedings{hosu2019effective,
  title={{Effective Aesthetics Prediction with Multi-Level Spatially Pooled Features}},
  author={Hosu, Vlad and Goldlucke, Bastian and Saupe, Dietmar},
  booktitle={Proceedings of the IEEE/CVF Conference on Computer Vision and Pattern Recognition},
  pages={9375--9383},
  year={2019}
}

@inproceedings{li2020norm,
  title = {{Norm-in-Norm Loss with Faster Convergence and Better Performance for Image Quality Assessment}},
  author = {Li, Dingquan and Jiang, Tingting and Jiang, Ming},
  booktitle = {Proceedings of the ACM International Conference on Multimedia},
  pages = {789--797},
  year = {2020}
}

@misc{RecommendationITUT913,
  title = {{Recommendation ITUT P.913 (06/2021) Methods for the Subjective Assessment of Video Quality, Audio Quality and Audiovisual Quality of Internet Video and Distribution Quality Television in Any Environment}},
  pages = {52},
  langid = {english},
  author = {ITUT},
  year   = 2021
}

@article{thomee2016yfcc100m,
  title={{YFCC100M: The New Data in Multimedia Research}},
  author={Thomee, Bart and Shamma, David A and Friedland, Gerald and Elizalde, Benjamin and Ni, Karl and Poland, Douglas and Borth, Damian and Li, Li-Jia},
  journal={Communications of the ACM},
  volume={59},
  number={2},
  pages={64--73},
  year={2016},
  publisher={ACM New York, NY, USA}
}

@article{saad2016image,
  title={{Image Quality of Experience: a Subjective Test Targeting the Consumer’s Experience}},
  author={Saad, Michele A and Pinson, Margaret H and Nicholas, David G and Van Kets, Niels and Van Wallendael, Glenn and Jaladi, Ramesh V and Corriveau, Philip J},
  journal={Electronic Imaging},
  volume={28},
  pages={1--6},
  year={2016},
  publisher={Society for Imaging Science and Technology}
}

@article{jin2016statistical,
  title={{Statistical Study on Perceived JPEG Image Quality via MCL-JCI Dataset Construction and Analysis}},
  author={Jin, Lina and Lin, Joe Yuchieh and Hu, Sudeng and Wang, Haiqiang and Wang, Ping and Katsavounidis, Ioannis and Aaron, Anne and Kuo, C-C Jay},
  journal={Electronic Imaging},
  volume={2016},
  number={13},
  pages={1--9},
  year={2016},
  publisher={Citeseer}
}

@inproceedings{shen2020jnd,
  title={{A JND dataset based on VVC compressed images}},
  author={Shen, Xuelin and Ni, Zhangkai and Yang, Wenhan and Zhang, Xinfeng and Wang, Shiqi and Kwong, Sam},
  booktitle={2020 IEEE International Conference on Multimedia \& Expo Workshops (ICMEW)},
  pages={1--6},
  year={2020},
  organization={IEEE}
}

@article{hosu2024aim,
  title={{AIM 2024 Challenge on UHD Blind Photo Quality Assessment}},
  author={Hosu, Vlad and Conde, Marcos V and Agnolucci, Lorenzo and Barman, Nabajeet and Zadtootaghaj, Saman and Timofte, Radu},
  journal={arXiv preprint arXiv:2409.16271},
  year={2024}
}

@inproceedings{fang2015evaluation,
  title={{Evaluation of Image Quality of Experience in Consideration of Viewing Distance}},
  author={Fang, Ruigang and Wu, Dapeng and Shen, Liquan},
  booktitle={IEEE China Summit and International Conference on Signal and Information Processing (ChinaSIP)},
  pages={653--657},
  year={2015},
  organization={IEEE}
}

@inproceedings{liu2014cid,
  title={{CID: IQ - a New Image Quality Database}},
  author={Liu, Xinwei and Pedersen, Marius and Hardeberg, Jon Yngve},
  booktitle={International Conference on Image Signal Processing (ICISP)},
  pages={193--202},
  year={2014},
  organization={Springer}
}

@article{gu2015quality,
  title={{Quality Assessment Considering Viewing Distance and Image Resolution}},
  author={Gu, Ke and Liu, Min and Zhai, Guangtao and Yang, Xiaokang and Zhang, Wenjun},
  journal={IEEE Transactions on Broadcasting (ToB)},
  volume={61},
  number={3},
  pages={520--531},
  year={2015},
  publisher={IEEE}
}

@inproceedings{kufa2019visual,
  title={{Visual Quality Assessment Considering Ultra HD, Full HD Resolution and Viewing Distance}},
  author={Kufa, Jan and Kratochvil, Tomas},
  booktitle={International Conference Radioelektronika (RADIOELEKTRONIKA)},
  pages={1--4},
  year={2019},
  organization={IEEE}
}

@inproceedings{keller2023influence,
  title={{Influence of Viewing Distances on 8K HDR Video Quality Perception}},
  author={Keller, Dominik and von Hagen, Felix and Prenzel, Julius and Strama, Kay and Rao, Rakesh and Rao, Ramachandra and Raake, Alexander},
  booktitle={International Conference on Quality of Multimedia Experience (QoMEX)},
  pages={209--212},
  year={2023},
  organization={IEEE}
}

@inproceedings{gu2019div8k,
  title={{DIV8K: DIVerse 8K Resolution Image Dataset}},
  author={Gu, Shuhang and Lugmayr, Andreas and Danelljan, Martin and Fritsche, Manuel and Lamour, Julien and Timofte, Radu},
  booktitle={IEEE/CVF International Conference on Computer Vision Workshop (ICCVW)},
  pages={3512--3516},
  year={2019},
  organization={IEEE}
}

@inproceedings{li2023lsdir,
  title={{LSDIR: A Large Scale Dataset for Image Restoration}},
  author={Li, Yawei and Zhang, Kai and Liang, Jingyun and Cao, Jiezhang and Liu, Ce and Gong, Rui and Zhang, Yulun and Tang, Hao and Liu, Yun and Demandolx, Denis and others},
  booktitle={IEEE/CVF Conference on Computer Vision and Pattern Recognition},
  pages={1775--1787},
  year={2023}
}

@inproceedings{zhao2023quality,
  title={{Quality-Aware Pre-Trained Models for Blind Image Quality Assessment}},
  author={Zhao, Kai and Yuan, Kun and Sun, Ming and Li, Mading and Wen, Xing},
  booktitle={Proceedings of the IEEE/CVF Conference on Computer Vision and Pattern Recognition},
  pages={22302--22313},
  year={2023}
}

@inproceedings{zhang2023blind,
  title={{Blind Image Quality Assessment via Vision-Language Correspondence: A Multitask Learning Perspective}},
  author={Zhang, Weixia and Zhai, Guangtao and Wei, Ying and Yang, Xiaokang and Ma, Kede},
  booktitle={Proceedings of the IEEE/CVF Conference on Computer Vision and Pattern Recognition},
  pages={14071--14081},
  year={2023}
}

@inproceedings{saha2023re,
  title={{Re-IQA: Unsupervised Learning for Image Quality Assessment in the Wild}},
  author={Saha, Avinab and Mishra, Sandeep and Bovik, Alan C},
  booktitle={Proceedings of the IEEE/CVF Conference on Computer Vision and Pattern Recognition},
  pages={5846--5855},
  year={2023}
}

@inproceedings{testolina2023jpeg,
  title={{JPEG AIC-3 Dataset: Towards Defining the High Quality to Nearly Visually Lossless Quality Range}},
  author={Testolina, Michela and Hosu, Vlad and Jenadeleh, Mohsen and Lazzarotto, Davi and Saupe, Dietmar and Ebrahimi, Touradj},
  booktitle={International Conference on Quality of Multimedia Experience (QoMEX)},
  pages={55--60},
  year={2023},
  organization={IEEE}
}

@book{devellis2021scale,
  title={{Scale Development: Theory and Applications}},
  author={DeVellis, Robert F and Thorpe, Carolyn T},
  year={2021},
  publisher={Sage Publications}
}