@InProceedings{Avrahami_2022_CVPR,
    author    = {Avrahami, Omri and Lischinski, Dani and Fried, Ohad},
    title     = {Blended Diffusion for Text-Driven Editing of Natural Images},
    booktitle = CVPR,
    year      = {2022}
}

@article{Liu2021HumanBodySR,
  author    = {Yunan Liu and Shanshan Zhang and Jie Xu and Jian Yang and Yu-Wing Tai},
  title     = {An Accurate and Lightweight Method for Human Body Image Super-Resolution},
  journal   = TIP,
  year      = {2021},
}

@inproceedings{Rombach2022LDM,
  author       = {Robin Rombach and
                  Andreas Blattmann and
                  Dominik Lorenz and
                  Patrick Esser and
                  Bj{\"{o}}rn Ommer},
  title        = {High-Resolution Image Synthesis with Latent Diffusion Models},
  booktitle    = CVPR,
  year         = {2022},
}

@article{Wang2024PRCN,
  author    = {Simiao Wang and Yu Sang and Yunan Liu and Chunpeng Wang and Mingyu Lu and Jinguang Sun},
  title     = {Prior based Pyramid Residual Clique Network for human body image super-resolution},
  journal   = PR,
  year      = {2024},
}

@article{Zhang2024DiffBody,
  title={DiffBody: Human Body Restoration by Imagining with Generative Diffusion Prior}, 
  author={Yiming Zhang and Zhe Wang and Xinjie Li and Yunchen Yuan and Chengsong Zhang and Xiao Sun and Zhihang Zhong and Jian Wang},
  year={2024},
  journal={arXiv preprint arXiv:2404.03642}
}

@article{chen2023image,
  title={Image Super-Resolution with Text Prompt Diffusion},
  author={Chen, Zheng and Zhang, Yulun and Gu, Jinjin and Yuan, Xin and Kong, Linghe and Chen, Guihai and Yang, Xiaokang},
  journal={arXiv preprint arXiv:2303.06373},
  year={2023}
}

@inproceedings{chen2024pixartalpha,
title={PixArt-\${\textbackslash}alpha\$: Fast Training of Diffusion Transformer for Photorealistic Text-to-Image Synthesis},
author={Junsong Chen and Jincheng YU and Chongjian GE and Lewei Yao and Enze Xie and Zhongdao Wang and James Kwok and Ping Luo and Huchuan Lu and Zhenguo Li},
booktitle=ICLR,
year={2024}
}

@inproceedings{lin2024diffbir,
  title={{DiffBIR}: Towards Blind Image Restoration with Generative Diffusion Prior}, 
  author={Xinqi Lin and Jingwen He and Ziyan Chen and Zhaoyang Lyu and Bo Dai and Fanghua Yu and Wanli Ouyang and Yu Qiao and Chao Dong},
  year={2024},
  booktitle=ECCV
}

@InProceedings{pmlr-v139-ramesh21a,
  title = 	 {Zero-Shot Text-to-Image Generation},
  author =       {Ramesh, Aditya and Pavlov, Mikhail and Goh, Gabriel and Gray, Scott and Voss, Chelsea and Radford, Alec and Chen, Mark and Sutskever, Ilya},
  booktitle = ICML,
  year = 	 {2021}
}

@article{saharia2021image,
title={Image super-resolution via iterative refinement},
author={Saharia, Chitwan and Ho, Jonathan and Chan, William and Salimans, Tim and Fleet, David J and Norouzi, Mohammad},
year = {2023},
journal=PAMI
}

@article{wang2024exploiting,
  author = {Wang, Jianyi and Yue, Zongsheng and Zhou, Shangchen and Chan, Kelvin C.K. and Loy, Chen Change},
  title = {Exploiting Diffusion Prior for Real-World Image Super-Resolution},
  journal = IJCV,
  year = {2024}
}

@article{wang2024osdface,
    title={One-Step Diffusion Model for Face Restoration},
    author={Wang, Jingkai and Gong, Jue and Zhang, Lin and Chen, Zheng and Liu, Xing and Gu, Hong and Liu, Yutong and Zhang, Yulun and Yang, Xiaokang},
    journal={arXiv preprint arXiv:2411.17163},
    year={2024}
}

@inproceedings{wang2024sinsr,
  title={SinSR: diffusion-based image super-resolution in a single step},
  author={Wang, Yufei and Yang, Wenhan and Chen, Xinyuan and Wang, Yaohui and Guo, Lanqing and Chau, Lap-Pui and Liu, Ziwei and Qiao, Yu and Kot, Alex C and Wen, Bihan},
  booktitle=CVPR,
  year={2024}
}

@InProceedings{whang2021deblurringstochasticrefinement,
    title={Deblurring via Stochastic Refinement}, 
    author={Jay Whang and Mauricio Delbracio and Hossein Talebi and Chitwan Saharia and Alexandros G. Dimakis and Peyman Milanfar},
    booktitle = CVPR,
    year      = {2022},
}

@inproceedings{wu2024osediff,
title={One-Step Effective Diffusion Network for Real-World  Image Super-Resolution},
author={Rongyuan Wu and Lingchen Sun and Zhiyuan Ma and Lei Zhang},
booktitle=NIPS,
year={2024},
}

@inproceedings{wu2024seesr,
  title={Seesr: Towards semantics-aware real-world image super-resolution},
  author={Wu, Rongyuan and Yang, Tao and Sun, Lingchen and Zhang, Zhengqiang and Li, Shuai and Zhang, Lei},
  booktitle=CVPR,
  year={2024}
}

@article{xia2023diffir,
  title={Diffir: Efficient diffusion model for image restoration},
  author={Xia, Bin and Zhang, Yulun and Wang, Shiyin and Wang, Yitong and Wu, Xinglong and Tian, Yapeng and Yang, Wenming and Van Gool, Luc},
  journal={ICCV},
  year={2023}
}

@inproceedings{yang2023pasd,
    title={Pixel-Aware Stable Diffusion for Realistic Image Super-Resolution and Personalized Stylization},
    author={Tao Yang and Rongyuan Wu and Peiran Ren and Xuansong Xie and Lei Zhang},
    booktitle=ECCV,
    year={2023}
}

