@String(PAMI  = {IEEE TPAMI})
@String(IJCV  = {IJCV})
@String(CVPR  = {CVPR})
@String(ICCV  = {ICCV})
@String(ECCV  = {ECCV})
@String(WACV  = {WACV})
@String(NIPS  = {NeurIPS})
@String(ICML  = {ICML})
@String(ICLR  = {ICLR})
@String(ICPR  = {ICPR})
@String(BMVC  =	{BMVC})
@String(TOG   = {ACM TOG})
@String(TIP   = {IEEE TIP})
@String(TVCG  = {IEEE TVCG})
@String(TCSVT = {IEEE TCSVT})
@String(TMM   =	{IEEE TMM})
@String(ACMMM = {ACM MM})
@String(ICME  =	{ICME})
@String(ICASSP=	{ICASSP})
@String(ICIP  = {ICIP})
@String(ACCV  = {ACCV})
@String(IJCAI = {IJCAI})
@String(PR = {PR})
@String(AAAI = {AAAI})
@String(CVPRW= {CVPRW})
@String(ICCVW= {ICCVW})

dataset
@article{Everingham2010voc,
  title={The Pascal Visual Object Classes (VOC) Challenge},
  author={Everingham, Mark and Van Gool, Luc and Williams, Christopher K. I. and Winn, John and Zisserman, Andrew},
  journal=IJCV,
  year={2010}
}


@inproceedings{liuL2016DeepFashion,
 author = {Liu, Ziwei and Luo, Ping and Qiu, Shi and Wang, Xiaogang and Tang, Xiaoou},
 title = {DeepFashion: Powering Robust Clothes Recognition and Retrieval with Rich Annotations},
 booktitle = CVPR,
 month = {June},
 year = {2016}
 } 

@inproceedings{dufour2022idesigner,
  author    = {Dufour, N. and Picard, D. and Kalogeiton, V.},
  title     = {Scam! Transferring Humans between Images with Semantic Cross Attention Modulation},
  booktitle = ECCV,
  year      = {2022},
}

@inproceedings{fu2022shhq,
author = {Fu, Jianglin and Li, Shikai and Jiang, Yuming and Lin, Kwan-Yee and Qian, Chen and Loy, Chen Change and Wu, Wayne and Liu, Ziwei},
title = {StyleGAN-Human: A Data-Centric Odyssey of Human Generation},
year = {2022},
booktitle = ECCV,
}

@inproceedings{karras2019ffhq,
  title={A style-based generator architecture for generative adversarial networks},
  author={Karras, Tero and Laine, Samuli and Aila, Timo},
  booktitle=CVPR,
  year={2019}
}

@inproceedings{li2024cosmicman,
      title = {CosmicMan: A Text-to-Image Foundation Model for Humans},
      author = {Li, Shikai and Fu, Jianglin and Liu, Kaiyuan and Wang, Wentao and Lin, Kwan-Yee and Wu, Wayne},
      booktitle = CVPR,
      year = {2024}
}

@INPROCEEDINGS{Li2023LSDIR,
  author={Li, Yawei and Zhang, Kai and Liang, Jingyun and Cao, Jiezhang and Liu, Ce and Gong, Rui and Zhang, Yulun and Tang, Hao and Liu, Yun and Demandolx, Denis and Ranjan, Rakesh and Timofte, Radu and Van Gool, Luc},
  booktitle=CVPRW, 
  title={LSDIR: A Large Scale Dataset for Image Restoration}, 
  year={2023},
}

@misc{Ivan2017OpenImages2,
  title={OpenImages: A public dataset for large-scale multi-label and multi-class image classification.},
  author={Krasin, Ivan and Duerig, Tom and Alldrin, Neil and Ferrari, Vittorio and Abu-El-Haija, Sami and Kuznetsova, Alina and Rom, Hassan and Uijlings, Jasper and Popov, Stefan and Kamali, Shahab and Malloci, Matteo and Pont-Tuset, Jordi and Veit, Andreas and Belongie, Serge and Gomes, Victor and Gupta, Abhinav and Sun, Chen and Chechik, Gal and Cai, David and Feng, Zheyun and Narayanan, Dhyanesh and Murphy, Kevin},
  year={2017},
  howpublished = {[Online]. Available: \url{https://storage.googleapis.com/openimages/web/index.html}}
}


@article{Kuznetsova2020OpenImages,
  author = {Alina Kuznetsova and Hassan Rom and Neil Alldrin and Jasper Uijlings and Ivan Krasin and Jordi Pont-Tuset and Shahab Kamali and Stefan Popov and Matteo Malloci and Alexander Kolesnikov and Tom Duerig and Vittorio Ferrari},
  title = {The Open Images Dataset V4: Unified image classification, object detection, and visual relationship detection at scale},
  year = {2020},
  journal = IJCV
}

@inproceedings{agustsson2017div2k,
  author    = {Eirikur Agustsson and Radu Timofte},
  title     = {Ntire 2017 Challenge on Single Image Super-Resolution: Dataset and Study},
  booktitle = CVPRW,
  year      = {2017}
}

@INPROCEEDINGS{shao2019object365,
  author={Shao, Shuai and Li, Zeming and Zhang, Tianyuan and Peng, Chao and Yu, Gang and Zhang, Xiangyu and Li, Jing and Sun, Jian},
  booktitle=ICCV, 
  title={Objects365: A Large-Scale, High-Quality Dataset for Object Detection}, 
  year={2019},
}

@article{shao2018crowdhuman,
title={CrowdHuman: A Benchmark for Detecting Human in a Crowd},
author={Shao, Shuai and Zhao, Zijian and Li, Boxun and Xiao, Tete and Yu, Gang and Zhang, Xiangyu and Sun, Jian},
journal={arXiv preprint arXiv:1805.00123},
year={2018}
}

@inproceedings{lin2014coco,
  title={Microsoft COCO: Common Objects in Context},
  author={Lin, Tsung-Yi and Maire, Michael and Belongie, Serge and Hays, James and Perona, Pietro and Ramanan, Deva and Doll{\'a}r, Piotr and Zitnick, C Lawrence},
  booktitle=ECCV,
  year={2014}
}

detection model
@misc{yolo11_ultralytics,
  author = {Glenn Jocher and Jing Qiu},
  title = {Ultralytics {YOLO11}},
  version = {11.0.0},
  year = {2024},
  howpublished = {[Online]. Available: \url{https://github.com/ultralytics/ultralytics}},
  orcid = {0000-0001-5950-6979, 0000-0002-7603-6750, 0000-0003-3783-7069},
  license = {AGPL-3.0}
}

metrics:
@inproceedings{zhang2018lpips,
  title     = {The Unreasonable Effectiveness of Deep Features as a Perceptual Metric},
  author    = {Richard Zhang and Phillip Isola and Alexei A. Efros and Eli Shechtman and Oliver Wang},
  booktitle = CVPR,
  year      = {2018}
}

@article{ding2020dists,
  title={Image Quality Assessment: Unifying Structure and Texture Similarity},
  author={Ding, Keyan and Ma, Kede and Wang, Shiqi and Simoncelli, Eero P},
  journal=PAMI,
  year={2020}
}

@INPROCEEDINGS{ ke2021musiq,
    author = { Ke, Junjie and Wang, Qifei and Wang, Yilin and Milanfar, Peyman and Yang, Feng },
    booktitle = ICCV,
    title = {{ MUSIQ: Multi-scale Image Quality Transformer }},
    year = {2021},
}

@ARTICLE{zhang2015niqe,
  author={Zhang, Lin and Zhang, Lei and Bovik, Alan C.},
  journal=TIP, 
  title={A Feature-Enriched Completely Blind Image Quality Evaluator}, 
  year={2015},
}

@inproceedings{yang2022maniqa,
  title={MANIQA: Multi-dimension Attention Network for No-Reference Image Quality Assessment},
  author={Yang, Sidi and Wu, Tianhe and Shi, Shuwei and Lao, Shanshan and Gong, Yuan and Cao, Mingdeng and Wang, Jiahao and Yang, Yujiu},
  booktitle=CVPRW,
  year={2022}
}

@inproceedings{wang2022clipiqa,
    author = {Wang, Jianyi and Chan, Kelvin CK and Loy, Chen Change},
    title = {Exploring CLIP for Assessing the Look and Feel of Images},
    booktitle = AAAI,
    year = {2023}
}

@inproceedings{heusel2017fid,
    author = {Heusel, Martin and Ramsauer, Hubert and Unterthiner, Thomas and Nessler, Bernhard and Hochreiter, Sepp},
    title = {GANs trained by a two time-scale update rule converge to a local nash equilibrium},
    year = {2017},
    booktitle = NIPS,
}

@article{wang2004ssim,
  title={Image quality assessment: From error visibility to structural similarity},
  author={Wang, Zhou and Bovik, Alan C and Sheikh, Hamid R and Simoncelli, Eero P},
  journal=TIP,
  year={2004}
}


@misc{pyiqa,
  title={{IQA-PyTorch}: PyTorch Toolbox for Image Quality Assessment},
  author={Chaofeng Chen and Jiadi Mo},
  year={2022},
  howpublished = "[Online]. Available: \url{https://github.com/chaofengc/IQA-PyTorch}"
}

diffusion model
@inproceedings{lin2024diffbir,
  title={{DiffBIR}: Towards Blind Image Restoration with Generative Diffusion Prior}, 
  author={Xinqi Lin and Jingwen He and Ziyan Chen and Zhaoyang Lyu and Bo Dai and Fanghua Yu and Wanli Ouyang and Yu Qiao and Chao Dong},
  year={2024},
  booktitle=ECCV
}

@inproceedings{yang2023pasd,
    title={Pixel-Aware Stable Diffusion for Realistic Image Super-Resolution and Personalized Stylization},
    author={Tao Yang and Rongyuan Wu and Peiran Ren and Xuansong Xie and Lei Zhang},
    booktitle=ECCV,
    year={2023}
}


@misc{sd21,
  title        = {stabilityai/stable-diffusion-2-1-base},
  author       = {Stability AI},
  year         = 2022,
  howpublished = {[Online]. Available: \url{https://huggingface.co/stabilityai/stable-diffusion-2-1-base}}
} 

@inproceedings{Rombach2022LDM,
  author       = {Robin Rombach and
                  Andreas Blattmann and
                  Dominik Lorenz and
                  Patrick Esser and
                  Bj{\"{o}}rn Ommer},
  title        = {High-Resolution Image Synthesis with Latent Diffusion Models},
  booktitle    = CVPR,
  year         = {2022},
}

@InProceedings{pmlr-v139-ramesh21a,
  title = 	 {Zero-Shot Text-to-Image Generation},
  author =       {Ramesh, Aditya and Pavlov, Mikhail and Goh, Gabriel and Gray, Scott and Voss, Chelsea and Radford, Alec and Chen, Mark and Sutskever, Ilya},
  booktitle = ICML,
  year = 	 {2021}
}

@inproceedings{chen2024pixartalpha,
title={PixArt-\${\textbackslash}alpha\$: Fast Training of Diffusion Transformer for Photorealistic Text-to-Image Synthesis},
author={Junsong Chen and Jincheng YU and Chongjian GE and Lewei Yao and Enze Xie and Zhongdao Wang and James Kwok and Ping Luo and Huchuan Lu and Zhenguo Li},
booktitle=ICLR,
year={2024}
}

@article{wang2024exploiting,
  author = {Wang, Jianyi and Yue, Zongsheng and Zhou, Shangchen and Chan, Kelvin C.K. and Loy, Chen Change},
  title = {Exploiting Diffusion Prior for Real-World Image Super-Resolution},
  journal = IJCV,
  year = {2024}
}

@inproceedings{wang2024sinsr,
  title={SinSR: diffusion-based image super-resolution in a single step},
  author={Wang, Yufei and Yang, Wenhan and Chen, Xinyuan and Wang, Yaohui and Guo, Lanqing and Chau, Lap-Pui and Liu, Ziwei and Qiao, Yu and Kot, Alex C and Wen, Bihan},
  booktitle=CVPR,
  year={2024}
}

@inproceedings{yue2023resshift,
 author = {Yue, Zongsheng and Wang, Jianyi and Loy, Chen Change},
 booktitle = NIPS,
 editor = {A. Oh and T. Naumann and A. Globerson and K. Saenko and M. Hardt and S. Levine},
 title = {ResShift: Efficient Diffusion Model for Image Super-resolution by Residual Shifting},
 year = {2023}
}

@inproceedings{saharia2022photo, 
    author = {Saharia, Chitwan and Chan, William and Saxena, Saurabh and Lit, Lala and Whang, Jay and Denton, Emily and Ghasemipour, Seyed Kamyar Seyed and Ayan, Burcu Karagol and Mahdavi, S. Sara and Gontijo-Lopes, Raphael and Salimans, Tim and Ho, Jonathan and Fleet, David J and Norouzi, Mohammad},
    title = {Photorealistic text-to-image diffusion models with deep language understanding},
    year = {2022},
    booktitle=NIPS
}

@inproceedings{wu2024osediff,
title={One-Step Effective Diffusion Network for Real-World  Image Super-Resolution},
author={Rongyuan Wu and Lingchen Sun and Zhiyuan Ma and Lei Zhang},
booktitle=NIPS,
year={2024},
}

@article{wang2024osdface,
    title={One-Step Diffusion Model for Face Restoration},
    author={Wang, Jingkai and Gong, Jue and Zhang, Lin and Chen, Zheng and Liu, Xing and Gu, Hong and Liu, Yutong and Zhang, Yulun and Yang, Xiaokang},
    journal={arXiv preprint arXiv:2411.17163},
    year={2024}
}

@article{li2024dfosd,
  title={Distillation-Free One-Step Diffusion for Real-World Image Super-Resolution},
  author={Li, Jianze and Cao, Jiezhang and Zou, Zichen and Su, Xiongfei and Yuan, Xin and Zhang, Yulun and Guo, Yong and Yang, Xiaokang},
  journal={arXiv preprint arXiv:2410.04224},
  year={2024}
}

@inproceedings{wu2024seesr,
  title={Seesr: Towards semantics-aware real-world image super-resolution},
  author={Wu, Rongyuan and Yang, Tao and Sun, Lingchen and Zhang, Zhengqiang and Li, Shuai and Zhang, Lei},
  booktitle=CVPR,
  year={2024}
}

@inproceedings{yin2023dmd,
  title={One-step Diffusion with Distribution Matching Distillation},
  author={Tianwei Yin and Michaël Gharbi and Frédo Durand and Richard Zhang and William T. Freeman and Eli Shechtman and Taesung Park},
  booktitle=CVPR,
  year={2023},
}

@inproceedings{wang2024prolificdreamer,
  title={Prolificdreamer: High-fidelity and diverse text-to-3d generation with variational score distillation},
  author={Zhengyi Wang and Cheng Lu and Yikai Wang and Fan Bao and Chongxuan Li and Hang Su and Jun Zhu},
  booktitle=NIPS,
  year={2023}
}

@inproceedings{dao2024swiftbrushv2,
  title={SwiftBrush v2: Make Your One-step Diffusion Model Better Than Its Teacher},
  author={Trung Dao and Thuan Nguyen and Thanh Le and Duc Vu and Khoi Nguyen and Cuong Pham and Anh Tran},
  booktitle=ECCV,
  year={2024},
}

others


@inproceedings{radford2021lclip,
  title={Learning Transferable Visual Models From Natural Language Supervision},
  author={Radford, A. and Kim, J. and Hallacy, C. and Ramesh, A. and Goh, G. and Agarwal, S. and Sastry, A. and Askell, A. and Mishkin, D. and Clark, D. and Krueger, G.},
  booktitle=ICML,
  year={2021}
}

@article{devlin2018bert,
  title={BERT: Pre-training of Deep Bidirectional Transformers for Language Understanding},
  author={Devlin, Jacob and Chang, Ming-Wei and Lee, Kenton and Toutanova, Kristina},
  journal={arXiv preprint arXiv:1810.04805},
  year={2018}
}

@inproceedings{loshchilov2018AdamW,
    title={Decoupled Weight Decay Regularization},
    author={Ilya Loshchilov and Frank Hutter},
    booktitle=ICLR,
    year={2019},
}

@article{huang2023RAM++,
  title={Open-Set Image Tagging with Multi-Grained Text Supervision},
  author={Xinyu Huang and Yi-Jie Huang and Youcai Zhang and Weiwei Tian and Rui Feng and Yuejie Zhang and Yanchun Xie and Yaqian Li and Lei Zhang},
  journal={arXiv preprint arXiv:2310.15200},
  year={2023}
}

@inproceedings{zhang2023RAM,
  title={Recognize Anything: A Strong Image Tagging Model},
  author={Zhang, Youcai and Huang, Xinyu and Ma, Jinyu and Li, Zhaoyang and Luo, Zhaochuan and Xie, Yanchun and Qin, Yuzhuo and Luo, Tong and Li, Yaqian and Liu, Shilong and Guo, Yandong and Zhang, Lei},
  booktitle=CVPRW,
  year={2023},
}

@inproceedings{liu2021Swin,
  title={Swin Transformer: Hierarchical Vision Transformer using Shifted Windows},
  author={Liu, Ze and Lin, Yutong and Cao, Yue and Hu, Han and Wei, Yixuan and Zhang, Zheng and Lin, Stephen and Guo, Baining},
  booktitle=ICCV,
  year={2021}
}

@inproceedings{wang2021real,
  title={Real-ESRGAN: Training real-world blind super-resolution with pure synthetic data},
  author={Wang, Xintao and Xie, Liangbin and Dong, Chao and Shan, Ying},
  booktitle=ICCV,
  year={2021}
}


human body
@article{Zhang2024DiffBody,
  title={DiffBody: Human Body Restoration by Imagining with Generative Diffusion Prior}, 
  author={Yiming Zhang and Zhe Wang and Xinjie Li and Yunchen Yuan and Chengsong Zhang and Xiao Sun and Zhihang Zhong and Jian Wang},
  year={2024},
  journal={arXiv preprint arXiv:2404.03642}
}

@article{Wang2024PRCN,
  author    = {Simiao Wang and Yu Sang and Yunan Liu and Chunpeng Wang and Mingyu Lu and Jinguang Sun},
  title     = {Prior based Pyramid Residual Clique Network for human body image super-resolution},
  journal   = PR,
  year      = {2024},
}

@article{Liu2021HumanBodySR,
  author    = {Yunan Liu and Shanshan Zhang and Jie Xu and Jian Yang and Yu-Wing Tai},
  title     = {An Accurate and Lightweight Method for Human Body Image Super-Resolution},
  journal   = TIP,
  year      = {2021},
}

@INPROCEEDINGS{anish2011BRISQUE,
  author={Mittal, Anish and Moorthy, Anush K. and Bovik, Alan C.},
  booktitle={Asilomar Conference on Signals, Systems, and Computers (ASILOMAR)}, 
  title={Blind/Referenceless Image Spatial Quality Evaluator}, 
  year={2011},
}


review:
@Article{Samkari2023HPEreview,
AUTHOR = {Samkari, Esraa and Arif, Muhammad and Alghamdi, Manal and Al Ghamdi, Mohammed A.},
TITLE = {Human Pose Estimation Using Deep Learning: A Systematic Literature Review},
JOURNAL = {Machine Learning and Knowledge Extraction},
VOLUME = {5},
YEAR = {2023},
NUMBER = {4},
PAGES = {1612--1659}
}

@article{wang2024hoidreview,
  title={A Review of Human-Object Interaction Detection},
  author={Yuxiao Wang and Qiwei Xiong and Yu Lei and Weiying Xue and Qi Liu and Zhenao Wei},
  year={2024},
  journal={arXiv preprint arXiv:2408.10641}
}

@article{wang20213Dreview,
  title={Deep 3D human pose estimation: A review},
  author={Wang, J. and Tan, S. and Zhen, X. and Xu, S. and Zheng, F. and He, Z. and Shao, L.},
  journal={Computer Vision and Image Understanding},
  volume={210},
  pages={103225},
  year={2021},
  publisher={Elsevier}
}

@article{WALI2023irreview,
title = {Recent progress in digital image restoration techniques: A review},
journal = {Digital Signal Processing},
volume = {141},
pages = {104187},
year = {2023},
issn = {1051-2004},
doi = {https://doi.org/10.1016/j.dsp.2023.104187},
url = {https://www.sciencedirect.com/science/article/pii/S1051200423002828},
author = {Aamir Wali and Asma Naseer and Maria Tamoor and S.A.M. Gilani},
keywords = {Digital image, Image restoration, Degradation, Noise, Transformation},
}

others:
@inproceedings{kingma2014vae,
  title={Auto-Encoding Variational Bayes},
  author={Kingma, Diederik P and Welling, Max},
  booktitle=ICLR,
  year={2014}
}

@inproceedings{oord2017vqvae,
  title={Neural Discrete Representation Learning},
  author={Aaron Van Den Oord and Oriol Vinyals and others},
  booktitle=NIPS,
  year={2017}
}

@article{xia2023diffir,
  title={Diffir: Efficient diffusion model for image restoration},
  author={Xia, Bin and Zhang, Yulun and Wang, Shiyin and Wang, Yitong and Wu, Xinglong and Tian, Yapeng and Yang, Wenming and Van Gool, Luc},
  journal={ICCV},
  year={2023}
}

@article{chen2023image,
  title={Image Super-Resolution with Text Prompt Diffusion},
  author={Chen, Zheng and Zhang, Yulun and Gu, Jinjin and Yuan, Xin and Kong, Linghe and Chen, Guihai and Yang, Xiaokang},
  journal={arXiv preprint arXiv:2303.06373},
  year={2023}
}

@InProceedings{Avrahami_2022_CVPR,
    author    = {Avrahami, Omri and Lischinski, Dani and Fried, Ohad},
    title     = {Blended Diffusion for Text-Driven Editing of Natural Images},
    booktitle = CVPR,
    year      = {2022}
}

@InProceedings{whang2021deblurringstochasticrefinement,
    title={Deblurring via Stochastic Refinement}, 
    author={Jay Whang and Mauricio Delbracio and Hossein Talebi and Chitwan Saharia and Alexandros G. Dimakis and Peyman Milanfar},
    booktitle = CVPR,
    year      = {2022},
}

@article{saharia2021image,
title={Image super-resolution via iterative refinement},
author={Saharia, Chitwan and Ho, Jonathan and Chan, William and Salimans, Tim and Fleet, David J and Norouzi, Mohammad},
year = {2023},
journal=PAMI
}

