@InProceedings{Bain21,
  author       = "Max Bain and Arsha Nagrani and G{\"u}l Varol and Andrew Zisserman",
  title        = "Frozen in Time: A Joint Video and Image Encoder for End-to-End Retrieval",
  booktitle    = "IEEE International Conference on Computer Vision",
  year         = "2021",
}

@article{FangqiIRASim2024,
  title={IRASim: Learning Interactive Real-Robot Action Simulators},
  author={Fangqi Zhu and Hongtao Wu and Song Guo and Yuxiao Liu and Chilam Cheang and Tao Kong},
  year={2024},
  journal={arXiv:2406.12802}
}

@inproceedings{Sutton1998ReinforcementL,
  title={Reinforcement learning - an introduction},
  author={Richard S. Sutton and Andrew G. Barto},
  booktitle={Adaptive computation and machine learning},
  year={1998},
  url={https://api.semanticscholar.org/CorpusID:264703640}
}

@inproceedings{alonso2024diamond,
      title={Diffusion for World Modeling: Visual Details Matter in Atari},
      author={Eloi Alonso and Adam Jelley and Vincent Micheli and Anssi Kanervisto and Amos Storkey and Tim Pearce and François Fleuret},
      booktitle={Thirty-eighth Conference on Neural Information Processing Systems},
      year={2024},
      url={https://arxiv.org/abs/2405.12399},
}

@article{atari,
  title={Revisiting the arcade learning environment: Evaluation protocols and open problems for general agents},
  author={Machado, Marlos C and Bellemare, Marc G and Talvitie, Erik and Veness, Joel and Hausknecht, Matthew and Bowling, Michael},
  journal={Journal of Artificial Intelligence Research},
  volume={61},
  pages={523--562},
  year={2018}
}

@article{blattmann2023SDVideo,
  title={Stable video diffusion: Scaling latent video diffusion models to large datasets},
  author={Blattmann, Andreas and Dockhorn, Tim and Kulal, Sumith and Mendelevitch, Daniel and Kilian, Maciej and Lorenz, Dominik and Levi, Yam and English, Zion and Voleti, Vikram and Letts, Adam and others},
  journal={arXiv preprint arXiv:2311.15127},
  year={2023}
}

@inproceedings{chen2024panda70m,
  title     = {Panda-70M: Captioning 70M Videos with Multiple Cross-Modality Teachers},
  author    = {Chen, Tsai-Shien and Siarohin, Aliaksandr and Menapace, Willi and Deyneka, Ekaterina and Chao, Hsiang-wei and Jeon, Byung Eun and Fang, Yuwei and Lee, Hsin-Ying and Ren, Jian and Yang, Ming-Hsuan and Tulyakov, Sergey},
  booktitle = {Proceedings of the IEEE/CVF Conference on Computer Vision and Pattern Recognition},
  year      = {2024}
}

@article{ding2024dwm,
  title={Diffusion world model},
  author={Ding, Zihan and Zhang, Amy and Tian, Yuandong and Zheng, Qinqing},
  journal={arXiv preprint arXiv:2402.03570},
  year={2024}
}

@article{feng2024matrix,
  title={The matrix: Infinite-horizon world generation with real-time moving control},
  author={Feng, Ruili and Zhang, Han and Yang, Zhantao and Xiao, Jie and Shu, Zhilei and Liu, Zhiheng and Zheng, Andy and Huang, Yukun and Liu, Yu and Zhang, Hongyang},
  journal={arXiv preprint arXiv:2412.03568},
  year={2024}
}

@article{genie2,
  title={Genie 2: A large-scale foundation world model},
  author={Jack Parker-Holder and Philip Ball and Jake Bruce and Vibhavari Dasagi and Kristian Holsheimer and Christos Kaplanis and Alexandre Moufarek and Guy Scully and Jeremy Shar and Jimmy Shi and Stephen Spencer and Jessica Yung and Michael Dennis and Sultan Kenjeyev and Shangbang Long and Vlad Mnih and Harris Chan and Maxime Gazeau and Bonnie Li and Fabio Pardo and Luyu Wang and Lei Zhang and Frederic Besse and Tim Harley and Anna Mitenkova and Jane Wang and Jeff Clune and Demis Hassabis and Raia Hadsell and Adrian Bolton and Satinder Singh and Tim Rocktäschel},
  year={2024},
}

@inproceedings{hafner2019PlaNet,
  title={Learning latent dynamics for planning from pixels},
  author={Hafner, Danijar and Lillicrap, Timothy and Fischer, Ian and Villegas, Ruben and Ha, David and Lee, Honglak and Davidson, James},
  booktitle={International conference on machine learning},
  pages={2555--2565},
  year={2019},
  organization={PMLR}
}

@article{lin2024opensoraplan,
  title={Open-sora plan: Open-source large video generation model},
  author={Lin, Bin and Ge, Yunyang and Cheng, Xinhua and Li, Zongjian and Zhu, Bin and Wang, Shaodong and He, Xianyi and Ye, Yang and Yuan, Shenghai and Chen, Liuhan and others},
  journal={arXiv preprint arXiv:2412.00131},
  year={2024}
}

@article{ma2024latte,
  title={Latte: Latent diffusion transformer for video generation},
  author={Ma, Xin and Wang, Yaohui and Jia, Gengyun and Chen, Xinyuan and Liu, Ziwei and Li, Yuan-Fang and Chen, Cunjian and Qiao, Yu},
  journal={arXiv preprint arXiv:2401.03048},
  year={2024}
}

@inproceedings{micheli2023iris,
  title={Transformers are Sample-Efficient World Models},
  author={Vincent Micheli and Eloi Alonso and Fran{\c{c}}ois Fleuret},
  booktitle={The Eleventh International Conference on Learning Representations },
  year={2023},
  url={https://openreview.net/forum?id=vhFu1Acb0xb}
}

@software{opensora,
  author = {Zangwei Zheng and Xiangyu Peng and Tianji Yang and Chenhui Shen and Shenggui Li and Hongxin Liu and Yukun Zhou and Tianyi Li and Yang You},
  title = {Open-Sora: Democratizing Efficient Video Production for All},
  month = {March},
  year = {2024},
  url = {https://github.com/hpcaitech/Open-Sora}
}

@inproceedings{peebles2023dit,
  title={Scalable diffusion models with transformers},
  author={Peebles, William and Xie, Saining},
  booktitle={Proceedings of the IEEE/CVF International Conference on Computer Vision},
  pages={4195--4205},
  year={2023}
}

@article{rigter2024avid,
  title={Avid: Adapting video diffusion models to world models},
  author={Rigter, Marc and Gupta, Tarun and Hilmkil, Agrin and Ma, Chao},
  journal={arXiv preprint arXiv:2410.12822},
  year={2024}
}

@article{sutton1991dyna,
  title={Dyna, an integrated architecture for learning, planning, and reacting},
  author={Sutton, Richard S},
  journal={ACM Sigart Bulletin},
  volume={2},
  number={4},
  pages={160--163},
  year={1991},
  publisher={ACM New York, NY, USA}
}

@article{tassa2018deepmind,
  title={Deepmind control suite},
  author={Tassa, Yuval and Doron, Yotam and Muldal, Alistair and Erez, Tom and Li, Yazhe and Casas, Diego de Las and Budden, David and Abdolmaleki, Abbas and Merel, Josh and Lefrancq, Andrew and others},
  journal={arXiv preprint arXiv:1801.00690},
  year={2018}
}

@article{valevski2024diffusion,
  title={Diffusion models are real-time game engines},
  author={Valevski, Dani and Leviathan, Yaniv and Arar, Moab and Fruchter, Shlomi},
  journal={arXiv preprint arXiv:2408.14837},
  year={2024}
}

@article{videoworldsimulators2024,
  title={Video generation models as world simulators},
  author={Tim Brooks and Bill Peebles and Connor Holmes and Will DePue and Yufei Guo and Li Jing and David Schnurr and Joe Taylor and Troy Luhman and Eric Luhman and Clarence Ng and Ricky Wang and Aditya Ramesh},
  year={2024},
}

@inproceedings{wu2024ivideogpt,
    title={iVideoGPT: Interactive VideoGPTs are Scalable World Models}, 
    author={Jialong Wu and Shaofeng Yin and Ningya Feng and Xu He and Dong Li and Jianye Hao and Mingsheng Long},
    booktitle={The Thirty-eighth Annual Conference on Neural Information Processing Systems},
year={2024},
   
}

@article{xiang2024pandora,
  title={Pandora: Towards General World Model with Natural Language Actions and Video States},
  author={Xiang, Jiannan and Liu, Guangyi and Gu, Yi and Gao, Qiyue and Ning, Yuting and Zha, Yuheng and Feng, Zeyu and Tao, Tianhua and Hao, Shibo and Shi, Yemin and others},
  journal={arXiv preprint arXiv:2406.09455},
  year={2024}
}

@article{yang2023learning,
	    title={Learning Interactive Real-World Simulators},
	    author={Yang, Mengjiao and Du, Yilun and Ghasemipour, Kamyar and Tompson, Jonathan and Schuurmans, Dale and Abbeel, Pieter},
	    journal={arXiv preprint arXiv:2310.06114},
	    year={2023}
	    }

@article{yang2024cogvideox,
  title={Cogvideox: Text-to-video diffusion models with an expert transformer},
  author={Yang, Zhuoyi and Teng, Jiayan and Zheng, Wendi and Ding, Ming and Huang, Shiyu and Xu, Jiazheng and Yang, Yuanming and Hong, Wenyi and Zhang, Xiaohan and Feng, Guanyu and others},
  journal={arXiv preprint arXiv:2408.06072},
  year={2024}
}

@article{yu2025gamefactory,
  title={GameFactory: Creating New Games with Generative Interactive Videos},
  author={Yu, Jiwen and Qin, Yiran and Wang, Xintao and Wan, Pengfei and Zhang, Di and Liu, Xihui},
  journal={arXiv preprint arXiv:2501.08325},
  year={2025}
}

@article{zhang2024marie,
  title={Decentralized Transformers with Centralized Aggregation are Sample-Efficient Multi-Agent World Models},
  author={Zhang, Yang and Bai, Chenjia and Zhao, Bin and Yan, Junchi and Li, Xiu and Li, Xuelong},
  journal={arXiv preprint arXiv:2406.15836},
  year={2024}
}

