@String(PAMI = {IEEE Trans. Pattern Anal. Mach. Intell.})
@String(IJCV = {Int. J. Comput. Vis.})
@String(CVPR= {IEEE Conf. Comput. Vis. Pattern Recog.})
@String(ICCV= {Int. Conf. Comput. Vis.})
@String(ECCV= {Eur. Conf. Comput. Vis.})
@String(NIPS= {Adv. Neural Inform. Process. Syst.})
@String(ICPR = {Int. Conf. Pattern Recog.})
@String(BMVC= {Brit. Mach. Vis. Conf.})
@String(TOG= {ACM Trans. Graph.})
@String(TIP  = {IEEE Trans. Image Process.})
@String(TVCG  = {IEEE Trans. Vis. Comput. Graph.})
@String(TMM  = {IEEE Trans. Multimedia})
@String(ACMMM= {ACM Int. Conf. Multimedia})
@String(ICME = {Int. Conf. Multimedia and Expo})
@String(ICASSP=	{ICASSP})
@String(ICIP = {IEEE Int. Conf. Image Process.})
@String(ACCV  = {ACCV})
@String(ICLR = {Int. Conf. Learn. Represent.})
@String(IJCAI = {IJCAI})
@String(PR   = {Pattern Recognition})
@String(AAAI = {AAAI})
@String(CVPRW= {IEEE Conf. Comput. Vis. Pattern Recog. Worksh.})
@String(CSVT = {IEEE Trans. Circuit Syst. Video Technol.})

@String(SPL	= {IEEE Sign. Process. Letters})
@String(VR   = {Vis. Res.})
@String(JOV	 = {J. Vis.})
@String(TVC  = {The Vis. Comput.})
@String(JCST  = {J. Comput. Sci. Tech.})
@String(CGF  = {Comput. Graph. Forum})
@String(CVM = {Computational Visual Media})


@String(PAMI  = {IEEE TPAMI})
@String(IJCV  = {IJCV})
@String(CVPR  = {CVPR})
@String(ICCV  = {ICCV})
@String(ECCV  = {ECCV})
@String(NIPS  = {NeurIPS})
@String(ICPR  = {ICPR})
@String(BMVC  =	{BMVC})
@String(TOG   = {ACM TOG})
@String(TIP   = {IEEE TIP})
@String(TVCG  = {IEEE TVCG})
@String(TCSVT = {IEEE TCSVT})
@String(TMM   =	{IEEE TMM})
@String(ACMMM = {ACM MM})
@String(ICME  =	{ICME})
@String(ICASSP=	{ICASSP})
@String(ICIP  = {ICIP})
@String(ACCV  = {ACCV})
@String(ICLR  = {ICLR})
@String(IJCAI = {IJCAI})
@String(PR = {PR})
@String(AAAI = {AAAI})
@String(CVPRW= {CVPRW})
@String(CSVT = {IEEE TCSVT})



@article{FangqiIRASim2024,
  title={IRASim: Learning Interactive Real-Robot Action Simulators},
  author={Fangqi Zhu and Hongtao Wu and Song Guo and Yuxiao Liu and Chilam Cheang and Tao Kong},
  year={2024},
  journal={arXiv:2406.12802}
}
@article{yang2023learning,
	    title={Learning Interactive Real-World Simulators},
	    author={Yang, Mengjiao and Du, Yilun and Ghasemipour, Kamyar and Tompson, Jonathan and Schuurmans, Dale and Abbeel, Pieter},
	    journal={arXiv preprint arXiv:2310.06114},
	    year={2023}
	    }

@InProceedings{pmlr-v235-yang24z,
  title = 	 {Position: Video as the New Language for Real-World Decision Making},
  author =       {Yang, Sherry and Walker, Jacob C and Parker-Holder, Jack and Du, Yilun and Bruce, Jake and Barreto, Andre and Abbeel, Pieter and Schuurmans, Dale},
  booktitle = 	 {Proceedings of the 41st International Conference on Machine Learning},
  pages = 	 {56465--56484},
  year = 	 {2024},
  editor = 	 {Salakhutdinov, Ruslan and Kolter, Zico and Heller, Katherine and Weller, Adrian and Oliver, Nuria and Scarlett, Jonathan and Berkenkamp, Felix},
  volume = 	 {235},
  series = 	 {Proceedings of Machine Learning Research},
  month = 	 {21--27 Jul},
  publisher =    {PMLR},
  
}
@software{opensora,
  author = {Zangwei Zheng and Xiangyu Peng and Tianji Yang and Chenhui Shen and Shenggui Li and Hongxin Liu and Yukun Zhou and Tianyi Li and Yang You},
  title = {Open-Sora: Democratizing Efficient Video Production for All},
  month = {March},
  year = {2024},
  url = {https://github.com/hpcaitech/Open-Sora}
}
@article{achiam2023gpt,
  title={Gpt-4 technical report},
  author={Achiam, Josh and Adler, Steven and Agarwal, Sandhini and Ahmad, Lama and Akkaya, Ilge and Aleman, Florencia Leoni and Almeida, Diogo and Altenschmidt, Janko and Altman, Sam and Anadkat, Shyamal and others},
  journal={arXiv preprint arXiv:2303.08774},
  year={2023}
}
@article{ramesh2022hierarchical,
  title={Hierarchical text-conditional image generation with clip latents},
  author={Ramesh, Aditya and Dhariwal, Prafulla and Nichol, Alex and Chu, Casey and Chen, Mark},
  journal={arXiv preprint arXiv:2204.06125},
  volume={1},
  number={2},
  pages={3},
  year={2022}
}
@article{chen2024pixart,
  title={Pixart-$\backslash$sigma: Weak-to-strong training of diffusion transformer for 4k text-to-image generation},
  author={Chen, Junsong and Ge, Chongjian and Xie, Enze and Wu, Yue and Yao, Lewei and Ren, Xiaozhe and Wang, Zhongdao and Luo, Ping and Lu, Huchuan and Li, Zhenguo},
  journal={arXiv preprint arXiv:2403.04692},
  year={2024}
}
@article{polyak2024movie,
  title={Movie gen: A cast of media foundation models},
  author={Polyak, Adam and Zohar, Amit and Brown, Andrew and Tjandra, Andros and Sinha, Animesh and Lee, Ann and Vyas, Apoorv and Shi, Bowen and Ma, Chih-Yao and Chuang, Ching-Yao and others},
  journal={arXiv preprint arXiv:2410.13720},
  year={2024}
}
@article{videoworldsimulators2024,
  title={Video generation models as world simulators},
  author={Tim Brooks and Bill Peebles and Connor Holmes and Will DePue and Yufei Guo and Li Jing and David Schnurr and Joe Taylor and Troy Luhman and Eric Luhman and Clarence Ng and Ricky Wang and Aditya Ramesh},
  year={2024},
}
@inproceedings{
bruce2024genie,
title={Genie: Generative Interactive Environments},
author={Jake Bruce and Michael D Dennis and Ashley Edwards and Jack Parker-Holder and Yuge Shi and Edward Hughes and Matthew Lai and Aditi Mavalankar and Richie Steigerwald and Chris Apps and Yusuf Aytar and Sarah Maria Elisabeth Bechtle and Feryal Behbahani and Stephanie C.Y. Chan and Nicolas Heess and Lucy Gonzalez and Simon Osindero and Sherjil Ozair and Scott Reed and Jingwei Zhang and Konrad Zolna and Jeff Clune and Nando de Freitas and Satinder Singh and Tim Rockt{\"a}schel},
booktitle={Forty-first International Conference on Machine Learning},
year={2024},
}
@article{xiang2024pandora,
  title={Pandora: Towards General World Model with Natural Language Actions and Video States},
  author={Xiang, Jiannan and Liu, Guangyi and Gu, Yi and Gao, Qiyue and Ning, Yuting and Zha, Yuheng and Feng, Zeyu and Tao, Tianhua and Hao, Shibo and Shi, Yemin and others},
  journal={arXiv preprint arXiv:2406.09455},
  year={2024}
}
@inproceedings{wu2024ivideogpt,
    title={iVideoGPT: Interactive VideoGPTs are Scalable World Models}, 
    author={Jialong Wu and Shaofeng Yin and Ningya Feng and Xu He and Dong Li and Jianye Hao and Mingsheng Long},
    booktitle={The Thirty-eighth Annual Conference on Neural Information Processing Systems},
year={2024},
   
}
@inproceedings{
Hafner2020Dream,
title={Dream to Control: Learning Behaviors by Latent Imagination},
author={Danijar Hafner and Timothy Lillicrap and Jimmy Ba and Mohammad Norouzi},
booktitle={International Conference on Learning Representations},
year={2020},
url={https://openreview.net/forum?id=S1lOTC4tDS}
}
@InProceedings{dynamiccrafter,
author="Xing, Jinbo
and Xia, Menghan
and Zhang, Yong
and Chen, Haoxin
and Yu, Wangbo
and Liu, Hanyuan
and Liu, Gongye
and Wang, Xintao
and Shan, Ying
and Wong, Tien-Tsin",
editor="Leonardis, Ale{\v{s}}
and Ricci, Elisa
and Roth, Stefan
and Russakovsky, Olga
and Sattler, Torsten
and Varol, G{\"u}l",
title="DynamiCrafter: Animating Open-Domain Images withÂ Video Diffusion Priors",
booktitle="Computer Vision -- ECCV 2024",
year="2025",
publisher="Springer Nature Switzerland",
address="Cham",
pages="399--417",
isbn="978-3-031-72952-2"
}
@misc{vicuna2023,
    title = {Vicuna: An Open-Source Chatbot Impressing GPT-4 with 90\%* ChatGPT Quality},
    url = {https://lmsys.org/blog/2023-03-30-vicuna/},
    author = {Chiang, Wei-Lin and Li, Zhuohan and Lin, Zi and Sheng, Ying and Wu, Zhanghao and Zhang, Hao and Zheng, Lianmin and Zhuang, Siyuan and Zhuang, Yonghao and Gonzalez, Joseph E. and Stoica, Ion and Xing, Eric P.},
    month = {March},
    year = {2023}
}
@article{touvron2023llama,
  title={Llama: Open and efficient foundation language models},
  author={Touvron, Hugo and Lavril, Thibaut and Izacard, Gautier and Martinet, Xavier and Lachaux, Marie-Anne and Lacroix, Timoth{\'e}e and Rozi{\`e}re, Baptiste and Goyal, Naman and Hambro, Eric and Azhar, Faisal and others},
  journal={arXiv preprint arXiv:2302.13971},
  year={2023}
}
@article{ebert2017self,
  title={Self-Supervised Visual Planning with Temporal Skip Connections.},
  author={Ebert, Frederik and Finn, Chelsea and Lee, Alex X and Levine, Sergey},
  journal={CoRL},
  volume={12},
  number={16},
  pages={23},
  year={2017}
}
@inproceedings{yu2023magvit,
  title={Magvit: Masked generative video transformer},
  author={Yu, Lijun and Cheng, Yong and Sohn, Kihyuk and Lezama, Jos{\'e} and Zhang, Han and Chang, Huiwen and Hauptmann, Alexander G and Yang, Ming-Hsuan and Hao, Yuan and Essa, Irfan and others},
  booktitle={Proceedings of the IEEE/CVF Conference on Computer Vision and Pattern Recognition},
  pages={10459--10469},
  year={2023}
}
@article{yan2021videogpt,
  title={Videogpt: Video generation using vq-vae and transformers},
  author={Yan, Wilson and Zhang, Yunzhi and Abbeel, Pieter and Srinivas, Aravind},
  journal={arXiv preprint arXiv:2104.10157},
  year={2021}
}
@article{gupta2022maskvit,
  title={Maskvit: Masked visual pre-training for video prediction},
  author={Gupta, Agrim and Tian, Stephen and Zhang, Yunzhi and Wu, Jiajun and Mart{\'\i}n-Mart{\'\i}n, Roberto and Fei-Fei, Li},
  journal={arXiv preprint arXiv:2206.11894},
  year={2022}
}
@article{babaeizadeh2021fitvid,
  title={Fitvid: Overfitting in pixel-level video prediction},
  author={Babaeizadeh, Mohammad and Saffar, Mohammad Taghi and Nair, Suraj and Levine, Sergey and Finn, Chelsea and Erhan, Dumitru},
  journal={arXiv preprint arXiv:2106.13195},
  year={2021}
}
@article{voleti2022mcvd,
  title={Mcvd-masked conditional video diffusion for prediction, generation, and interpolation},
  author={Voleti, Vikram and Jolicoeur-Martineau, Alexia and Pal, Chris},
  journal={Advances in neural information processing systems},
  volume={35},
  pages={23371--23385},
  year={2022}
}
@article{bellemare2013arcade,
  title={The arcade learning environment: An evaluation platform for general agents},
  author={Bellemare, Marc G and Naddaf, Yavar and Veness, Joel and Bowling, Michael},
  journal={Journal of Artificial Intelligence Research},
  volume={47},
  pages={253--279},
  year={2013}
}
%%%%%%%%%%
@article{sutton1991dyna,
  title={Dyna, an integrated architecture for learning, planning, and reacting},
  author={Sutton, Richard S},
  journal={ACM Sigart Bulletin},
  volume={2},
  number={4},
  pages={160--163},
  year={1991},
  publisher={ACM New York, NY, USA}
}

@article{ha2018worldmodel,
  title={World models},
  author={Ha, David and Schmidhuber, J{\"u}rgen},
  journal={arXiv preprint arXiv:1803.10122},
  year={2018}
}


% dreamerV2
@article{hafner2020dreamerv2,
  title={Mastering atari with discrete world models},
  author={Hafner, Danijar and Lillicrap, Timothy and Norouzi, Mohammad and Ba, Jimmy},
  journal={arXiv preprint arXiv:2010.02193},
  year={2020}
}

% dreamerv3
@article{hafner2023dreamerv3,
  title={Mastering diverse domains through world models},
  author={Hafner, Danijar and Pasukonis, Jurgis and Ba, Jimmy and Lillicrap, Timothy},
  journal={arXiv preprint arXiv:2301.04104},
  year={2023}
}

% PlaNet
@inproceedings{hafner2019PlaNet,
  title={Learning latent dynamics for planning from pixels},
  author={Hafner, Danijar and Lillicrap, Timothy and Fischer, Ian and Villegas, Ruben and Ha, David and Lee, Honglak and Davidson, James},
  booktitle={International conference on machine learning},
  pages={2555--2565},
  year={2019},
  organization={PMLR}
}

% iris
@inproceedings{micheli2023iris,
  title={Transformers are Sample-Efficient World Models},
  author={Vincent Micheli and Eloi Alonso and Fran{\c{c}}ois Fleuret},
  booktitle={The Eleventh International Conference on Learning Representations },
  year={2023},
  url={https://openreview.net/forum?id=vhFu1Acb0xb}
}

% twm
@inproceedings{
  robine2023twm,
  title={Transformer-based World Models Are Happy With 100k Interactions},
  author={Jan Robine and Marc H{\"o}ftmann and Tobias Uelwer and Stefan Harmeling},
  booktitle={The Eleventh International Conference on Learning Representations },
  year={2023},
  url={https://openreview.net/forum?id=TdBaDGCpjly}
}

% storm
@inproceedings{
    zhang2023storm,
    title={{STORM}: Efficient Stochastic Transformer based World Models for Reinforcement Learning},
    author={Weipu Zhang and Gang Wang and Jian Sun and Yetian Yuan and Gao Huang},
    booktitle={Thirty-seventh Conference on Neural Information Processing Systems},
    year={2023},
    url={https://openreview.net/forum?id=WxnrX42rnS}
}

@article{zhang2024marie,
  title={Decentralized Transformers with Centralized Aggregation are Sample-Efficient Multi-Agent World Models},
  author={Zhang, Yang and Bai, Chenjia and Zhao, Bin and Yan, Junchi and Li, Xiu and Li, Xuelong},
  journal={arXiv preprint arXiv:2406.15836},
  year={2024}
}

@inproceedings{alonso2024diamond,
      title={Diffusion for World Modeling: Visual Details Matter in Atari},
      author={Eloi Alonso and Adam Jelley and Vincent Micheli and Anssi Kanervisto and Amos Storkey and Tim Pearce and FranÃ§ois Fleuret},
      booktitle={Thirty-eighth Conference on Neural Information Processing Systems},
      year={2024},
      url={https://arxiv.org/abs/2405.12399},
}

@article{ding2024dwm,
  title={Diffusion world model},
  author={Ding, Zihan and Zhang, Amy and Tian, Yuandong and Zheng, Qinqing},
  journal={arXiv preprint arXiv:2402.03570},
  year={2024}
}

@article{janner2019mbpo,
  title={When to trust your model: Model-based policy optimization},
  author={Janner, Michael and Fu, Justin and Zhang, Marvin and Levine, Sergey},
  journal={Advances in neural information processing systems},
  volume={32},
  year={2019}
}

% video generative model
@article{blattmann2023SDVideo,
  title={Stable video diffusion: Scaling latent video diffusion models to large datasets},
  author={Blattmann, Andreas and Dockhorn, Tim and Kulal, Sumith and Mendelevitch, Daniel and Kilian, Maciej and Lorenz, Dominik and Levi, Yam and English, Zion and Voleti, Vikram and Letts, Adam and others},
  journal={arXiv preprint arXiv:2311.15127},
  year={2023}
}

@inproceedings{ge2023preserve,
  title={Preserve your own correlation: A noise prior for video diffusion models},
  author={Ge, Songwei and Nah, Seungjun and Liu, Guilin and Poon, Tyler and Tao, Andrew and Catanzaro, Bryan and Jacobs, David and Huang, Jia-Bin and Liu, Ming-Yu and Balaji, Yogesh},
  booktitle={Proceedings of the IEEE/CVF International Conference on Computer Vision},
  pages={22930--22941},
  year={2023}
}

@article{lin2024opensoraplan,
  title={Open-sora plan: Open-source large video generation model},
  author={Lin, Bin and Ge, Yunyang and Cheng, Xinhua and Li, Zongjian and Zhu, Bin and Wang, Shaodong and He, Xianyi and Ye, Yang and Yuan, Shenghai and Chen, Liuhan and others},
  journal={arXiv preprint arXiv:2412.00131},
  year={2024}
}

@article{ma2024latte,
  title={Latte: Latent diffusion transformer for video generation},
  author={Ma, Xin and Wang, Yaohui and Jia, Gengyun and Chen, Xinyuan and Liu, Ziwei and Li, Yuan-Fang and Chen, Cunjian and Qiao, Yu},
  journal={arXiv preprint arXiv:2401.03048},
  year={2024}
}

@inproceedings{wang2021one,
  title={One-shot free-view neural talking-head synthesis for video conferencing},
  author={Wang, Ting-Chun and Mallya, Arun and Liu, Ming-Yu},
  booktitle={Proceedings of the IEEE/CVF conference on computer vision and pattern recognition},
  pages={10039--10049},
  year={2021}
}

@article{wang2024unianimate,
  title={UniAnimate: Taming Unified Video Diffusion Models for Consistent Human Image Animation},
  author={Wang, Xiang and Zhang, Shiwei and Gao, Changxin and Wang, Jiayu and Zhou, Xiaoqiang and Zhang, Yingya and Yan, Luxin and Sang, Nong},
  journal={arXiv preprint arXiv:2406.01188},
  year={2024}
}

@article{ren2024consisti2v,
  title={Consisti2v: Enhancing visual consistency for image-to-video generation},
  author={Ren, Weiming and Yang, Huan and Zhang, Ge and Wei, Cong and Du, Xinrun and Huang, Wenhao and Chen, Wenhu},
  journal={arXiv preprint arXiv:2402.04324},
  year={2024}
}

@article{ku2024anyv2v,
  title={AnyV2V: A Tuning-Free Framework For Any Video-to-Video Editing Tasks},
  author={Ku, Max and Wei, Cong and Ren, Weiming and Yang, Huan and Chen, Wenhu},
  journal={Transactions on Machine Learning Research},
  year={2024}
}

@article{liu2024stablev2v,
  title={StableV2V: Stablizing Shape Consistency in Video-to-Video Editing},
  author={Liu, Chang and Li, Rui and Zhang, Kaidong and Lan, Yunwei and Liu, Dong},
  journal={arXiv preprint arXiv:2411.11045},
  year={2024}
}






@article{liu2024world,
  title={World model on million-length video and language with blockwise ringattention},
  author={Liu, Hao and Yan, Wilson and Zaharia, Matei and Abbeel, Pieter},
  journal={CoRR},
  year={2024}
}




@article{yang2024cogvideox,
  title={Cogvideox: Text-to-video diffusion models with an expert transformer},
  author={Yang, Zhuoyi and Teng, Jiayan and Zheng, Wendi and Ding, Ming and Huang, Shiyu and Xu, Jiazheng and Yang, Yuanming and Hong, Wenyi and Zhang, Xiaohan and Feng, Guanyu and others},
  journal={arXiv preprint arXiv:2408.06072},
  year={2024}
}

@article{valevski2024diffusion,
  title={Diffusion models are real-time game engines},
  author={Valevski, Dani and Leviathan, Yaniv and Arar, Moab and Fruchter, Shlomi},
  journal={arXiv preprint arXiv:2408.14837},
  year={2024}
}


@article{rigter2024avid,
  title={Avid: Adapting video diffusion models to world models},
  author={Rigter, Marc and Gupta, Tarun and Hilmkil, Agrin and Ma, Chao},
  journal={arXiv preprint arXiv:2410.12822},
  year={2024}
}

@article{bengio2021flow,
  title={Flow network based generative models for non-iterative diverse candidate generation},
  author={Bengio, Emmanuel and Jain, Moksh and Korablyov, Maksym and Precup, Doina and Bengio, Yoshua},
  journal={Advances in Neural Information Processing Systems},
  volume={34},
  pages={27381--27394},
  year={2021}
}
@article{janner2019trust,
  title={When to trust your model: Model-based policy optimization},
  author={Janner, Michael and Fu, Justin and Zhang, Marvin and Levine, Sergey},
  journal={Advances in neural information processing systems},
  volume={32},
  year={2019}
}
@article{schulman2017proximal,
  title={Proximal policy optimization algorithms},
  author={Schulman, John and Wolski, Filip and Dhariwal, Prafulla and Radford, Alec and Klimov, Oleg},
  journal={arXiv preprint arXiv:1707.06347},
  year={2017}
}
@inproceedings{shengyi2022the37implementation,
  author = {Huang, Shengyi and Dossa, Rousslan Fernand Julien and Raffin, Antonin and Kanervisto, Anssi and Wang, Weixun},
  title = {The 37 Implementation Details of Proximal Policy Optimization},
  booktitle = {ICLR Blog Track},
  year = {2022},
  note = {https://iclr-blog-track.github.io/2022/03/25/ppo-implementation-details/},
  url  = {https://iclr-blog-track.github.io/2022/03/25/ppo-implementation-details/}
}

@inproceedings{
micheli2023transformers,
title={Transformers are Sample-Efficient World Models},
author={Vincent Micheli and Eloi Alonso and Fran{\c{c}}ois Fleuret},
booktitle={The Eleventh International Conference on Learning Representations },
year={2023},
url={https://openreview.net/forum?id=vhFu1Acb0xb}
}
@inproceedings{PER,
  author={Tom Schaul and John Quan and Ioannis Antonoglou and David Silver},
  title={Prioritized Experience Replay},
  year={2016},
  cdate={1451606400000},
  url={http://arxiv.org/abs/1511.05952},
  booktitle={ICLR (Poster)},
  crossref={conf/iclr/2016}
}
@inproceedings{cobbe2020leveraging,
  title={Leveraging procedural generation to benchmark reinforcement learning},
  author={Cobbe, Karl and Hesse, Chris and Hilton, Jacob and Schulman, John},
  booktitle={International conference on machine learning},
  pages={2048--2056},
  year={2020},
  organization={PMLR}
}
@inproceedings{cobbe2021phasic,
  title={Phasic policy gradient},
  author={Cobbe, Karl W and Hilton, Jacob and Klimov, Oleg and Schulman, John},
  booktitle={International Conference on Machine Learning},
  pages={2020--2027},
  year={2021},
  organization={PMLR}
}
@article{veo2024,
  title={Veo},
  author={Abhishek Sharma and Adams Yu and Ali Razavi and Andeep Toor and Andrew Pierson and Ankush Gupta and Austin Waters and AÃ¤ron van den Oord and Daniel Tanis and Dumitru Erhan and Eric Lau and Eleni Shaw and Gabe Barth-Maron and Greg Shaw and Han Zhang and Henna Nandwani and Hernan Moraldo and Hyunjik Kim and Irina Blok and Jakob Bauer and Jeff Donahue and Junyoung Chung and Kory Mathewson and Kurtis David and Lasse Espeholt and Marc van Zee and Matt McGill and Medhini Narasimhan and Miaosen Wang and MikoÅaj BiÅkowski and Mohammad Babaeizadeh and Mohammad Taghi Saffar and Nando de Freitas and Nick Pezzotti and Pieter-Jan Kindermans and Poorva Rane and Rachel Hornung and Robert Riachi and Ruben Villegas and Rui Qian and Sander Dieleman and Serena Zhang and Serkan Cabi and Shixin Luo and Shlomi Fruchter and Signe NÃ¸rly and Srivatsan Srinivasan and Tobias Pfaff and Tom Hume and Vikas Verma and Weizhe Hua and William Zhu and Xinchen Yan and Xinyu Wang and Yelin Kim and Yuqing Du and Yutian Chen},
  url={https://deepmind.google/technologies/veo/},
  year={2024}
}
@article{oasis2024,
  author    = {Decart and Julian Quevedo and Quinn McIntyre and Spruce Campbell and Xinlei Chen and Robert Wachen},
  title     = {Oasis: A Universe in a Transformer},
  year      = {2024},
  url       = {https://oasis-model.github.io/}
}
@inproceedings{
2025gamegen,
title={GameGen-\${\textbackslash}mathbb\{X\}\$: Interactive Open-world Game Video Generation},
author={Che, Haoxuan and He, Xuanhua and Liu, Quande and Jin, Cheng and Chen, Hao},
booktitle={The Thirteenth International Conference on Learning Representations},
year={2025},
url={https://openreview.net/forum?id=8VG8tpPZhe}
}
@article{yang2024playable,
  title={Playable Game Generation},
  author={Yang, Mingyu and Li, Junyou and Fang, Zhongbin and Chen, Sheng and Yu, Yangbin and Fu, Qiang and Yang, Wei and Ye, Deheng},
  journal={arXiv preprint arXiv:2412.00887},
  year={2024}
}
@article{yu2025gamefactory,
  title={GameFactory: Creating New Games with Generative Interactive Videos},
  author={Yu, Jiwen and Qin, Yiran and Wang, Xintao and Wan, Pengfei and Zhang, Di and Liu, Xihui},
  journal={arXiv preprint arXiv:2501.08325},
  year={2025}
}
@article{liu2022flow,
  title={Flow straight and fast: Learning to generate and transfer data with rectified flow},
  author={Liu, Xingchao and Gong, Chengyue and Liu, Qiang},
  journal={arXiv preprint arXiv:2209.03003},
  year={2022}
}
@article{vaswani2017attention,
  title={Attention is all you need},
  author={Vaswani, Ashish and Shazeer, Noam and Parmar, Niki and Uszkoreit, Jakob and Jones, Llion and Gomez, Aidan N and Kaiser, {\L}ukasz and Polosukhin, Illia},
  journal={Advances in Neural Information Processing Systems},
  year={2017}
}
@inproceedings{
tian2024visual,
title={Visual Autoregressive Modeling: Scalable Image Generation via Next-Scale Prediction},
author={Keyu Tian and Yi Jiang and Zehuan Yuan and BINGYUE PENG and Liwei Wang},
booktitle={The Thirty-eighth Annual Conference on Neural Information Processing Systems},
year={2024},
url={https://openreview.net/forum?id=gojL67CfS8}
}
@article{atari,
  title={Revisiting the arcade learning environment: Evaluation protocols and open problems for general agents},
  author={Machado, Marlos C and Bellemare, Marc G and Talvitie, Erik and Veness, Joel and Hausknecht, Matthew and Bowling, Michael},
  journal={Journal of Artificial Intelligence Research},
  volume={61},
  pages={523--562},
  year={2018}
}
@article{unterthiner2018fvd,
  title={Towards accurate generative models of video: A new metric \& challenges},
  author={Unterthiner, Thomas and Van Steenkiste, Sjoerd and Kurach, Karol and Marinier, Raphael and Michalski, Marcin and Gelly, Sylvain},
  journal={arXiv preprint arXiv:1812.01717},
  year={2018}
}
@article{HuynhThu2008psnr,
  title={Scope of validity of PSNR in image/video quality assessment},
  author={Quan Huynh-Thu and Mohammed Ghanbari},
  journal={Electronics Letters},
  year={2008},
  volume={44},
  pages={800-801},
  url={https://api.semanticscholar.org/CorpusID:62732555}
}
@inproceedings{zhang2018lpips,
  title={The unreasonable effectiveness of deep features as a perceptual metric},
  author={Zhang, Richard and Isola, Phillip and Efros, Alexei A and Shechtman, Eli and Wang, Oliver},
  booktitle={Proceedings of the IEEE conference on computer vision and pattern recognition},
  pages={586--595},
  year={2018}
}
@ARTICLE{ssim,
  author={Zhou Wang and Bovik, A.C. and Sheikh, H.R. and Simoncelli, E.P.},
  journal={IEEE Transactions on Image Processing}, 
  title={Image quality assessment: from error visibility to structural similarity}, 
  year={2004},
  volume={13},
  number={4},
  pages={600-612},
  keywords={Image quality;Humans;Transform coding;Visual system;Visual perception;Data mining;Layout;Quality assessment;Degradation;Indexes},
  doi={10.1109/TIP.2003.819861}}
@inproceedings{carreira2017i3d,
  title={Quo vadis, action recognition? a new model and the kinetics dataset},
  author={Carreira, Joao and Zisserman, Andrew},
  booktitle={proceedings of the IEEE Conference on Computer Vision and Pattern Recognition},
  pages={6299--6308},
  year={2017}
}
@article{simonyan2014vgg,
  title={Very deep convolutional networks for large-scale image recognition},
  author={Simonyan, Karen and Zisserman, Andrew},
  journal={arXiv preprint arXiv:1409.1556},
  year={2014}
}
@article{mnih2013dqn,
  title={Playing atari with deep reinforcement learning},
  author={Mnih, Volodymyr and Kavukcuoglu, Koray and Silver, David and Graves, Alex and Antonoglou, Ioannis and Wierstra, Daan and Riedmiller, Martin},
  journal={arXiv preprint arXiv:1312.5602},
  year={2013}
}

@inproceedings{vaswani2017transformer,
 author = {Vaswani, Ashish and Shazeer, Noam and Parmar, Niki and Uszkoreit, Jakob and Jones, Llion and Gomez, Aidan N and Kaiser, {\L}ukasz and Polosukhin, Illia},
 booktitle = {Advances in Neural Information Processing Systems},
 title = {Attention is All you Need},
 url = {https://proceedings.neurips.cc/paper_files/paper/2017/file/3f5ee243547dee91fbd053c1c4a845aa-Paper.pdf},
 year = {2017}
}
@inproceedings{
kostrikov2022iql,
title={Offline Reinforcement Learning with Implicit Q-Learning},
author={Ilya Kostrikov and Ashvin Nair and Sergey Levine},
booktitle={International Conference on Learning Representations},
year={2022},
url={https://openreview.net/forum?id=68n2s9ZJWF8}
}
@article{kumar2020cql,
  title={Conservative q-learning for offline reinforcement learning},
  author={Kumar, Aviral and Zhou, Aurick and Tucker, George and Levine, Sergey},
  journal={Advances in Neural Information Processing Systems},
  volume={33},
  pages={1179--1191},
  year={2020}
}
@inproceedings{
mediratta2024the,
title={The Generalization Gap in Offline Reinforcement Learning},
author={Ishita Mediratta and Qingfei You and Minqi Jiang and Roberta Raileanu},
booktitle={The Twelfth International Conference on Learning Representations},
year={2024},
url={https://openreview.net/forum?id=3w6xuXDOdY}
}
@inproceedings{chen2024panda70m,
  title     = {Panda-70M: Captioning 70M Videos with Multiple Cross-Modality Teachers},
  author    = {Chen, Tsai-Shien and Siarohin, Aliaksandr and Menapace, Willi and Deyneka, Ekaterina and Chao, Hsiang-wei and Jeon, Byung Eun and Fang, Yuwei and Lee, Hsin-Ying and Ren, Jian and Yang, Ming-Hsuan and Tulyakov, Sergey},
  booktitle = {Proceedings of the IEEE/CVF Conference on Computer Vision and Pattern Recognition},
  year      = {2024}
}
@InProceedings{Bain21,
  author       = "Max Bain and Arsha Nagrani and G{\"u}l Varol and Andrew Zisserman",
  title        = "Frozen in Time: A Joint Video and Image Encoder for End-to-End Retrieval",
  booktitle    = "IEEE International Conference on Computer Vision",
  year         = "2021",
}
@inproceedings{peebles2023dit,
  title={Scalable diffusion models with transformers},
  author={Peebles, William and Xie, Saining},
  booktitle={Proceedings of the IEEE/CVF International Conference on Computer Vision},
  pages={4195--4205},
  year={2023}
}
@article{feng2024matrix,
  title={The matrix: Infinite-horizon world generation with real-time moving control},
  author={Feng, Ruili and Zhang, Han and Yang, Zhantao and Xiao, Jie and Shu, Zhilei and Liu, Zhiheng and Zheng, Andy and Huang, Yukun and Liu, Yu and Zhang, Hongyang},
  journal={arXiv preprint arXiv:2412.03568},
  year={2024}
}
@article{genie2,
  title={Genie 2: A large-scale foundation world model},
  author={Jack Parker-Holder and Philip Ball and Jake Bruce and Vibhavari Dasagi and Kristian Holsheimer and Christos Kaplanis and Alexandre Moufarek and Guy Scully and Jeremy Shar and Jimmy Shi and Stephen Spencer and Jessica Yung and Michael Dennis and Sultan Kenjeyev and Shangbang Long and Vlad Mnih and Harris Chan and Maxime Gazeau and Bonnie Li and Fabio Pardo and Luyu Wang and Lei Zhang and Frederic Besse and Tim Harley and Anna Mitenkova and Jane Wang and Jeff Clune and Demis Hassabis and Raia Hadsell and Adrian Bolton and Satinder Singh and Tim RocktÃ¤schel},
  year={2024},
}
@inproceedings{Sutton1998ReinforcementL,
  title={Reinforcement learning - an introduction},
  author={Richard S. Sutton and Andrew G. Barto},
  booktitle={Adaptive computation and machine learning},
  year={1998},
  url={https://api.semanticscholar.org/CorpusID:264703640}
}
@article{tassa2018deepmind,
  title={Deepmind control suite},
  author={Tassa, Yuval and Doron, Yotam and Muldal, Alistair and Erez, Tom and Li, Yazhe and Casas, Diego de Las and Budden, David and Abdolmaleki, Abbas and Merel, Josh and Lefrancq, Andrew and others},
  journal={arXiv preprint arXiv:1801.00690},
  year={2018}
}
@article{2020t5,
  author  = {Colin Raffel and Noam Shazeer and Adam Roberts and Katherine Lee and Sharan Narang and Michael Matena and Yanqi Zhou and Wei Li and Peter J. Liu},
  title   = {Exploring the Limits of Transfer Learning with a Unified Text-to-Text Transformer},
  journal = {Journal of Machine Learning Research},
  year    = {2020},
  volume  = {21},
  number  = {140},
  pages   = {1-67},
  url     = {http://jmlr.org/papers/v21/20-074.html}
}
@misc{chen2023pixartalpha,
    title={PixArt-$\alpha$: Fast Training of Diffusion Transformer for Photorealistic Text-to-Image Synthesis}, 
    author={Junsong Chen and Jincheng Yu and Chongjian Ge and Lewei Yao and Enze Xie and Yue Wu and Zhongdao Wang and James Kwok and Ping Luo and Huchuan Lu and Zhenguo Li},
    year={2023},
    eprint={2310.00426},
    archivePrefix={arXiv},
    primaryClass={cs.CV}
}
@article{ddpm,
  title={Denoising diffusion probabilistic models},
  author={Ho, Jonathan and Jain, Ajay and Abbeel, Pieter},
  journal={Advances in neural information processing systems},
  volume={33},
  pages={6840--6851},
  year={2020}
}