@inproceedings{angelopoulos2021uncertainty,
  title = {Uncertainty Sets for Image Classifiers Using Conformal Prediction},
  booktitle = {International {{Conference}} on {{Learning Representations}}},
  author = {Angelopoulos, Anastasios Nikolas and Bates, Stephen and Jordan, Michael and Malik, Jitendra},
  year = {2021},
  urldate = {2024-03-22},
  language = {en}
}

@article{bahri2024explaining,
  title = {Explaining Neural Scaling Laws},
  author = {Bahri, Yasaman and Dyer, Ethan and Kaplan, Jared and Lee, Jaehoon and Sharma, Utkarsh},
  year = {2024},
  journal = {Proceedings of the National Academy of Sciences},
  volume = {121},
  pages = {e2311878121},
  publisher = {Proceedings of the National Academy of Sciences},
  urldate = {2024-09-12},
  language = {en-US}
}

@inproceedings{bai2021understanding,
  ids = {ad1356ec-b0a1-4fc3-bd7c-5e89c314faf8,bai2021understandinga},
  title = {Understanding the Under-Coverage Bias in Uncertainty Estimation},
  booktitle = {Neural {{Information Processing Systems}}},
  author = {Bai, Yu and Mei, Song and Wang, Huan and Xiong, Caiming},
  year = {2021},
  volume = {34},
  eprint = {2106.05515},
  pages = {18307--18319},
  publisher = {Curran Associates, Inc.},
  urldate = {2024-10-30},
  archiveprefix = {arXiv},
  language = {en-US},
  journal = {arXiv preprint arXiv: 2106.05515}
}

@inproceedings{bai2022efficient,
  title = {Efficient and Differentiable Conformal Prediction with General Function Classes},
  booktitle = {International {{Conference}} on {{Learning Representations}}},
  author = {Bai, Yu and Mei, Song and Wang, Huan and Zhou, Yingbo and Xiong, Caiming},
  year = {2022},
  urldate = {2025-02-04},
  language = {en}
}

@article{barber2023conformal,
  title = {Conformal Prediction beyond Exchangeability},
  author = {Barber, Rina Foygel and Cand{\`e}s, Emmanuel J. and Ramdas, Aaditya and Tibshirani, Ryan J.},
  year = {2023},
  journal = {The Annals of Statistics},
  volume = {51},
  pages = {816--845},
  urldate = {2024-08-22},
  language = {en}
}

@inproceedings{carlsson2014aggregated,
  title = {Aggregated Conformal Prediction},
  booktitle = {Artificial {{Intelligence Applications}} and {{Innovations}}},
  author = {Carlsson, Lars and Eklund, Martin and Norinder, Ulf},
  editor = {Iliadis, Lazaros and Maglogiannis, Ilias and Papadopoulos, Harris and Sioutas, Spyros and Makris, Christos},
  year = {2014},
  pages = {231--240},
  publisher = {Springer},
  address = {Berlin, Heidelberg},
  doi = {10.1007/978-3-662-44722-2_25},
  isbn = {978-3-662-44722-2},
  language = {en}
}

@article{dabah2024temperature,
  title = {On Temperature Scaling and Conformal Prediction of Deep Classifiers},
  author = {Dabah, Lahav and Tirer, Tom},
  year = {2024},
  eprint = {2402.05806},
  primaryclass = {cs, stat},
  publisher = {arXiv},
  urldate = {2024-09-11},
  archiveprefix = {arXiv},
  language = {en-US},
  journal = {arXiv preprint arXiv: 2402.05806}
}

@article{dawid1985calibrationbased,
  title = {Calibration-Based Empirical Probability},
  author = {Dawid, A. P.},
  year = {1985},
  journal = {The Annals of Statistics},
  volume = {13},
  pages = {1251--1274},
  publisher = {Institute of Mathematical Statistics},
  urldate = {2024-03-28}
}

@inproceedings{deng2009imagenet,
  title = {{{ImageNet}}: A Large-Scale Hierarchical Image Database},
  booktitle = {2009 {{IEEE Conference}} on {{Computer Vision}} and {{Pattern Recognition}}},
  author = {Deng, Jia and Dong, Wei and Socher, Richard and Li, Li-Jia and Li, Kai and {Fei-Fei}, Li},
  year = {2009},
  pages = {248--255},
  doi = {10.1109/CVPR.2009.5206848},
  urldate = {2024-12-28}
}

@inproceedings{ding2023classconditional,
  title = {Class-Conditional Conformal Prediction with Many Classes},
  booktitle = {Neural {{Information Processing Systems}}},
  author = {Ding, Tiffany and Angelopoulos, Anastasios and Bates, Stephen and Jordan, Michael and Tibshirani, Ryan J.},
  year = {2023},
  volume = {36},
  pages = {64555--64576},
  publisher = {Curran Associates, Inc.},
  urldate = {2025-02-05},
  language = {en}
}

@article{dvoretzky1956asymptotic,
  title = {Asymptotic Minimax Character of the Sample Distribution Function and of the Classical Multinomial Estimator},
  author = {Dvoretzky, A. and Kiefer, J. and Wolfowitz, J.},
  year = {1956},
  journal = {The Annals of Mathematical Statistics},
  volume = {27},
  pages = {642--669},
  publisher = {Institute of Mathematical Statistics},
  urldate = {2025-01-01}
}

@article{einbinder2024label,
  title = {Label Noise Robustness of Conformal Prediction},
  author = {Einbinder, Bat-Sheva and Feldman, Shai and Bates, Stephen and Angelopoulos, Anastasios N. and Gendler, Asaf and Romano, Yaniv},
  year = {2024},
  journal = {Journal of Machine Learning Research},
  volume = {25},
  pages = {1--66},
  urldate = {2024-11-30},
  language = {en-US}
}

@article{fan2024utopia,
  title = {{{UTOPIA}}: {{Universally}} Trainable Optimal Prediction Intervals Aggregation},
  author = {Fan, Jianqing and Ge, Jiawei and Mukherjee, Debarghya},
  year = {2024},
  eprint = {2306.16549},
  publisher = {arXiv},
  urldate = {2024-10-29},
  archiveprefix = {arXiv},
  language = {en-US},
  journal = {arXiv preprint arXiv: 2306.16549}
}

@article{gasparin2024conformal,
  title = {Conformal Online Model Aggregation},
  author = {Gasparin, Matteo and Ramdas, Aaditya},
  year = {2024},
  eprint = {2403.15527},
  primaryclass = {stat},
  publisher = {arXiv},
  urldate = {2024-12-12},
  archiveprefix = {arXiv},
  language = {en-US},
  journal = {arXiv preprint arXiv: 2403.15527}
}

@inproceedings{ge2024optimal,
  ids = {3bbb3f13-ebec-466e-b086-85cf0aa20e0b,ge2024optimala},
  title = {Optimal Aggregation of Prediction Intervals under Unsupervised Domain Shift},
  booktitle = {Neural {{Information Processing Systems}}},
  author = {Ge, Jiawei and Mukherjee, Debarghya and Fan, Jianqing},
  year = {2024},
  volume = {37},
  publisher = {Curran Associates, Inc.},
  urldate = {2025-02-05},
  language = {en}
}

@article{gibbs2024conformal,
  title = {Conformal Prediction with Conditional Guarantees},
  author = {Gibbs, Isaac and Cherian, John J. and Cand{\`e}s, Emmanuel J.},
  year = {2024},
  eprint = {2305.12616},
  publisher = {arXiv},
  urldate = {2024-10-21},
  archiveprefix = {arXiv},
  language = {en-US},
  journal = {arXiv preprint arXiv: 2305.12616}
}

@article{guan2023localized,
  title = {Localized Conformal Prediction: A Generalized Inference Framework for Conformal Prediction},
  author = {Guan, Leying},
  year = {2023},
  journal = {Biometrika},
  volume = {110},
  pages = {33--50},
  urldate = {2024-12-22},
  language = {en-US}
}

@inproceedings{guo2017calibration,
  ids = {5a78ea72-ec7e-4f52-b832-611f2edcc230,guo2017calibrationa},
  title = {On Calibration of Modern Neural Networks},
  booktitle = {Proceedings of the 34th {{International Conference}} on {{Machine Learning}}},
  author = {Guo, Chuan and Pleiss, Geoff and Sun, Yu and Weinberger, Kilian Q.},
  year = {2017},
  pages = {1321--1330},
  publisher = {PMLR},
  urldate = {2025-02-05},
  language = {en}
}

@article{gupta2022nested,
  title = {Nested Conformal Prediction and Quantile Out-of-Bag Ensemble Methods},
  author = {Gupta, Chirag and Kuchibhotla, Arun K. and Ramdas, Aaditya},
  year = {2022},
  journal = {Pattern Recognition},
  volume = {127},
  pages = {108496},
  urldate = {2024-09-10},
  language = {en-US}
}

@inproceedings{guyon1991structural,
  title = {Structural Risk Minimization for Character Recognition},
  booktitle = {Neural {{Information Processing Systems}}},
  author = {Guyon, I. and Vapnik, V. and Boser, B. and Bottou, L. and Solla, S. A.},
  year = {1991},
  volume = {4},
  publisher = {Curran Associates, Inc.},
  urldate = {2025-01-31}
}

@inproceedings{he2016deep,
  title = {Deep Residual Learning for Image Recognition},
  booktitle = {Proceedings of the {{IEEE Conference}} on {{Computer Vision}} and {{Pattern Recognition}}},
  author = {He, Kaiming and Zhang, Xiangyu and Ren, Shaoqing and Sun, Jian},
  year = {2016},
  pages = {770--778},
  urldate = {2024-12-28}
}

@inproceedings{huang2023uncertainty,
  ids = {34cab267-3e06-4b8a-bfc3-aaef500d32b0,huang2023uncertaintya},
  title = {Uncertainty Quantification over Graph with Conformalized Graph Neural Networks},
  booktitle = {Neural {{Information Processing Systems}}},
  author = {Huang, Kexin and Jin, Ying and Candes, Emmanuel and Leskovec, Jure},
  year = {2023},
  volume = {36},
  pages = {26699--26721},
  publisher = {Curran Associates, Inc.},
  urldate = {2025-02-05},
  language = {en}
}

@inproceedings{huang2024conformal,
  title = {Conformal Prediction for Deep Classifier via Label Ranking},
  booktitle = {Proceedings of the 41st {{International Conference}} on {{Machine Learning}}},
  author = {Huang, Jianguo and Xi, Huajun and Zhang, Linjun and Yao, Huaxiu and Qiu, Yue and Wei, Hongxin},
  year = {2024},
  series = {Proceedings of {{Machine Learning Research}}},
  pages = {20331--20347},
  publisher = {PMLR},
  urldate = {2024-10-08},
  language = {en}
}

@article{kaplan2020scaling,
  title = {Scaling Laws for Neural Language Models},
  author = {Kaplan, Jared and McCandlish, Sam and Henighan, Tom and Brown, Tom B. and Chess, Benjamin and Child, Rewon and Gray, Scott and Radford, Alec and Wu, Jeffrey and Amodei, Dario},
  year = {2020},
  eprint = {2001.08361},
  primaryclass = {cs},
  publisher = {arXiv},
  urldate = {2025-01-02},
  archiveprefix = {arXiv},
  language = {en-US},
  journal = {arXiv preprint arXiv: 2001.08361}
}

@article{kingma2017adam,
  title = {Adam: A Method for Stochastic Optimization},
  author = {Kingma, Diederik P. and Ba, Jimmy},
  year = {2017},
  eprint = {1412.6980},
  primaryclass = {cs},
  publisher = {arXiv},
  urldate = {2025-01-15},
  archiveprefix = {arXiv},
  journal = {arXiv preprint arXiv: 1412.6980}
}

@inproceedings{kiyani2024conformal,
  title = {Conformal Prediction with Learned Features},
  booktitle = {Proceedings of the 41st {{International Conference}} on {{Machine Learning}}},
  author = {Kiyani, Shayan and Pappas, George J. and Hassani, Hamed},
  year = {2024},
  urldate = {2024-12-22},
  language = {en}
}

@inproceedings{kiyani2024length,
  ids = {272abf43-7eb0-4758-ad6d-f90bf686dc29,ad359f39-d269-4ded-b9e1-9e552d61fc38,kiyani2024lengtha},
  title = {Length Optimization in Conformal Prediction},
  booktitle = {Neural {{Information Processing Systems}}},
  author = {Kiyani, Shayan and Pappas, George J. and Hassani, Hamed},
  year = {2024},
  volume = {37},
  publisher = {Curran Associates, Inc.},
  urldate = {2025-02-05},
  language = {en}
}

@article{koltchinskii2001rademacher,
  title = {Rademacher Penalties and Structural Risk Minimization},
  author = {Koltchinskii, V.},
  year = {2001},
  journal = {IEEE Transactions on Information Theory},
  volume = {47},
  pages = {1902--1914},
  urldate = {2025-01-30},
  language = {en-US}
}

@mastersthesis{krizhevsky2009learning,
  title = {Learning Multiple Layers of Features from Tiny Images},
  author = {Krizhevsky, A.},
  year = {2009},
  urldate = {2024-12-28},
  language = {en-US},
  school = {University of Toronto}
}

@article{lei2018distributionfree,
  title = {Distribution-Free Predictive Inference for Regression},
  author = {Lei, Jing and G'Sell, Max and Rinaldo, Alessandro and Tibshirani, Ryan J. and Wasserman, Larry},
  year = {2018},
  journal = {Journal of the American Statistical Association},
  volume = {113},
  pages = {1094--1111},
  publisher = {Taylor \& Francis},
  urldate = {2022-11-02},
  language = {en}
}

@inproceedings{liang2023conformal,
  title = {Conformal Inference Is (Almost) Free for Neural Networks Trained with Early Stopping},
  booktitle = {Proceedings of the 40th {{International Conference}} on {{Machine Learning}}},
  author = {Liang, Ziyi and Zhou, Yanfei and Sesia, Matteo},
  year = {2023},
  pages = {20810--20851},
  publisher = {PMLR},
  urldate = {2025-01-30},
  language = {en}
}

@article{liang2024conformal,
  title = {Conformal Prediction after Efficiency-Oriented Model Selection},
  author = {Liang, Ruiting and Zhu, Wanrong and Barber, Rina Foygel},
  year = {2024},
  eprint = {2408.07066},
  primaryclass = {stat},
  publisher = {arXiv},
  urldate = {2024-08-20},
  archiveprefix = {arXiv},
  language = {en},
  journal = {arXiv preprint arXiv: 2408.07066}
}

@inproceedings{linusson2017calibration,
  title = {On the Calibration of Aggregated Conformal Predictors},
  booktitle = {Proceedings of the {{Sixth Workshop}} on {{Conformal}} and {{Probabilistic Prediction}} and {{Applications}}},
  author = {Linusson, Henrik and Norinder, Ulf and Bostr{\"o}m, Henrik and Johansson, Ulf and L{\"o}fstr{\"o}m, Tuve},
  year = {2017},
  pages = {154--173},
  publisher = {PMLR},
  urldate = {2024-12-12},
  language = {en}
}

@article{liu2020structural,
  title = {Structural Risk Minimization of Rough Set-Based Classifier},
  author = {Liu, Jinfu and Bai, Mingliang and Jiang, Na and Yu, Daren},
  year = {2020},
  journal = {Soft Computing},
  volume = {24},
  pages = {2049--2066},
  urldate = {2025-01-31},
  language = {en}
}

@inproceedings{liu2023overtraining,
  title = {Over-Training with Mixup May Hurt Generalization},
  booktitle = {International {{Conference}} on {{Learning Representations}}},
  author = {Liu, Zixuan and Wang, Ziqiao and Guo, Hongyu and Mao, Yongyi},
  year = {2023},
  urldate = {2024-12-24},
  language = {en}
}

@inproceedings{liu2025cadapter,
  ids = {9bff8e18-dec7-445a-a4c8-b831671baf56,liu2024cadaptera},
  title = {C-Adapter: Adapting Deep Classifiers for Efficient Conformal Prediction Sets},
  booktitle = {The {{Thirteenth International Conference}} on {{Learning Representations}}},
  author = {Liu, Kangdao and Zeng, Hao and Huang, Jianguo and Zhuang, Huiping and Vong, Chi Man and Wei, Hongxin},
  year = {2025},
  publisher = {arXiv},
  urldate = {2025-02-05},
  language = {en}
}

@article{lu2022estimating,
  title = {Estimating Test Performance for {{AI}} Medical Devices under Distribution Shift with Conformal Prediction},
  author = {Lu, Charles and Ahmed, Syed Rakin and Singh, Praveer and {Kalpathy-Cramer}, Jayashree},
  year = {2022},
  eprint = {2207.05796},
  primaryclass = {cs},
  publisher = {arXiv},
  urldate = {2024-12-28},
  archiveprefix = {arXiv},
  journal = {arXiv preprint arXiv: 2207.05796}
}

@article{luo2024weighted,
  title = {Weighted Aggregation of Conformity Scores for Classification},
  author = {Luo, Rui and Zhou, Zhixin},
  year = {2024},
  eprint = {2407.10230},
  primaryclass = {cs, stat},
  publisher = {arXiv},
  urldate = {2024-08-03},
  archiveprefix = {arXiv},
  language = {en-US},
  journal = {arXiv preprint arXiv: 2407.10230}
}

@article{massart1990tight,
  title = {The Tight Constant in the {{Dvoretzky-Kiefer-Wolfowitz}} Inequality},
  author = {Massart, P.},
  year = {1990},
  journal = {The Annals of Probability},
  volume = {18},
  pages = {1269--1283},
  publisher = {Institute of Mathematical Statistics},
  urldate = {2024-12-31},
  language = {en-US}
}

@article{noorani2024conformal,
  title = {Conformal Risk Minimization with Variance Reduction},
  author = {Noorani, Sima and Romero, Orlando and Fabbro, Nicolo Dal and Hassani, Hamed and Pappas, George J.},
  year = {2024},
  eprint = {2411.01696},
  primaryclass = {cs},
  publisher = {arXiv},
  urldate = {2025-01-31},
  archiveprefix = {arXiv},
  journal = {arXiv preprint arXiv: 2411.01696}
}

@article{oliveira2024split,
  ids = {e4b56107-27b1-444b-ab44-54b7151aae61},
  title = {Split Conformal Prediction and Non-Exchangeable Data},
  author = {Oliveira, Roberto I and Orenstein, Paulo and Ramos, Thiago and Romano, Joao Vitor},
  year = {2024},
  journal = {Journal of Machine Learning Research},
  volume = {25},
  pages = {1--38},
  language = {en-US}
}

@incollection{papadopoulos2008inductive,
  title = {Inductive Conformal Prediction: {{Theory}} and Application to Neural Networks},
  booktitle = {Tools in Artificial Intelligence},
  author = {Papadopoulos, Harris},
  year = {2008},
  publisher = {IntechOpen},
  urldate = {2024-08-04},
  language = {en-US}
}

@inproceedings{paszke2019pytorch,
  title = {{{PyTorch}}: An Imperative Style, High-Performance Deep Learning Library},
  booktitle = {Neural {{Information Processing Systems}}},
  author = {Paszke, Adam and Gross, Sam and Massa, Francisco and Lerer, Adam and Bradbury, James and Chanan, Gregory and Killeen, Trevor and Lin, Zeming and Gimelshein, Natalia and Antiga, Luca and Desmaison, Alban and K{\"o}pf, Andreas and Yang, Edward and DeVito, Zach and Raison, Martin and Tejani, Alykhan and Chilamkurthy, Sasank and Steiner, Benoit and Fang, Lu and Bai, Junjie and Chintala, Soumith},
  year = {2019},
  volume = {32},
  pages = {8026--8037},
  publisher = {Curran Associates Inc.},
  urldate = {2025-01-09}
}

@article{platt1999probabilistic,
  title = {Probabilistic Outputs for Support Vector Machines and Comparisons to Regularized Likelihood Methods},
  author = {Platt, John},
  year = {1999},
  journal = {Advances in Large Margin Classifiers},
  volume = {10},
  pages = {61--74},
  publisher = {Cambridge, MA},
  urldate = {2025-01-06}
}

@article{qin2024sat,
  title = {{{SAT}}: {{Data-light}} Uncertainty Set Merging via Synthetics, Aggregation, and Test Inversion},
  author = {Qin, Shenghao and He, Jianliang and Gang, Bowen and Xia, Yin},
  year = {2024},
  eprint = {2410.12201},
  primaryclass = {stat},
  publisher = {arXiv},
  urldate = {2024-12-12},
  archiveprefix = {arXiv},
  language = {en-US},
  journal = {arXiv preprint arXiv: 2410.12201}
}

@inproceedings{romano2020classification,
  ids = {romano2020classificationa},
  title = {Classification with Valid and Adaptive Coverage},
  booktitle = {Neural {{Information Processing Systems}}},
  author = {Romano, Yaniv and Sesia, Matteo and Cand{\`e}s, Emmanuel J.},
  year = {2020},
  volume = {33},
  eprint = {2006.02544},
  primaryclass = {stat},
  pages = {3581--3591},
  publisher = {Curran Associates, Inc.},
  urldate = {2024-05-26},
  archiveprefix = {arXiv},
  language = {en},
  journal = {arXiv preprint arXiv: 2006.02544}
}

@article{sadinle2019least,
  ids = {sadinle2019leastb},
  title = {Least Ambiguous Set-Valued Classifiers with Bounded Error Levels},
  author = {Sadinle, Mauricio and Lei, Jing and Wasserman, Larry},
  year = {2019},
  volume = {114},
  eprint = {1609.00451},
  primaryclass = {cs, stat},
  pages = {223--234},
  urldate = {2023-07-10},
  archiveprefix = {arXiv},
  language = {en},
  journal = {arXiv preprint arXiv: 1609.00451}
}

@article{shawe-taylor1998structural,
  title = {Structural Risk Minimization over Data-Dependent Hierarchies},
  author = {{Shawe-Taylor}, J. and Bartlett, P.L. and Williamson, R.C. and Anthony, M.},
  year = {1998},
  journal = {IEEE Transactions on Information Theory},
  volume = {44},
  pages = {1926--1940},
  urldate = {2025-01-30},
  copyright = {https://ieeexplore.ieee.org/Xplorehelp/downloads/license-information/IEEE.html}
}

@inproceedings{song2024similaritynavigated,
  ids = {ee7bfa37-ac24-436b-843e-5abf6ee002eb,song2024similaritynavigateda},
  title = {Similarity-Navigated Conformal Prediction for Graph Neural Networks},
  booktitle = {Neural {{Information Processing Systems}}},
  author = {Song, Jianqing and Huang, Jianguo and Jiang, Wenyu and Zhang, Baoming and Li, Shuangjie and Wang, Chongjun},
  year = {2024},
  volume = {37},
  publisher = {arXiv},
  urldate = {2025-02-05},
  language = {en}
}

@inproceedings{stutz2022learning,
  ids = {68416f9f-c5c9-40a6-ba5b-9ca0c9b63ec9,stutz2021learning},
  title = {Learning Optimal Conformal Classifiers},
  booktitle = {International {{Conference}} on {{Learning Representations}}},
  author = {Stutz, David and Dvijotham, Krishnamurthy Dj and Cemgil, Ali Taylan and Doucet, Arnaud},
  year = {2022},
  publisher = {arXiv},
  urldate = {2025-02-05},
  language = {en}
}

@inproceedings{trunov2023online,
  title = {Online Aggregation of Conformal Predictive Systems},
  booktitle = {Proceedings of the {{Twelfth Symposium}} on {{Conformal}}  and {{Probabilistic Prediction}} with {{Applications}}},
  author = {Trunov, Vladimir G. and V'yugin, Vladimir V.},
  year = {2023},
  pages = {430--449},
  publisher = {PMLR},
  urldate = {2025-02-05},
  language = {en}
}

@book{vandervaart1996weak,
  title = {Weak Convergence and Empirical Processes},
  author = {{van der Vaart}, Aad W. and Wellner, Jon A.},
  year = {1996},
  series = {Springer {{Series}} in {{Statistics}}},
  publisher = {Springer New York},
  address = {New York},
  urldate = {2021-08-21},
  isbn = {978-1-4757-2545-2},
  language = {en}
}

@article{vapnik1971uniform,
  title = {On the Uniform Convergence of Relative Frequencies of Events to Their Probabilities},
  author = {Vapnik, V. N. and Chervonenkis, A. {\relax Ya}.},
  year = {1971},
  journal = {Theory of Probability \& Its Applications},
  volume = {16},
  pages = {264--280},
  publisher = {{Society for Industrial and Applied Mathematics}},
  urldate = {2025-01-05}
}

@inproceedings{vapnik1991principles,
  title = {Principles of Risk Minimization for Learning Theory},
  booktitle = {Neural {{Information Processing Systems}}},
  author = {Vapnik, V.},
  year = {1991},
  volume = {4},
  publisher = {Curran Associates, Inc.},
  urldate = {2025-01-31}
}

@article{vapnik1999overview,
  title = {An Overview of Statistical Learning Theory},
  author = {Vapnik, V.N.},
  year = {1999},
  journal = {IEEE Transactions on Neural Networks},
  volume = {10},
  pages = {988--999},
  urldate = {2024-12-19},
  copyright = {https://ieeexplore.ieee.org/Xplorehelp/downloads/license-information/IEEE.html},
  language = {en}
}

@book{vershynin2018highdimensional,
  title = {High-Dimensional Probability: An Introduction with Applications in Data Science},
  author = {Vershynin, Roman},
  year = {2018},
  series = {Cambridge {{Series}} in {{Statistical}} and {{Probabilistic Mathematics}}},
  edition = {1th},
  publisher = {Cambridge University Press},
  address = {Cambridge},
  doi = {10.1017/9781108231596},
  urldate = {2022-12-06},
  isbn = {978-1-108-41519-4},
  language = {en-US}
}

@book{vovk2005algorithmic,
  title = {Algorithmic Learning in a Random World},
  author = {Vovk, Vladimir and Gammerman, Alexander and Shafer, Glenn},
  year = {2005},
  publisher = {Springer},
  address = {New York},
  isbn = {978-0-387-00152-4 978-0-387-25061-8},
  language = {en},
  lccn = {QA279.2 .V68 2005}
}

@inproceedings{vovk2012conditional,
  title = {Conditional Validity of Inductive Conformal Predictors},
  booktitle = {Proceedings of the {{Asian Conference}} on {{Machine Learning}}},
  author = {Vovk, Vladimir},
  year = {2012},
  eprint = {1209.2673},
  primaryclass = {cs},
  pages = {475--490},
  publisher = {PMLR},
  urldate = {2024-06-03},
  archiveprefix = {arXiv},
  language = {en},
  journal = {arXiv preprint arXiv: 1209.2673}
}

@book{wainwright2019highdimensional,
  title = {High-Dimensional Statistics: A Non-Asymptotic Viewpoint},
  author = {Wainwright, Martin J.},
  year = {2019},
  publisher = {Cambridge University Press},
  googlebooks = {IluHDwAAQBAJ},
  isbn = {978-1-108-49802-9},
  language = {en}
}

@article{xi2024does,
  title = {Does Confidence Calibration Improve Conformal Prediction?},
  author = {Xi, Huajun and Huang, Jianguo and Liu, Kangdao and Feng, Lei and Wei, Hongxin},
  year = {2024},
  eprint = {2402.04344},
  publisher = {arXiv},
  urldate = {2024-12-27},
  archiveprefix = {arXiv},
  language = {en-US},
  journal = {arXiv preprint arXiv: 2402.04344}
}

@article{yang2024selection,
  title = {Selection and Aggregation of Conformal Prediction Sets},
  author = {Yang, Yachong and Kuchibhotla, Arun Kumar},
  year = {2024},
  journal = {Journal of the American Statistical Association},
  volume = {Online},
  pages = {1--13},
  urldate = {2024-08-26},
  language = {en}
}

@inproceedings{zargarbashi2023conformal,
  title = {Conformal Prediction Sets for Graph Neural Networks},
  booktitle = {International {{Conference}} on {{Machine Learning}}},
  author = {Zargarbashi, Soroush H. and Antonelli, Simone and Bojchevski, Aleksandar},
  year = {2023},
  volume = {40},
  pages = {12292--12318},
  publisher = {PMLR},
  urldate = {2024-08-18},
  language = {en}
}
