@inproceedings{angelopoulos2021uncertainty,
  title = {Uncertainty Sets for Image Classifiers Using Conformal Prediction},
  booktitle = {International {{Conference}} on {{Learning Representations}}},
  author = {Angelopoulos, Anastasios Nikolas and Bates, Stephen and Jordan, Michael and Malik, Jitendra},
  year = {2021},
  urldate = {2024-03-22},
  language = {en}
}

@inproceedings{bai2022efficient,
  title = {Efficient and Differentiable Conformal Prediction with General Function Classes},
  booktitle = {International {{Conference}} on {{Learning Representations}}},
  author = {Bai, Yu and Mei, Song and Wang, Huan and Zhou, Yingbo and Xiong, Caiming},
  year = {2022},
  urldate = {2025-02-04},
  language = {en}
}

@article{fan2024utopia,
  title = {{{UTOPIA}}: {{Universally}} Trainable Optimal Prediction Intervals Aggregation},
  author = {Fan, Jianqing and Ge, Jiawei and Mukherjee, Debarghya},
  year = {2024},
  eprint = {2306.16549},
  publisher = {arXiv},
  urldate = {2024-10-29},
  archiveprefix = {arXiv},
  language = {en-US},
  journal = {arXiv preprint arXiv: 2306.16549}
}

@article{gasparin2024conformal,
  title = {Conformal Online Model Aggregation},
  author = {Gasparin, Matteo and Ramdas, Aaditya},
  year = {2024},
  eprint = {2403.15527},
  primaryclass = {stat},
  publisher = {arXiv},
  urldate = {2024-12-12},
  archiveprefix = {arXiv},
  language = {en-US},
  journal = {arXiv preprint arXiv: 2403.15527}
}

@inproceedings{ge2024optimal,
  ids = {3bbb3f13-ebec-466e-b086-85cf0aa20e0b,ge2024optimala},
  title = {Optimal Aggregation of Prediction Intervals under Unsupervised Domain Shift},
  booktitle = {Neural {{Information Processing Systems}}},
  author = {Ge, Jiawei and Mukherjee, Debarghya and Fan, Jianqing},
  year = {2024},
  volume = {37},
  publisher = {Curran Associates, Inc.},
  urldate = {2025-02-05},
  language = {en}
}

@article{gibbs2024conformal,
  title = {Conformal Prediction with Conditional Guarantees},
  author = {Gibbs, Isaac and Cherian, John J. and Cand{\`e}s, Emmanuel J.},
  year = {2024},
  eprint = {2305.12616},
  publisher = {arXiv},
  urldate = {2024-10-21},
  archiveprefix = {arXiv},
  language = {en-US},
  journal = {arXiv preprint arXiv: 2305.12616}
}

@article{gupta2022nested,
  title = {Nested Conformal Prediction and Quantile Out-of-Bag Ensemble Methods},
  author = {Gupta, Chirag and Kuchibhotla, Arun K. and Ramdas, Aaditya},
  year = {2022},
  journal = {Pattern Recognition},
  volume = {127},
  pages = {108496},
  urldate = {2024-09-10},
  language = {en-US}
}

@inproceedings{guyon1991structural,
  title = {Structural Risk Minimization for Character Recognition},
  booktitle = {Neural {{Information Processing Systems}}},
  author = {Guyon, I. and Vapnik, V. and Boser, B. and Bottou, L. and Solla, S. A.},
  year = {1991},
  volume = {4},
  publisher = {Curran Associates, Inc.},
  urldate = {2025-01-31}
}

@inproceedings{huang2024conformal,
  title = {Conformal Prediction for Deep Classifier via Label Ranking},
  booktitle = {Proceedings of the 41st {{International Conference}} on {{Machine Learning}}},
  author = {Huang, Jianguo and Xi, Huajun and Zhang, Linjun and Yao, Huaxiu and Qiu, Yue and Wei, Hongxin},
  year = {2024},
  series = {Proceedings of {{Machine Learning Research}}},
  pages = {20331--20347},
  publisher = {PMLR},
  urldate = {2024-10-08},
  language = {en}
}

@inproceedings{kiyani2024conformal,
  title = {Conformal Prediction with Learned Features},
  booktitle = {Proceedings of the 41st {{International Conference}} on {{Machine Learning}}},
  author = {Kiyani, Shayan and Pappas, George J. and Hassani, Hamed},
  year = {2024},
  urldate = {2024-12-22},
  language = {en}
}

@inproceedings{kiyani2024length,
  ids = {272abf43-7eb0-4758-ad6d-f90bf686dc29,ad359f39-d269-4ded-b9e1-9e552d61fc38,kiyani2024lengtha},
  title = {Length Optimization in Conformal Prediction},
  booktitle = {Neural {{Information Processing Systems}}},
  author = {Kiyani, Shayan and Pappas, George J. and Hassani, Hamed},
  year = {2024},
  volume = {37},
  publisher = {Curran Associates, Inc.},
  urldate = {2025-02-05},
  language = {en}
}

@article{koltchinskii2001rademacher,
  title = {Rademacher Penalties and Structural Risk Minimization},
  author = {Koltchinskii, V.},
  year = {2001},
  journal = {IEEE Transactions on Information Theory},
  volume = {47},
  pages = {1902--1914},
  urldate = {2025-01-30},
  language = {en-US}
}

@article{lei2018distributionfree,
  title = {Distribution-Free Predictive Inference for Regression},
  author = {Lei, Jing and G'Sell, Max and Rinaldo, Alessandro and Tibshirani, Ryan J. and Wasserman, Larry},
  year = {2018},
  journal = {Journal of the American Statistical Association},
  volume = {113},
  pages = {1094--1111},
  publisher = {Taylor \& Francis},
  urldate = {2022-11-02},
  language = {en}
}

@article{liu2020structural,
  title = {Structural Risk Minimization of Rough Set-Based Classifier},
  author = {Liu, Jinfu and Bai, Mingliang and Jiang, Na and Yu, Daren},
  year = {2020},
  journal = {Soft Computing},
  volume = {24},
  pages = {2049--2066},
  urldate = {2025-01-31},
  language = {en}
}

@inproceedings{liu2025cadapter,
  ids = {9bff8e18-dec7-445a-a4c8-b831671baf56,liu2024cadaptera},
  title = {C-Adapter: Adapting Deep Classifiers for Efficient Conformal Prediction Sets},
  booktitle = {The {{Thirteenth International Conference}} on {{Learning Representations}}},
  author = {Liu, Kangdao and Zeng, Hao and Huang, Jianguo and Zhuang, Huiping and Vong, Chi Man and Wei, Hongxin},
  year = {2025},
  publisher = {arXiv},
  urldate = {2025-02-05},
  language = {en}
}

@article{luo2024weighted,
  title = {Weighted Aggregation of Conformity Scores for Classification},
  author = {Luo, Rui and Zhou, Zhixin},
  year = {2024},
  eprint = {2407.10230},
  primaryclass = {cs, stat},
  publisher = {arXiv},
  urldate = {2024-08-03},
  archiveprefix = {arXiv},
  language = {en-US},
  journal = {arXiv preprint arXiv: 2407.10230}
}

@article{noorani2024conformal,
  title = {Conformal Risk Minimization with Variance Reduction},
  author = {Noorani, Sima and Romero, Orlando and Fabbro, Nicolo Dal and Hassani, Hamed and Pappas, George J.},
  year = {2024},
  eprint = {2411.01696},
  primaryclass = {cs},
  publisher = {arXiv},
  urldate = {2025-01-31},
  archiveprefix = {arXiv},
  journal = {arXiv preprint arXiv: 2411.01696}
}

@incollection{papadopoulos2008inductive,
  title = {Inductive Conformal Prediction: {{Theory}} and Application to Neural Networks},
  booktitle = {Tools in Artificial Intelligence},
  author = {Papadopoulos, Harris},
  year = {2008},
  publisher = {IntechOpen},
  urldate = {2024-08-04},
  language = {en-US}
}

@article{qin2024sat,
  title = {{{SAT}}: {{Data-light}} Uncertainty Set Merging via Synthetics, Aggregation, and Test Inversion},
  author = {Qin, Shenghao and He, Jianliang and Gang, Bowen and Xia, Yin},
  year = {2024},
  eprint = {2410.12201},
  primaryclass = {stat},
  publisher = {arXiv},
  urldate = {2024-12-12},
  archiveprefix = {arXiv},
  language = {en-US},
  journal = {arXiv preprint arXiv: 2410.12201}
}

@inproceedings{romano2020classification,
  ids = {romano2020classificationa},
  title = {Classification with Valid and Adaptive Coverage},
  booktitle = {Neural {{Information Processing Systems}}},
  author = {Romano, Yaniv and Sesia, Matteo and Cand{\`e}s, Emmanuel J.},
  year = {2020},
  volume = {33},
  eprint = {2006.02544},
  primaryclass = {stat},
  pages = {3581--3591},
  publisher = {Curran Associates, Inc.},
  urldate = {2024-05-26},
  archiveprefix = {arXiv},
  language = {en},
  journal = {arXiv preprint arXiv: 2006.02544}
}

@article{sadinle2019least,
  ids = {sadinle2019leastb},
  title = {Least Ambiguous Set-Valued Classifiers with Bounded Error Levels},
  author = {Sadinle, Mauricio and Lei, Jing and Wasserman, Larry},
  year = {2019},
  volume = {114},
  eprint = {1609.00451},
  primaryclass = {cs, stat},
  pages = {223--234},
  urldate = {2023-07-10},
  archiveprefix = {arXiv},
  language = {en},
  journal = {arXiv preprint arXiv: 1609.00451}
}

@article{shawe-taylor1998structural,
  title = {Structural Risk Minimization over Data-Dependent Hierarchies},
  author = {{Shawe-Taylor}, J. and Bartlett, P.L. and Williamson, R.C. and Anthony, M.},
  year = {1998},
  journal = {IEEE Transactions on Information Theory},
  volume = {44},
  pages = {1926--1940},
  urldate = {2025-01-30},
  copyright = {https://ieeexplore.ieee.org/Xplorehelp/downloads/license-information/IEEE.html}
}

@inproceedings{stutz2022learning,
  ids = {68416f9f-c5c9-40a6-ba5b-9ca0c9b63ec9,stutz2021learning},
  title = {Learning Optimal Conformal Classifiers},
  booktitle = {International {{Conference}} on {{Learning Representations}}},
  author = {Stutz, David and Dvijotham, Krishnamurthy Dj and Cemgil, Ali Taylan and Doucet, Arnaud},
  year = {2022},
  publisher = {arXiv},
  urldate = {2025-02-05},
  language = {en}
}

@book{vandervaart1996weak,
  title = {Weak Convergence and Empirical Processes},
  author = {{van der Vaart}, Aad W. and Wellner, Jon A.},
  year = {1996},
  series = {Springer {{Series}} in {{Statistics}}},
  publisher = {Springer New York},
  address = {New York},
  urldate = {2021-08-21},
  isbn = {978-1-4757-2545-2},
  language = {en}
}

@article{vapnik1971uniform,
  title = {On the Uniform Convergence of Relative Frequencies of Events to Their Probabilities},
  author = {Vapnik, V. N. and Chervonenkis, A. {\relax Ya}.},
  year = {1971},
  journal = {Theory of Probability \& Its Applications},
  volume = {16},
  pages = {264--280},
  publisher = {{Society for Industrial and Applied Mathematics}},
  urldate = {2025-01-05}
}

@inproceedings{vapnik1991principles,
  title = {Principles of Risk Minimization for Learning Theory},
  booktitle = {Neural {{Information Processing Systems}}},
  author = {Vapnik, V.},
  year = {1991},
  volume = {4},
  publisher = {Curran Associates, Inc.},
  urldate = {2025-01-31}
}

@article{vapnik1999overview,
  title = {An Overview of Statistical Learning Theory},
  author = {Vapnik, V.N.},
  year = {1999},
  journal = {IEEE Transactions on Neural Networks},
  volume = {10},
  pages = {988--999},
  urldate = {2024-12-19},
  copyright = {https://ieeexplore.ieee.org/Xplorehelp/downloads/license-information/IEEE.html},
  language = {en}
}

@book{vershynin2018highdimensional,
  title = {High-Dimensional Probability: An Introduction with Applications in Data Science},
  author = {Vershynin, Roman},
  year = {2018},
  series = {Cambridge {{Series}} in {{Statistical}} and {{Probabilistic Mathematics}}},
  edition = {1th},
  publisher = {Cambridge University Press},
  address = {Cambridge},
  doi = {10.1017/9781108231596},
  urldate = {2022-12-06},
  isbn = {978-1-108-41519-4},
  language = {en-US}
}

@book{vovk2005algorithmic,
  title = {Algorithmic Learning in a Random World},
  author = {Vovk, Vladimir and Gammerman, Alexander and Shafer, Glenn},
  year = {2005},
  publisher = {Springer},
  address = {New York},
  isbn = {978-0-387-00152-4 978-0-387-25061-8},
  language = {en},
  lccn = {QA279.2 .V68 2005}
}

@inproceedings{vovk2012conditional,
  title = {Conditional Validity of Inductive Conformal Predictors},
  booktitle = {Proceedings of the {{Asian Conference}} on {{Machine Learning}}},
  author = {Vovk, Vladimir},
  year = {2012},
  eprint = {1209.2673},
  primaryclass = {cs},
  pages = {475--490},
  publisher = {PMLR},
  urldate = {2024-06-03},
  archiveprefix = {arXiv},
  language = {en},
  journal = {arXiv preprint arXiv: 1209.2673}
}

@article{yang2024selection,
  title = {Selection and Aggregation of Conformal Prediction Sets},
  author = {Yang, Yachong and Kuchibhotla, Arun Kumar},
  year = {2024},
  journal = {Journal of the American Statistical Association},
  volume = {Online},
  pages = {1--13},
  urldate = {2024-08-26},
  language = {en}
}

