@Article{abdisarabshali2023decomposition,
  author    = {Abdisarabshali, Payam and Liwang, Minghui and Rajabzadeh, Amir and Ahmadi, Mahmood and Hosseinalipour, Seyyedali},
  journal   = {IEEE/ACM Trans. Netw.},
  title     = {Decomposition Theory Meets Reliability Analysis: Processing of Computation-Intensive Dependent Tasks Over Vehicular Clouds With Dynamic Resources},
  year      = {2023},
  fjournal  = {IEEE/ACM Transactions on Networking},
  publisher = {IEEE},
}

@Article{al2020task,
  author    = {Al-Habob, Ahmed A and Dobre, Octavia A and Armada, Ana Garc{\'\i}a and Muhaidat, Sami},
  journal   = {IEEE Trans. Veh. Technol.},
  title     = {Task scheduling for mobile edge computing using genetic algorithm and conflict graphs},
  year      = {2020},
  number    = {8},
  pages     = {8805--8819},
  volume    = {69},
  fjournal  = {IEEE Transactions on Vehicular Technology},
  publisher = {IEEE},
}

@Article{alameddine2019dynamic,
  author    = {Alameddine, Hyame Assem and Sharafeddine, Sanaa and Sebbah, Samir and Ayoubi, Sara and Assi, Chadi},
  journal   = {IEEE J. Sel. Areas Commun.},
  title     = {Dynamic task offloading and scheduling for low-latency {IoT} services in multi-access edge computing},
  year      = {2019},
  number    = {3},
  pages     = {668--682},
  volume    = {37},
  fjournal  = {IEEE Journal on Selected Areas in Communications},
  publisher = {IEEE},
}

@Article{gao2021truthful,
  author    = {Gao, Zhibin and Liwang, Minghui and Hosseinalipour, Seyyedali and Dai, Huaiyu and Wang, Xianbin},
  journal   = {IEEE Trans. Mobile Comput.},
  title     = {A truthful auction for graph job allocation in vehicular cloud-assisted networks},
  year      = {2022},
  number    = {10},
  pages     = {3455--3469},
  volume    = {21},
  fjournal  = {IEEE Transactions on Mobile Computing},
  publisher = {IEEE},
}

@Article{ghaderi2016scheduling,
  author    = {Ghaderi, Javad and Shakkottai, Sanjay and Srikant, Rayadurgam},
  journal   = {ACM Trans. Model. Perform. Eval. Comput. Syst.},
  title     = {Scheduling storms and streams in the cloud},
  year      = {2016},
  number    = {4},
  pages     = {1--28},
  volume    = {1},
  publisher = {ACM New York, NY, USA},
}

@Article{hosseinalipour2019power,
  author    = {Hosseinalipour, Seyyedali and Nayak, Anuj and Dai, Huaiyu},
  journal   = {IEEE Trans. Parallel Distrib. Syst.},
  title     = {Power-aware allocation of graph jobs in geo-distributed cloud networks},
  year      = {2019},
  number    = {4},
  pages     = {749--765},
  volume    = {31},
  fjournal  = {IEEE Transactions on Parallel and Distributed Systems},
  publisher = {IEEE},
}

@Article{li2022trade,
  author    = {Li, Ruixia and Lim, Chia Sien and Rana, Muhammad Ehsan and Zhou, Xiancun},
  journal   = {IEEE Access},
  title     = {A Trade-Off Task-Offloading Scheme in Multi-User Multi-Task Mobile Edge Computing},
  year      = {2022},
  pages     = {129884--129898},
  volume    = {10},
  publisher = {IEEE},
}

@Article{liu2020dependency,
  author    = {Liu, Yujiong and Wang, Shangguang and Zhao, Qinglin and Du, Shiyu and Zhou, Ao and Ma, Xiao and Yang, Fangchun},
  journal   = {IEEE Internet Things J.},
  title     = {Dependency-aware task scheduling in vehicular edge computing},
  year      = {2020},
  number    = {6},
  pages     = {4961--4971},
  volume    = {7},
  fjournal  = {IEEE Internet of Things Journal},
  publisher = {IEEE},
}

@Article{liu2023rfid,
  author    = {Liu, Zhang and Liwang, Minghui and Hosseinalipour, Seyyedali and Dai, Huaiyu and Gao, Zhibin and Huang, Lianfen},
  journal   = {IEEE Trans. Veh. Technol.},
  title     = {{RFID}: towards low latency and reliable {DAG} task scheduling over dynamic vehicular clouds},
  year      = {2023},
  number    = {5},
  pages     = {3397-3411},
  volume    = {16},
  fjournal  = {IEEE Transactions on Vehicular Technology},
  publisher = {IEEE},
}

@Article{liwang2019allocation,
  author    = {Liwang, Minghui and Hosseinalipour, Seyyedali and Gao, Zhibin and Tang, Yuliang and Huang, Lianfen and Dai, Huaiyu},
  journal   = {IEEE Internet Things J.},
  title     = {Allocation of computation-intensive graph jobs over vehicular clouds in {IoV}},
  year      = {2019},
  number    = {1},
  pages     = {311--324},
  volume    = {7},
  fjournal  = {IEEE Internet of Things Journal},
  publisher = {IEEE},
}

@Article{liwang2020energy,
  author       = {Liwang, Minghui and Gao, Zhibin and Hosseinalipour, Seyyedali and Dai, Huaiyu and Wang, Xianbin},
  journal      = {IEEE Int. Conf. Comput. Commun. Workshops. (INFOCOM WKSHPS)},
  title        = {Energy-aware allocation of graph jobs in vehicular cloud computing-enabled software-defined},
  year         = {2020},
  pages        = {604--609},
  booktitle    = {Int. Conf. Comput. Commun. Workshops. (INFOCOM WKSHPS)},
  organization = {IEEE},
}

@Article{liwang2020multi,
  author       = {Liwang, Minghui and Gao, Zhibin and Hosseinalipour, Seyyedali and Dai, Huaiyu},
  journal      = {IEEE Int. Conf. Commun. (ICC)},
  title        = {Multi-task offloading over vehicular clouds under graph-based representation},
  year         = {2020},
  pages        = {1--7},
  booktitle    = {IEEE Int. Conf. Commun. (ICC)},
  organization = {IEEE},
}

@Article{liwang2023graph,
  author    = {Liwang, Minghui and Gao, Zhibin and Hosseinalipour, Seyyedali and Su, Yuhan and Wang, Xianbin and Dai, Huaiyu},
  journal   = {IEEE Trans. Serv. Comput.},
  title     = {Graph-Represented Computation-Intensive Task Scheduling Over Air-Ground Integrated Vehicular Networks},
  year      = {2023},
  number    = {5},
  pages     = {3397-3411},
  volume    = {16},
  fjournal  = {IEEE Transactions on Services Computing},
  publisher = {IEEE},
}

@Article{lv2022tbtoa,
  author       = {Lv, Xiaoyan and Du, Hongwei and Ye, Qiang},
  journal      = {IEEE Int. Conf. Commun (ICC).},
  title        = {{TBTOA}: A {DAG}-Based Task Offloading Scheme for Mobile Edge Computing},
  year         = {2022},
  pages        = {4607--4612},
  booktitle    = {Int. Conf. Commun (ICC).},
  organization = {IEEE},
}

@Article{shi2016energy,
  author    = {Shi, Li and Zhang, Zhemin and Robertazzi, Thomas},
  journal   = {IEEE Trans. Parallel Distrib. Syst.},
  title     = {Energy-aware scheduling of embarrassingly parallel jobs and resource allocation in cloud},
  year      = {2016},
  number    = {6},
  pages     = {1607--1620},
  volume    = {28},
  fjournal  = {IEEE Transactions on Parallel and Distributed Systems},
  publisher = {IEEE},
}

@Article{sun2018cooperative,
  author    = {Sun, Fei and Hou, Fen and Cheng, Nan and Wang, Miao and Zhou, Haibo and Gui, Lin and Shen, Xuemin},
  journal   = {IEEE Trans. Veh. Technol.},
  title     = {Cooperative task scheduling for computation offloading in vehicular cloud},
  year      = {2018},
  number    = {11},
  pages     = {11049--11061},
  volume    = {67},
  fjournal  = {IEEE Transactions on Vehicular Technology},
  publisher = {IEEE},
}

@Article{tutuncuouglu2022online,
  author    = {T{\"u}t{\"u}nc{\"u}o{\u{g}}lu, Feridun and Jo{\v{s}}ilo, Sla{\dj}ana and D{\'a}n, Gy{\"o}rgy},
  journal   = {IEEE/ACM Trans. Netw.},
  title     = {Online Learning for Rate-Adaptive Task Offloading Under Latency Constraints in Serverless Edge Computing},
  year      = {2023},
  number    = {2},
  pages     = {695-709},
  volume    = {31},
  fjournal  = {IEEE/ACM Transactions on Networking},
  publisher = {IEEE},
}

@Article{yue2021todg,
  author    = {Yue, Sheng and Ren, Ju and Qiao, Nan and Zhang, Yongmin and Jiang, Hongbo and Zhang, Yaoxue and Yang, Yuanyuan},
  journal   = {IEEE Trans. Parallel Distrib. Syst.},
  title     = {{TODG}: Distributed task offloading with delay guarantees for edge computing},
  year      = {2021},
  number    = {7},
  pages     = {1650--1665},
  volume    = {33},
  fjournal  = {IEEE Transactions on Parallel and Distributed Systems},
  publisher = {IEEE},
}

@Article{zhang2022dag,
  author    = {Zhang, Zhijun and Hua, Qiang-Sheng and Zhang, Xiaohui and Jin, Hai and Liao, Xiaofei},
  journal   = {Wireless Commun. Mobile. Comput.},
  title     = {{DAG} Scheduling with Communication Delays Based on Graph Convolutional Neural Network},
  year      = {2022},
  volume    = {2022},
  publisher = {Hindawi},
  ranking   = {rank1},
}

