@Article{li2022trade,
  author    = {Li, Ruixia and Lim, Chia Sien and Rana, Muhammad Ehsan and Zhou, Xiancun},
  journal   = {IEEE Access},
  title     = {A Trade-Off Task-Offloading Scheme in Multi-User Multi-Task Mobile Edge Computing},
  year      = {2022},
  pages     = {129884--129898},
  volume    = {10},
  publisher = {IEEE},
}

@Article{liu2021task,
  author    = {Liu, Bowen and Xu, Xiaolong and Qi, Lianyong and Ni, Qiang and Dou, Wanchun},
  journal   = {J. Syst. Architect.},
  title     = {Task scheduling with precedence and placement constraints for resource utilization improvement in multi-user {MEC} environment},
  year      = {2021},
  pages     = {101970},
  volume    = {114},
  fjournal  = {Journal of Systems Architecture},
  publisher = {Elsevier},
}

@Article{liwang2020energy,
  author       = {Liwang, Minghui and Gao, Zhibin and Hosseinalipour, Seyyedali and Dai, Huaiyu and Wang, Xianbin},
  journal      = {IEEE Int. Conf. Comput. Commun. Workshops. (INFOCOM WKSHPS)},
  title        = {Energy-aware allocation of graph jobs in vehicular cloud computing-enabled software-defined},
  year         = {2020},
  pages        = {604--609},
  booktitle    = {Int. Conf. Comput. Commun. Workshops. (INFOCOM WKSHPS)},
  organization = {IEEE},
}

@Article{liwang2020multi,
  author       = {Liwang, Minghui and Gao, Zhibin and Hosseinalipour, Seyyedali and Dai, Huaiyu},
  journal      = {IEEE Int. Conf. Commun. (ICC)},
  title        = {Multi-task offloading over vehicular clouds under graph-based representation},
  year         = {2020},
  pages        = {1--7},
  booktitle    = {IEEE Int. Conf. Commun. (ICC)},
  organization = {IEEE},
}

@Article{liwang2019allocation,
  author    = {Liwang, Minghui and Hosseinalipour, Seyyedali and Gao, Zhibin and Tang, Yuliang and Huang, Lianfen and Dai, Huaiyu},
  journal   = {IEEE Internet Things J.},
  title     = {Allocation of computation-intensive graph jobs over vehicular clouds in {IoV}},
  year      = {2019},
  number    = {1},
  pages     = {311--324},
  volume    = {7},
  fjournal  = {IEEE Internet of Things Journal},
  publisher = {IEEE},
}

@Article{gao2021truthful,
  author    = {Gao, Zhibin and Liwang, Minghui and Hosseinalipour, Seyyedali and Dai, Huaiyu and Wang, Xianbin},
  journal   = {IEEE Trans. Mobile Comput.},
  title     = {A truthful auction for graph job allocation in vehicular cloud-assisted networks},
  year      = {2022},
  number    = {10},
  pages     = {3455--3469},
  volume    = {21},
  fjournal  = {IEEE Transactions on Mobile Computing},
  publisher = {IEEE},
}

@Article{liwang2023graph,
  author    = {Liwang, Minghui and Gao, Zhibin and Hosseinalipour, Seyyedali and Su, Yuhan and Wang, Xianbin and Dai, Huaiyu},
  journal   = {IEEE Trans. Serv. Comput.},
  title     = {Graph-Represented Computation-Intensive Task Scheduling Over Air-Ground Integrated Vehicular Networks},
  year      = {2023},
  number    = {5},
  pages     = {3397-3411},
  volume    = {16},
  fjournal  = {IEEE Transactions on Services Computing},
  publisher = {IEEE},
}

@Article{sun2018cooperative,
  author    = {Sun, Fei and Hou, Fen and Cheng, Nan and Wang, Miao and Zhou, Haibo and Gui, Lin and Shen, Xuemin},
  journal   = {IEEE Trans. Veh. Technol.},
  title     = {Cooperative task scheduling for computation offloading in vehicular cloud},
  year      = {2018},
  number    = {11},
  pages     = {11049--11061},
  volume    = {67},
  fjournal  = {IEEE Transactions on Vehicular Technology},
  publisher = {IEEE},
}

@Article{mach2017mobile,
  author    = {Mach, Pavel and Becvar, Zdenek},
  journal   = {IEEE Commun. Surveys Tut.},
  title     = {Mobile edge computing: A survey on architecture and computation offloading},
  year      = {2017},
  number    = {3},
  pages     = {1628--1656},
  volume    = {19},
  publisher = {IEEE},
}

@Article{rodrigues2016hybrid,
  author    = {Rodrigues, Tiago Gama and Suto, Katsuya and Nishiyama, Hiroki and Kato, Nei},
  journal   = {IEEE Trans. Comput.},
  title     = {Hybrid method for minimizing service delay in edge cloud computing through {VM} migration and transmission power control},
  year      = {2016},
  number    = {5},
  pages     = {810--819},
  volume    = {66},
  fjournal  = {IEEE Transactions on Computers},
  publisher = {IEEE},
}

@Article{alameddine2019dynamic,
  author    = {Alameddine, Hyame Assem and Sharafeddine, Sanaa and Sebbah, Samir and Ayoubi, Sara and Assi, Chadi},
  journal   = {IEEE J. Sel. Areas Commun.},
  title     = {Dynamic task offloading and scheduling for low-latency {IoT} services in multi-access edge computing},
  year      = {2019},
  number    = {3},
  pages     = {668--682},
  volume    = {37},
  fjournal  = {IEEE Journal on Selected Areas in Communications},
  publisher = {IEEE},
}

@Article{chen2018task,
  author    = {Chen, Min and Hao, Yixue},
  journal   = {IEEE J. Sel. Areas Commun.},
  title     = {Task offloading for mobile edge computing in software defined ultra-dense network},
  year      = {2018},
  number    = {3},
  pages     = {587--597},
  volume    = {36},
  fjournal  = {IEEE Journal on Selected Areas in Communications},
  publisher = {IEEE},
}

@Article{zhang2022dag,
  author    = {Zhang, Zhijun and Hua, Qiang-Sheng and Zhang, Xiaohui and Jin, Hai and Liao, Xiaofei},
  journal   = {Wireless Commun. Mobile. Comput.},
  title     = {{DAG} Scheduling with Communication Delays Based on Graph Convolutional Neural Network},
  year      = {2022},
  volume    = {2022},
  publisher = {Hindawi},
  ranking   = {rank1},
}

@Article{liu2020dependency,
  author    = {Liu, Yujiong and Wang, Shangguang and Zhao, Qinglin and Du, Shiyu and Zhou, Ao and Ma, Xiao and Yang, Fangchun},
  journal   = {IEEE Internet Things J.},
  title     = {Dependency-aware task scheduling in vehicular edge computing},
  year      = {2020},
  number    = {6},
  pages     = {4961--4971},
  volume    = {7},
  fjournal  = {IEEE Internet of Things Journal},
  publisher = {IEEE},
}

@Article{al2020task,
  author    = {Al-Habob, Ahmed A and Dobre, Octavia A and Armada, Ana Garc{\'\i}a and Muhaidat, Sami},
  journal   = {IEEE Trans. Veh. Technol.},
  title     = {Task scheduling for mobile edge computing using genetic algorithm and conflict graphs},
  year      = {2020},
  number    = {8},
  pages     = {8805--8819},
  volume    = {69},
  fjournal  = {IEEE Transactions on Vehicular Technology},
  publisher = {IEEE},
}

@Article{hosseinalipour2019power,
  author    = {Hosseinalipour, Seyyedali and Nayak, Anuj and Dai, Huaiyu},
  journal   = {IEEE Trans. Parallel Distrib. Syst.},
  title     = {Power-aware allocation of graph jobs in geo-distributed cloud networks},
  year      = {2019},
  number    = {4},
  pages     = {749--765},
  volume    = {31},
  fjournal  = {IEEE Transactions on Parallel and Distributed Systems},
  publisher = {IEEE},
}

@Article{shi2016energy,
  author    = {Shi, Li and Zhang, Zhemin and Robertazzi, Thomas},
  journal   = {IEEE Trans. Parallel Distrib. Syst.},
  title     = {Energy-aware scheduling of embarrassingly parallel jobs and resource allocation in cloud},
  year      = {2016},
  number    = {6},
  pages     = {1607--1620},
  volume    = {28},
  fjournal  = {IEEE Transactions on Parallel and Distributed Systems},
  publisher = {IEEE},
}

@Article{samie2016computation,
  author       = {Samie, Farzad and Tsoutsouras, Vasileios and Bauer, Lars and Xydis, Sotirios and Soudris, Dimitrios and Henkel, J{\"o}rg},
  journal      = {IEEE world forum Internet Things J. (WF-IoT)},
  title        = {Computation offloading and resource allocation for low-power {IoT} edge devices},
  year         = {2016},
  pages        = {7--12},
  booktitle    = {world forum Internet Things J. (WF-IoT)},
  organization = {IEEE},
}

@Article{zhang2022task,
  author    = {Zhang, Degan and Cao, Lixiang and Zhu, Haoli and Zhang, Ting and Du, Jinyu and Jiang, Kaiwen},
  journal   = {Cluster Comput.},
  title     = {Task offloading method of edge computing in internet of vehicles based on deep reinforcement learning},
  year      = {2022},
  number    = {2},
  pages     = {1175--1187},
  volume    = {25},
  publisher = {Springer},
}

@Article{dey2016vehicle,
  author    = {Dey, Kakan Chandra and Rayamajhi, Anjan and Chowdhury, Mashrur and Bhavsar, Parth and Martin, James},
  journal   = {Trans. Res. Part C: Emerg. Technol.},
  title     = {Vehicle-to-vehicle {(V2V)} and vehicle-to-infrastructure (V2I) communication in a heterogeneous wireless network--Performance evaluation},
  year      = {2016},
  pages     = {168--184},
  volume    = {68},
  publisher = {Elsevier},
}

@Article{Josilo2020,
  author    = {Jo{\v{s}}ilo, Sla{\dj}ana and D{\'a}n, Gy{\"o}rgy},
  journal   = {IEEE/ACM Trans. Netw.},
  title     = {Computation offloading scheduling for periodic tasks in mobile edge computing},
  year      = {2020},
  number    = {2},
  pages     = {667--680},
  volume    = {28},
  fjournal  = {IEEE/ACM Transactions on Networking},
  publisher = {IEEE},
}

@Article{hu2019task,
  author       = {Hu, Yuyu and Cui, Taiping and Huang, Xiaoge and Chen, Qianbin},
  journal      = {IEEE Int. Conf. Wireless Commun. Signal Process. (WCSP)},
  title        = {Task offloading based on {L}yapunov optimization for {MEC}-assisted platooning},
  year         = {2019},
  pages        = {1--5},
  booktitle    = {Int. Conf. Wireless Commun. Signal Process. (WCSP)},
  organization = {IEEE},
}

@Article{huang2012dynamic,
  author    = {Huang, Dong and Wang, Ping and Niyato, Dusit},
  journal   = {IEEE Trans. Wireless Commun.},
  title     = {A dynamic offloading algorithm for mobile computing},
  year      = {2012},
  number    = {6},
  pages     = {1991--1995},
  volume    = {11},
  fjournal  = {IEEE Transactions on Wireless Communications},
  publisher = {IEEE},
}

@Article{Huang2012,
  author    = {Huang, Dong and Wang, Ping and Niyato, Dusit},
  journal   = {IEEE Trans. Wireless Commun.},
  title     = {A dynamic offloading algorithm for mobile computing},
  year      = {2012},
  number    = {6},
  pages     = {1991--1995},
  volume    = {11},
  fjournal  = {IEEE Transactions on Wireless Communications},
  publisher = {IEEE},
}

@Article{chen2014decentralized,
  author    = {Chen, Xu},
  journal   = {IEEE Trans. Parallel Distrib. Syst.},
  title     = {Decentralized computation offloading game for mobile cloud computing},
  year      = {2014},
  number    = {4},
  pages     = {974--983},
  volume    = {26},
  fjournal  = {IEEE Transactions on Parallel and Distributed Systems},
  publisher = {IEEE},
}

@Article{west2001introduction,
  author    = {West, Douglas Brent},
  journal   = {Upper Saddle River: Prentice hall.},
  title     = {Introduction to graph theory},
  year      = {2001},
  volume    = {2},
  publisher = {Prentice hall Upper Saddle River},
}

@Article{jovsilo2018joint,
  author    = {Jo{\v{s}}ilo, Sla{\dj}ana and D{\'a}n, Gy{\"o}rgy},
  journal   = {Proc. WKSHPS. Mobile Edge Commun.},
  title     = {Joint allocation of computing and wireless resources to autonomous devices in mobile edge computing},
  year      = {2018},
  pages     = {13--18},
  booktitle = {Proc. Workshop. Mobile Edge Commun.},
}

@Article{ghaderi2016scheduling,
  author    = {Ghaderi, Javad and Shakkottai, Sanjay and Srikant, Rayadurgam},
  journal   = {ACM Trans. Model. Perform. Eval. Comput. Syst.},
  title     = {Scheduling storms and streams in the cloud},
  year      = {2016},
  number    = {4},
  pages     = {1--28},
  volume    = {1},
  publisher = {ACM New York, NY, USA},
}

@Article{hou2020reliable,
  author    = {Hou, Xiangwang and Ren, Zhiyuan and Wang, Jingjing and Cheng, Wenchi and Ren, Yong and Chen, Kwang-Cheng and Zhang, Hailin},
  journal   = {IEEE Internet Things J.},
  title     = {Reliable computation offloading for edge-computing-enabled software-defined {IoV}},
  year      = {2020},
  number    = {8},
  pages     = {7097--7111},
  volume    = {7},
  fjournal  = {IEEE Internet of Things Journal},
  publisher = {IEEE},
}

@Article{pham2019coalitional,
  author    = {Pham, Quoc-Viet and Nguyen, Hoang T and Han, Zhu and Hwang, Won-Joo},
  journal   = {IEEE Trans. Veh. Technol.},
  title     = {Coalitional games for computation offloading in {NOMA}-enabled multi-access edge computing},
  year      = {2019},
  number    = {2},
  pages     = {1982--1993},
  volume    = {69},
  fjournal  = {IEEE Transactions on Vehicular Technology},
  publisher = {IEEE},
}

@Article{Chen2022,
  author    = {Chen, Chen and Zeng, Yini and Li, Huan and Liu, Yangyang and Wan, Shaohua},
  journal   = {IEEE Internet Things J.},
  title     = {A multihop task offloading decision model in {MEC}-enabled internet of vehicles},
  year      = {2022},
  number    = {4},
  pages     = {3215--3230},
  volume    = {10},
  fjournal  = {IEEE Internet of Things Journal},
  publisher = {IEEE},
}

@Article{Huang2021,
  author    = {Huang, Xumin and Yu, Rong and Ye, Dongdong and Shu, Lei and Xie, Shengli},
  journal   = {IEEE Trans. Veh. Technol.},
  title     = {Efficient workload allocation and user-centric utility maximization for task scheduling in collaborative vehicular edge computing},
  year      = {2021},
  number    = {4},
  pages     = {3773--3787},
  volume    = {70},
  fjournal  = {IEEE Transactions on Vehicular Technology},
  publisher = {IEEE},
}

@InProceedings{Chen2019,
  author       = {Chen, Lixing and Xu, Jie},
  booktitle    = {IEEE INFOCOM 2019-IEEE Conference on Computer Communications},
  title        = {Task replication for vehicular cloud: Contextual combinatorial bandit with delayed feedback},
  year         = {2019},
  organization = {IEEE},
  pages        = {748--756},
}

@Article{wang2020imitation,
  author    = {Wang, Xiaojie and Ning, Zhaolong and Guo, Song and Wang, Lei},
  journal   = {IEEE Trans. Mob. Comput.},
  title     = {Imitation learning enabled task scheduling for online vehicular edge computing},
  year      = {2020},
  number    = {2},
  pages     = {598--611},
  volume    = {21},
  fjournal  = {IEEE Transactions on Mobile Computing},
  publisher = {IEEE},
}

@Article{zhan2020deep,
  author    = {Zhan, Wenhan and Luo, Chunbo and Wang, Jin and Wang, Chao and Min, Geyong and Duan, Hancong and Zhu, Qingxin},
  journal   = {IEEE Internet Things J.},
  title     = {Deep-reinforcement-learning-based offloading scheduling for vehicular edge computing},
  year      = {2020},
  number    = {6},
  pages     = {5449--5465},
  volume    = {7},
  fjournal  = {IEEE Internet of Things Journal},
  publisher = {IEEE},
}

@Article{ghimire2021dynamic,
  author    = {Ghimire, Bimal and Rawat, Danda B},
  journal   = {IEEE Trans. Veh. Technol.},
  title     = {Dynamic clustering in {IoV} using behavioral parameters and contention window adaptation},
  year      = {2021},
  number    = {2},
  pages     = {2031--2040},
  volume    = {71},
  fjournal  = {IEEE Transactions on Vehicular Technology},
  publisher = {IEEE},
}

@Article{liu2023rfid,
  author    = {Liu, Zhang and Liwang, Minghui and Hosseinalipour, Seyyedali and Dai, Huaiyu and Gao, Zhibin and Huang, Lianfen},
  journal   = {IEEE Trans. Veh. Technol.},
  title     = {{RFID}: towards low latency and reliable {DAG} task scheduling over dynamic vehicular clouds},
  year      = {2023},
  number    = {5},
  pages     = {3397-3411},
  volume    = {16},
  fjournal  = {IEEE Transactions on Vehicular Technology},
  publisher = {IEEE},
}

@Article{yue2021todg,
  author    = {Yue, Sheng and Ren, Ju and Qiao, Nan and Zhang, Yongmin and Jiang, Hongbo and Zhang, Yaoxue and Yang, Yuanyuan},
  journal   = {IEEE Trans. Parallel Distrib. Syst.},
  title     = {{TODG}: Distributed task offloading with delay guarantees for edge computing},
  year      = {2021},
  number    = {7},
  pages     = {1650--1665},
  volume    = {33},
  fjournal  = {IEEE Transactions on Parallel and Distributed Systems},
  publisher = {IEEE},
}


@Article{lv2022tbtoa,
  author       = {Lv, Xiaoyan and Du, Hongwei and Ye, Qiang},
  journal      = {IEEE Int. Conf. Commun (ICC).},
  title        = {{TBTOA}: A {DAG}-Based Task Offloading Scheme for Mobile Edge Computing},
  year         = {2022},
  pages        = {4607--4612},
  booktitle    = {Int. Conf. Commun (ICC).},
  organization = {IEEE},
}

@Article{deb2020deft,
  author    = {Deb, Pallav Kumar and Roy, Chandana and Roy, Arijit and Misra, Sudip},
  journal   = {IEEE Trans. Veh. Technol.},
  title     = {{DEFT}: Decentralized Multiuser Computation Offloading in a Fog-Enabled {IoV} Environment},
  year      = {2020},
  number    = {12},
  pages     = {15978--15987},
  volume    = {69},
  fjournal  = {IEEE Transactions on Vehicular Technology},
  publisher = {IEEE},
}

@Article{abulaish2019subiso,
  author       = {Abulaish, Muhammad and Ansari, Zubair Ali and others},
  journal      = {IEEE Int. Conf. Commun. Syst. Netw. (COMSNETS)},
  title        = {{SubISO}: a scalable and novel approach for subgraph isomorphism search in large graph},
  year         = {2019},
  pages        = {102--109},
  booktitle    = {Int. Conf. Commun. Syst. Netw. (COMSNETS)},
  organization = {IEEE},
}

@Article{luo2020hfel,
  author    = {Luo, Siqi and Chen, Xu and Wu, Qiong and Zhou, Zhi and Yu, Shuai},
  journal   = {IEEE Trans. Wireless Commun.},
  title     = {{HFEL}: Joint edge association and resource allocation for cost-efficient hierarchical federated edge learning},
  year      = {2020},
  number    = {10},
  pages     = {6535--6548},
  volume    = {19},
  fjournal  = {IEEE Transactions on Wireless Communications},
  publisher = {IEEE},
}

@Article{Conte2004,
  author    = {Conte, Donatello and Foggia, Pasquale and Sansone, Carlo and Vento, Mario},
  journal   = {Int. J. Pattern Recogn.},
  title     = {Thirty years of graph matching in pattern recognition},
  year      = {2004},
  number    = {03},
  pages     = {265--298},
  volume    = {18},
  publisher = {World Scientific},
}

@Article{li2022bi,
  author    = {Li, Tao and Wang, Nengmin and Jiang, Bin and Zhang, Meng},
  journal   = {IEEE Trans. Intell. Transp. Syst.},
  title     = {A Bi-Objective Lane Reservation Problem Considering Dynamic Traffic Flow},
  year      = {2022},
  number    = {1},
  pages     = {367--381},
  volume    = {24},
  fjournal  = {IEEE Transactions on Intelligent Transportation Systems},
  publisher = {IEEE},
}

@Article{abdisarabshali2023decomposition,
  author    = {Abdisarabshali, Payam and Liwang, Minghui and Rajabzadeh, Amir and Ahmadi, Mahmood and Hosseinalipour, Seyyedali},
  journal   = {IEEE/ACM Trans. Netw.},
  title     = {Decomposition Theory Meets Reliability Analysis: Processing of Computation-Intensive Dependent Tasks Over Vehicular Clouds With Dynamic Resources},
  year      = {2023},
  fjournal  = {IEEE/ACM Transactions on Networking},
  publisher = {IEEE},
}

@Article{tutuncuouglu2022online,
  author    = {T{\"u}t{\"u}nc{\"u}o{\u{g}}lu, Feridun and Jo{\v{s}}ilo, Sla{\dj}ana and D{\'a}n, Gy{\"o}rgy},
  journal   = {IEEE/ACM Trans. Netw.},
  title     = {Online Learning for Rate-Adaptive Task Offloading Under Latency Constraints in Serverless Edge Computing},
  year      = {2023},
  number    = {2},
  pages     = {695-709},
  volume    = {31},
  fjournal  = {IEEE/ACM Transactions on Networking},
  publisher = {IEEE},
}

@Article{wang2022task,
  author    = {Wang, Yuntao and Chen, Weiwei and Luan, Tom H and Su, Zhou and Xu, Qichao and Li, Ruidong and Chen, Nan},
  journal   = {IEEE/ACM Trans. Netw.},
  title     = {Task offloading for post-disaster rescue in unmanned aerial vehicles networks},
  year      = {2022},
  number    = {4},
  pages     = {1525--1539},
  volume    = {30},
  fjournal  = {IEEE/ACM Transactions on Networking},
  publisher = {IEEE},
}

@Article{luo2021minimizing,
  author    = {Luo, Quyuan and Li, Changle and Luan, Tom H and Shi, Weisong},
  journal   = {IEEE Trans. Serv. Comput.},
  title     = {Minimizing the delay and cost of computation offloading for vehicular edge computing},
  year      = {2021},
  number    = {5},
  pages     = {2897--2909},
  volume    = {15},
  fjournal  = {IEEE Transactions on Services Computing},
  publisher = {IEEE},
}

@Article{hu2021efficient,
  author    = {Hu, Zheyuan and Niu, Jianwei and Ren, Tao and Dai, Bin and Li, Qingfeng and Xu, Mingliang and Das, Sajal K},
  journal   = {IEEE Trans. Serv. Comput.},
  title     = {An efficient online computation offloading approach for large-scale mobile edge computing via deep reinforcement learning},
  year      = {2021},
  number    = {2},
  pages     = {669--683},
  volume    = {15},
  fjournal  = {IEEE Transactions on Services Computing},
  publisher = {IEEE},
}

@Article{waheed2022comprehensive,
  author    = {Waheed, Abdul and Shah, Munam Ali and Mohsin, Syed Muhammad and Khan, Abid and Maple, Carsten and Aslam, Sheraz and Shamshirband, Shahab},
  journal   = {IEEE Access},
  title     = {A comprehensive review of computing paradigms, enabling computation offloading and task execution in vehicular networks},
  year      = {2022},
  pages     = {3580--3600},
  volume    = {10},
  publisher = {IEEE},
}

@Article{wei2021multi,
  author    = {Wei, Wenting and Yang, Ruying and Gu, Huaxi and Zhao, Weike and Chen, Chen and Wan, Shaohua},
  journal   = {IEEE Transactions on Intelligent Transportation Systems},
  title     = {Multi-objective optimization for resource allocation in vehicular cloud computing networks},
  year      = {2021},
  number    = {12},
  pages     = {25536--25545},
  volume    = {23},
  publisher = {IEEE},
}

@Article{su2024reliable,
  author    = {Su, Shengchao and Yuan, Pengtao and Dai, Yufeng},
  journal   = {IEEE Transactions on Vehicular Technology},
  title     = {Reliable Computation Offloading of DAG Applications in Internet of Vehicles Based on Deep Reinforcement Learning},
  year      = {2024},
  publisher = {IEEE},
}

@Comment{jabref-meta: databaseType:bibtex;}
