% Use this file for citations not found in the ACL Anthology (contained in "anthology.bib").

@inproceedings{gao2021simcse,
  title={SimCSE: Simple Contrastive Learning of Sentence Embeddings},
  author={Gao, Tianyu and Yao, Xingcheng and Chen, Danqi},
  booktitle={Proceedings of the 2021 Conference on Empirical Methods in Natural Language Processing},
  pages={6894--6910},
  year={2021}
}

@inproceedings{kenton2019bert,
  title={Bert: Pre-training of deep bidirectional transformers for language understanding},
  author={Kenton, Jacob Devlin Ming-Wei Chang and Toutanova, Lee Kristina},
  booktitle={Proceedings of naacL-HLT},
  volume={1},
  number={2},
  year={2019},
  organization={Minneapolis, Minnesota}
}

@article{liu2019roberta,
  title={Roberta: A robustly optimized bert pretraining approach},
  author={Liu, Yinhan},
  journal={arXiv preprint arXiv:1907.11692},
  volume={364},
  year={2019}
}

@inproceedings{chuang2022diffcse,
  title={DiffCSE: Difference-based Contrastive Learning for Sentence Embeddings},
  author={Chuang, Yung-Sung and Dangovski, Rumen and Luo, Hongyin and Zhang, Yang and Chang, Shiyu and Solja{\v{c}}i{\'c}, Marin and Li, Shang-Wen and Yih, Scott and Kim, Yoon and Glass, James},
  booktitle={Proceedings of the 2022 Conference of the North American Chapter of the Association for Computational Linguistics: Human Language Technologies},
  pages={4207--4218},
  year={2022}
}

@inproceedings{liu2023rankcse,
  title={RankCSE: Unsupervised Sentence Representations Learning via Learning to Rank},
  author={Liu, Jiduan and Liu, Jiahao and Wang, Qifan and Wang, Jingang and Wu, Wei and Xian, Yunsen and Zhao, Dongyan and Chen, Kai and Yan, Rui},
  booktitle={Proceedings of the 61st Annual Meeting of the Association for Computational Linguistics (Volume 1: Long Papers)},
  pages={13785--13802},
  year={2023}
}

@inproceedings{wang2022improving,
  title={Improving contrastive learning of sentence embeddings with case-augmented positives and retrieved negatives},
  author={Wang, Wei and Ge, Liangzhu and Zhang, Jingqiao and Yang, Cheng},
  booktitle={Proceedings of the 45th International ACM SIGIR Conference on Research and Development in Information Retrieval},
  pages={2159--2165},
  year={2022}
}

@inproceedings{bowman2015large,
  title={A large annotated corpus for learning natural language inference},
  author={Bowman, Samuel and Angeli, Gabor and Potts, Christopher and Manning, Christopher D},
  booktitle={Proceedings of the 2015 Conference on Empirical Methods in Natural Language Processing},
  pages={632--642},
  year={2015}
}

@inproceedings{williams2018broad,
  title={A broad-coverage challenge corpus for sentence understanding through inference},
  author={Williams, Adina and Nangia, Nikita and Bowman, Samuel R},
  booktitle={2018 Conference of the North American Chapter of the Association for Computational Linguistics: Human Language Technologies, NAACL HLT 2018},
  pages={1112--1122},
  year={2018},
  organization={Association for Computational Linguistics (ACL)}
}

@inproceedings{chatgpt,
  title={Chatgpt: Optimizing language models
for dialogue},
  author={OpenAI},
  booktitle={OpenAI Blog},
  year={2022}
}

@inproceedings{zhang2023contrastive,
  title={Contrastive Learning of Sentence Embeddings from Scratch},
  author={Zhang, Junlei and Lan, Zhenzhong and He, Junxian},
  booktitle={Proceedings of the 2023 Conference on Empirical Methods in Natural Language Processing},
  pages={3916--3932},
  year={2023}
}

@article{lai2024enhancing,
  title={Enhancing Unsupervised Sentence Embeddings via Knowledge-Driven Data Augmentation and Gaussian-Decayed Contrastive Learning},
  author={Lai, Peichao and Zhang, Zhengfeng and Zhang, Wentao and Fu, Fangcheng and Cui, Bin},
  journal={arXiv preprint arXiv:2409.12887},
  year={2024}
}

@inproceedings{wang2024large,
  title={Large Language Models can Contrastively Refine their Generation for Better Sentence Representation Learning},
  author={Wang, Huiming and Li, Zhaodonghui and Cheng, Liying and Bing, Lidong and others},
  booktitle={Proceedings of the 2024 Conference of the North American Chapter of the Association for Computational Linguistics: Human Language Technologies (Volume 1: Long Papers)},
  pages={7867--7884},
  year={2024}
}

@inproceedings{manakul2023selfcheckgpt,
  title={SelfCheckGPT: Zero-Resource Black-Box Hallucination Detection for Generative Large Language Models},
  author={Manakul, Potsawee and Liusie, Adian and Gales, Mark},
  booktitle={Proceedings of the 2023 Conference on Empirical Methods in Natural Language Processing},
  pages={9004--9017},
  year={2023}
}

@article{holtzman2019curious,
  title={The curious case of neural text degeneration},
  author={Holtzman, Ari and Buys, Jan and Du, Li and Forbes, Maxwell and Choi, Yejin},
  journal={arXiv preprint arXiv:1904.09751},
  year={2019}
}

@inproceedings{spangher2022sequentially,
  title={Sequentially Controlled Text Generation},
  author={Spangher, Alexander and Ming, Yao and Hua, Xinyu and Peng, Nanyun},
  booktitle={Findings of the Association for Computational Linguistics: EMNLP 2022},
  pages={6848--6866},
  year={2022}
}

@inproceedings{xia2008listwise,
  title={Listwise approach to learning to rank: theory and algorithm},
  author={Xia, Fen and Liu, Tie-Yan and Wang, Jue and Zhang, Wensheng and Li, Hang},
  booktitle={Proceedings of the 25th international conference on Machine learning},
  pages={1192--1199},
  year={2008}
}

@article{he2023efficient,
  title={An efficient and robust semantic hashing framework for similar text search},
  author={He, Liyang and Huang, Zhenya and Chen, Enhong and Liu, Qi and Tong, Shiwei and Wang, Hao and Lian, Defu and Wang, Shijin},
  journal={ACM Transactions on Information Systems},
  volume={41},
  number={4},
  pages={1--31},
  year={2023},
  publisher={ACM New York, NY}
}

@inproceedings{wang2022sentence,
  title={Sentence-aware adversarial meta-learning for few-shot text classification},
  author={Wang, Suhe and Liu, Xiaoyuan and Liu, Bo and Dong, Diwen},
  booktitle={Proceedings of the 29th International Conference on Computational Linguistics},
  pages={4844--4852},
  year={2022}
}

@inproceedings{nguyen2022spbertqa,
  title={Spbertqa: A two-stage question answering system based on sentence transformers for medical texts},
  author={Nguyen, Nhung Thi-Hong and Ha, Phuong Phan-Dieu and Nguyen, Luan Thanh and Van Nguyen, Kiet and Nguyen, Ngan Luu-Thuy},
  booktitle={International Conference on Knowledge Science, Engineering and Management},
  pages={371--382},
  year={2022},
  organization={Springer}
}

@inproceedings{jiang2022promptbert,
  title={PromptBERT: Improving BERT Sentence Embeddings with Prompts},
  author={Jiang, Ting and Jiao, Jian and Huang, Shaohan and Zhang, Zihan and Wang, Deqing and Zhuang, Fuzhen and Wei, Furu and Huang, Haizhen and Deng, Denvy and Zhang, Qi},
  booktitle={Proceedings of the 2022 Conference on Empirical Methods in Natural Language Processing},
  pages={8826--8837},
  year={2022}
}

@inproceedings{limkonchotiwat2022congen,
  title={ConGen: Unsupervised control and generalization distillation for sentence representation},
  author={Limkonchotiwat, Peerat and Ponwitayarat, Wuttikorn and Lowphansirikul, Lalita and Udomcharoenchaikit, Can and Chuangsuwanich, Ekapol and Nutanong, Sarana},
  booktitle={Findings of the Association for Computational Linguistics: EMNLP 2022},
  pages={6467--6480},
  year={2022}
}

@inproceedings{seonwoo2023ranking,
  title={Ranking-Enhanced Unsupervised Sentence Representation Learning},
  author={Seonwoo, Yeon and Wang, Guoyin and Seo, Changmin and Choudhary, Sajal and Li, Jiwei and Li, Xiang and Xu, Puyang and Park, Sunghyun and Oh, Alice},
  booktitle={Proceedings of the 61st Annual Meeting of the Association for Computational Linguistics (Volume 1: Long Papers)},
  pages={15783--15798},
  year={2023}
}

@inproceedings{yan2021consert,
  title={ConSERT: A Contrastive Framework for Self-Supervised Sentence Representation Transfer},
  author={Yan, Yuanmeng and Li, Rumei and Wang, Sirui and Zhang, Fuzheng and Wu, Wei and Xu, Weiran},
  booktitle={Proceedings of the 59th Annual Meeting of the Association for Computational Linguistics and the 11th International Joint Conference on Natural Language Processing (Volume 1: Long Papers)},
  pages={5065--5075},
  year={2021}
}

@inproceedings{wu2022infocse,
  title={InfoCSE: Information-aggregated Contrastive Learning of Sentence Embeddings},
  author={Wu, Xing and Gao, Chaochen and Lin, Zijia and Han, Jizhong and Wang, Zhongyuan and Hu, Songlin},
  booktitle={Findings of the Association for Computational Linguistics: EMNLP 2022},
  pages={3060--3070},
  year={2022}
}

@article{agirre2012semeval,
  title={SemEval-2012 task 6: A pilot on semantic textual similarity. In* SEM 2012: The First Joint Conference on Lexical and Computational Semantics--Volume 1: Proceedings of the main conference and the shared task, and Volume 2: Proceedings of the Sixth International Workshop on Semantic Evaluation (SemEval 2012)},
  author={Agirre, Eneko and Cer, Daniel and Diab, Mona and Gonzalez-Agirre, Aitor},
  journal={Association for Computational Linguistics. URL http://www. aclweb. org/anthology/S12-1051},
  year={2012}
}

@inproceedings{agirre2013sem,
  title={* SEM 2013 shared task: Semantic textual similarity},
  author={Agirre, Eneko and Cer, Daniel and Diab, Mona and Gonzalez-Agirre, Aitor and Guo, Weiwei},
  booktitle={Second joint conference on lexical and computational semantics (* SEM), volume 1: proceedings of the Main conference and the shared task: semantic textual similarity},
  pages={32--43},
  year={2013}
}

@inproceedings{agirre2014semeval,
  title={Semeval-2014 task 10: Multilingual semantic textual similarity},
  author={Agirre, Eneko and Banea, Carmen and Cardie, Claire and Cer, Daniel and Diab, Mona and Gonzalez-Agirre, Aitor and Guo, Weiwei and Mihalcea, Rada and Rigau, German and Wiebe, Janyce},
  booktitle={Proceedings of the 8th international workshop on semantic evaluation (SemEval 2014)},
  pages={81--91},
  year={2014}
}

@inproceedings{agirre2015semeval,
  title={Semeval-2015 task 2: Semantic textual similarity, english, spanish and pilot on interpretability},
  author={Agirre, Eneko and Banea, Carmen and Cardie, Claire and Cer, Daniel and Diab, Mona and Gonzalez-Agirre, Aitor and Guo, Weiwei and Lopez-Gazpio, Inigo and Maritxalar, Montse and Mihalcea, Rada and others},
  booktitle={Proceedings of the 9th international workshop on semantic evaluation (SemEval 2015)},
  pages={252--263},
  year={2015}
}

@inproceedings{agirre2016semeval,
  title={Semeval-2016 task 1: Semantic textual similarity, monolingual and cross-lingual evaluation},
  author={Agirre, Eneko and Banea, Carmen and Cer, Daniel and Diab, Mona and Gonzalez Agirre, Aitor and Mihalcea, Rada and Rigau Claramunt, German and Wiebe, Janyce},
  booktitle={SemEval-2016. 10th International Workshop on Semantic Evaluation; 2016 Jun 16-17; San Diego, CA. Stroudsburg (PA): ACL; 2016. p. 497-511.},
  year={2016},
  organization={ACL (Association for Computational Linguistics)}
}

@inproceedings{cer2017semeval,
  title={SemEval-2017 Task 1: Semantic Textual Similarity Multilingual and Cross-lingual Focused Evaluation},
  author={Cer, Daniel and Diab, Mona and Agirre, Eneko E and Lopez-Gazpio, I{\~n}igo and Specia, Lucia},
  booktitle={The 11th International Workshop on Semantic Evaluation (SemEval-2017)},
  pages={1--14},
  year={2017}
}

@inproceedings{marelli2014semeval,
  title={Semeval-2014 task 1: Evaluation of compositional distributional semantic models on full sentences through semantic relatedness and textual entailment},
  author={Marelli, Marco and Bentivogli, Luisa and Baroni, Marco and Bernardi, Raffaella and Menini, Stefano and Zamparelli, Roberto},
  booktitle={Proceedings of the 8th international workshop on semantic evaluation (SemEval 2014)},
  pages={1--8},
  year={2014}
}

@inproceedings{MarelliMBBBZ14,
  author       = {Marco Marelli and
                  Stefano Menini and
                  Marco Baroni and
                  Luisa Bentivogli and
                  Raffaella Bernardi and
                  Roberto Zamparelli},
  title        = {A {SICK} cure for the evaluation of compositional distributional semantic
                  models},
  booktitle    = {Proceedings of the Ninth International Conference on Language Resources
                  and Evaluation, {LREC} 2014, Reykjavik, Iceland, May 26-31, 2014},
  pages        = {216--223},
  publisher    = {European Language Resources Association {(ELRA)}},
  year         = {2014}
}

@inproceedings{pang2005seeing,
  title={Seeing Stars: Exploiting Class Relationships for Sentiment Categorization with Respect to Rating Scales},
  author={Pang, Bo and Lee, Lillian},
  booktitle={Proceedings of the 43rd Annual Meeting of the Association for Computational Linguistics (ACL’05)},
  pages={115--124},
  year={2005}
}

@inproceedings{hu2004mining,
  title={Mining and summarizing customer reviews},
  author={Hu, Minqing and Liu, Bing},
  booktitle={Proceedings of the tenth ACM SIGKDD international conference on Knowledge discovery and data mining},
  pages={168--177},
  year={2004}
}

@inproceedings{pang2004sentimental,
  title={A Sentimental Education: Sentiment Analysis Using Subjectivity Summarization Based on Minimum Cuts},
  author={Pang, Bo and Lee, Lillian},
  booktitle={Proceedings of the 42nd Annual Meeting of the Association for Computational Linguistics (ACL-04)},
  pages={271--278},
  year={2004}
}

@article{wiebe2005annotating,
  title={Annotating expressions of opinions and emotions in language},
  author={Wiebe, Janyce and Wilson, Theresa and Cardie, Claire},
  journal={Language resources and evaluation},
  volume={39},
  pages={165--210},
  year={2005},
  publisher={Springer}
}

@inproceedings{socher2013recursive,
  title={Recursive deep models for semantic compositionality over a sentiment treebank},
  author={Socher, Richard and Perelygin, Alex and Wu, Jean and Chuang, Jason and Manning, Christopher D and Ng, Andrew Y and Potts, Christopher},
  booktitle={Proceedings of the 2013 conference on empirical methods in natural language processing},
  pages={1631--1642},
  year={2013}
}

@inproceedings{voorhees2000building,
  title={Building a question answering test collection},
  author={Voorhees, Ellen M and Tice, Dawn M},
  booktitle={Proceedings of the 23rd annual international ACM SIGIR conference on Research and development in information retrieval},
  pages={200--207},
  year={2000}
}

@inproceedings{dolan2005automatically,
  title={Automatically constructing a corpus of sentential paraphrases},
  author={Dolan, Bill and Brockett, Chris},
  booktitle={Third international workshop on paraphrasing (IWP2005)},
  year={2005}
}

@inproceedings{ho2021classifier,
  title={Classifier-Free Diffusion Guidance},
  author={Ho, Jonathan and Salimans, Tim},
  booktitle={NeurIPS 2021 Workshop on Deep Generative Models and Downstream Applications},
  year={2021}
}

@inproceedings{barzilay2016semi,
  title={Semi-supervised Question Retrieval with Gated Convolutions},
  author={Barzilay, Tao Lei Hrishikesh Joshi Regina and Jaakkola, Tommi and Tymoshenko, Katerina and Marquez, Alessandro Moschitti Llu{\i}s},
  booktitle={Proceedings of NAACL-HLT},
  pages={1279--1289},
  year={2016}
}

@inproceedings{wu2020mind,
  title={Mind: A large-scale dataset for news recommendation},
  author={Wu, Fangzhao and Qiao, Ying and Chen, Jiun-Hung and Wu, Chuhan and Qi, Tao and Lian, Jianxun and Liu, Danyang and Xie, Xing and Gao, Jianfeng and Wu, Winnie and others},
  booktitle={Proceedings of the 58th annual meeting of the association for computational linguistics},
  pages={3597--3606},
  year={2020}
}

@inproceedings{liu2018linkso,
  title={Linkso: a dataset for learning to retrieve similar question answer pairs on software development forums},
  author={Liu, Xueqing and Wang, Chi and Leng, Yue and Zhai, ChengXiang},
  booktitle={Proceedings of the 4th ACM SIGSOFT International Workshop on NLP for Software Engineering},
  pages={2--5},
  year={2018}
}

@inproceedings{muennighoff2023mteb,
  title={MTEB: Massive Text Embedding Benchmark},
  author={Muennighoff, Niklas and Tazi, Nouamane and Magne, Loic and Reimers, Nils},
  booktitle={Proceedings of the 17th Conference of the European Chapter of the Association for Computational Linguistics},
  pages={2014--2037},
  year={2023}
}

@inproceedings{wu2022pcl,
  title={PCL: Peer-Contrastive Learning with Diverse Augmentations for Unsupervised Sentence Embeddings},
  author={Wu, Qiyu and Tao, Chongyang and Shen, Tao and Xu, Can and Geng, Xiubo and Jiang, Daxin},
  booktitle={Proceedings of the 2022 Conference on Empirical Methods in Natural Language Processing},
  pages={12052--12066},
  year={2022}
}

@inproceedings{miao2023debcse,
  title={DebCSE: Rethinking Unsupervised Contrastive Sentence Embedding Learning in the Debiasing Perspective},
  author={Miao, Pu and Du, Zeyao and Zhang, Junlin},
  booktitle={Proceedings of the 32nd ACM International Conference on Information and Knowledge Management},
  pages={1847--1856},
  year={2023}
}

@article{izacard2021unsupervised,
  title={Unsupervised dense information retrieval with contrastive learning},
  author={Izacard, Gautier and Caron, Mathilde and Hosseini, Lucas and Riedel, Sebastian and Bojanowski, Piotr and Joulin, Armand and Grave, Edouard},
  journal={arXiv preprint arXiv:2112.09118},
  year={2021}
}

@inproceedings{li2021more,
  title={More robust dense retrieval with contrastive dual learning},
  author={Li, Yizhi and Liu, Zhenghao and Xiong, Chenyan and Liu, Zhiyuan},
  booktitle={Proceedings of the 2021 ACM SIGIR International Conference on Theory of Information Retrieval},
  pages={287--296},
  year={2021}
}

@article{mikolov2013distributed,
  title={Distributed representations of words and phrases and their compositionality},
  author={Mikolov, Tomas and Sutskever, Ilya and Chen, Kai and Corrado, Greg S and Dean, Jeff},
  journal={Advances in neural information processing systems},
  volume={26},
  year={2013}
}

@article{kiros2015skip,
  title={Skip-thought vectors},
  author={Kiros, Ryan and Zhu, Yukun and Salakhutdinov, Russ R and Zemel, Richard and Urtasun, Raquel and Torralba, Antonio and Fidler, Sanja},
  journal={Advances in neural information processing systems},
  volume={28},
  year={2015}
}

@inproceedings{hill2016learning,
  title={Learning Distributed Representations of Sentences from Unlabelled Data},
  author={Hill, Felix and Cho, Kyunghyun and Korhonen, Anna},
  booktitle={Proceedings of the 2016 Conference of the North American Chapter of the Association for Computational Linguistics: Human Language Technologies},
  pages={1367--1377},
  year={2016}
}

@article{logeswaran2018efficient,
  title={An efficient framework for learning sentence representations},
  author={Logeswaran, Lajanugen and Lee, Honglak},
  journal={arXiv preprint arXiv:1803.02893},
  year={2018}
}

@inproceedings{ethayarajh2019contextual,
  title={How Contextual are Contextualized Word Representations? Comparing the Geometry of BERT, ELMo, and GPT-2 Embeddings},
  author={Ethayarajh, Kawin},
  booktitle={Proceedings of the 2019 Conference on Empirical Methods in Natural Language Processing and the 9th International Joint Conference on Natural Language Processing (EMNLP-IJCNLP)},
  pages={55--65},
  year={2019}
}

@inproceedings{li2020sentence,
  title={On the Sentence Embeddings from Pre-trained Language Models},
  author={Li, Bohan and Zhou, Hao and He, Junxian and Wang, Mingxuan and Yang, Yiming and Li, Lei},
  booktitle={Proceedings of the 2020 Conference on Empirical Methods in Natural Language Processing (EMNLP)},
  pages={9119--9130},
  year={2020}
}

@article{su2021whitening,
  title={Whitening sentence representations for better semantics and faster retrieval},
  author={Su, Jianlin and Cao, Jiarun and Liu, Weijie and Ou, Yangyiwen},
  journal={arXiv preprint arXiv:2103.15316},
  year={2021}
}

@inproceedings{chen2022generate,
  title={Generate, Discriminate and Contrast: A Semi-Supervised Sentence Representation Learning Framework},
  author={Chen, Yiming and Zhang, Yan and Wang, Bin and Liu, Zuozhu and Li, Haizhou},
  booktitle={Proceedings of the 2022 Conference on Empirical Methods in Natural Language Processing},
  pages={8150--8161},
  year={2022}
}

@inproceedings{ye2022progen,
  title={ProGen: Progressive Zero-shot Dataset Generation via In-context Feedback},
  author={Ye, Jiacheng and Gao, Jiahui and Wu, Zhiyong and Feng, Jiangtao and Yu, Tao and Kong, Lingpeng},
  booktitle={Findings of the Association for Computational Linguistics: EMNLP 2022},
  pages={3671--3683},
  year={2022}
}

@article{chung2024scaling,
  title={Scaling instruction-finetuned language models},
  author={Chung, Hyung Won and Hou, Le and Longpre, Shayne and Zoph, Barret and Tay, Yi and Fedus, William and Li, Yunxuan and Wang, Xuezhi and Dehghani, Mostafa and Brahma, Siddhartha and others},
  journal={Journal of Machine Learning Research},
  volume={25},
  number={70},
  pages={1--53},
  year={2024}
}

@article{gilardi2023chatgpt,
  title={ChatGPT outperforms crowd workers for text-annotation tasks},
  author={Gilardi, Fabrizio and Alizadeh, Meysam and Kubli, Ma{\"e}l},
  journal={Proceedings of the National Academy of Sciences},
  volume={120},
  number={30},
  pages={e2305016120},
  year={2023},
  publisher={National Acad Sciences}
}

@article{alizadeh2025open,
  title={Open-source LLMs for text annotation: a practical guide for model setting and fine-tuning},
  author={Alizadeh, Meysam and Kubli, Ma{\"e}l and Samei, Zeynab and Dehghani, Shirin and Zahedivafa, Mohammadmasiha and Bermeo, Juan D and Korobeynikova, Maria and Gilardi, Fabrizio},
  journal={Journal of Computational Social Science},
  volume={8},
  number={1},
  pages={1--25},
  year={2025},
  publisher={Springer}
}

@article{alizadeh2023open,
  title={Open-source large language models outperform crowd workers and approach ChatGPT in text-annotation tasks},
  author={Alizadeh, Meysam and Kubli, Ma{\"e}l and Samei, Zeynab and Dehghani, Shirin},
  journal={arXiv preprint arXiv:2307.02179},
  volume={101},
  year={2023},
  publisher={Technical Report}
}

@article{sanchez2023stay,
  title={Stay on topic with classifier-free guidance},
  author={Sanchez, Guillaume and Fan, Honglu and Spangher, Alexander and Levi, Elad and Ammanamanchi, Pawan Sasanka and Biderman, Stella},
  journal={arXiv preprint arXiv:2306.17806},
  year={2023}
}

@inproceedings{conneau2018senteval,
  title={SentEval: An Evaluation Toolkit for Universal Sentence Representations},
  author={Conneau, Alexis and Kiela, Douwe},
  booktitle={Proceedings of the Eleventh International Conference on Language Resources and Evaluation (LREC 2018)},
  year={2018}
}

@article{kingma2014adam,
  title={Adam: A method for stochastic optimization},
  author={Kingma, Diederik P and Ba, Jimmy},
  journal={arXiv preprint arXiv:1412.6980},
  year={2014}
}

@article{chen2024bge,
  title={Bge m3-embedding: Multi-lingual, multi-functionality, multi-granularity text embeddings through self-knowledge distillation},
  author={Chen, Jianlv and Xiao, Shitao and Zhang, Peitian and Luo, Kun and Lian, Defu and Liu, Zheng},
  journal={arXiv preprint arXiv:2402.03216},
  year={2024}
}

@inproceedings{an2024capturing,
  title={Capturing the Relationship Between Sentence Triplets for LLM and Human-Generated Texts to Enhance Sentence Embeddings},
  author={An, Na Min and Waheed, Sania and Thorne, James},
  booktitle={Findings of the Association for Computational Linguistics: EACL 2024},
  pages={624--638},
  year={2024}
}