@misc{CouncilDirective1993,
  title = {Council Directive 93/13/EEC of 5 April 1993 on unfair terms in consumer contracts},
  howpublished = {\emph{Official Journal of the European Communities}},
  year = {1993},
  volume = {L 95},
  author = {European Union},
  pages = {29--34},
}

@inproceedings{alabduljabbar2021automated,
  title={Automated privacy policy annotation with information highlighting made practical using deep representations},
  author={Alabduljabbar, Abdulrahman and Abusnaina, Ahmed and Meteriz-Yildiran, {\"U}lk{\"u} and Mohaisen, David},
  booktitle={Proceedings of the 2021 ACM SIGSAC Conference on Computer and Communications Security},
  pages={2378--2380},
  year={2021},
  publisher={Association for Computing Machinery},
  address={New York, NY, USA}
}

@inproceedings{andow2019policylint,
  title={$\{$PolicyLint$\}$: investigating internal privacy policy contradictions on google play},
  author={Andow, Benjamin and Mahmud, Samin Yaseer and Wang, Wenyu and Whitaker, Justin and Enck, William and Reaves, Bradley and Singh, Kapil and Xie, Tao},
  booktitle={28th USENIX security symposium (USENIX security 19)},
  pages={585--602},
  year={2019},
  publisher={USENIX Association},
  address={Berkeley, CA, USA}
}

@inproceedings{bitaab2023beyond,
  title={Beyond Phish: Toward Detecting Fraudulent e-Commerce Websites at Scale},
  author={Bitaab, Marzieh and Cho, Haehyun and Oest, Adam and Lyu, Zhuoer and Wang, Wei and Abraham, Jorij and Wang, Ruoyu and Bao, Tiffany and Shoshitaishvili, Yan and Doup{\'e}, Adam},
  booktitle={2023 IEEE Symposium on Security and Privacy (SP)},
  pages={2566--2583},
  year={2023},
  publisher={IEEE},
  address={Online},
}

@inproceedings{blum2010lexical,
  title={Lexical feature based phishing URL detection using online learning},
  author={Blum, Aaron and Wardman, Brad and Solorio, Thamar and Warner, Gary},
  booktitle={Proceedings of the 3rd ACM Workshop on Artificial Intelligence and Security},
  pages={54--60},
  publisher={Association for Computing Machinery},
  address={New York, NY, USA},
  year={2010}
}

@inproceedings{braun2021nlp,
  title={NLP for consumer protection: Battling illegal clauses in German terms and conditions in online shopping},
  author={Braun, Daniel and Matthes, Florian},
  booktitle={Proceedings of the 1st Workshop on NLP for Positive Impact},
  pages={93--99},
  year={2021},
  publisher={Association for Computational Linguistics},
  address={Online}
}

@inproceedings{cui2023poligraph,
  title={$\{$PoliGraph$\}$: Automated privacy policy analysis using knowledge graphs},
  author={Cui, Hao and Trimananda, Rahmadi and Markopoulou, Athina and Jordan, Scott},
  booktitle={32nd USENIX Security Symposium (USENIX Security 23)},
  pages={1037--1054},
  year={2023},
  publisher={USENIX Association},
  address={Berkeley, CA, USA}
}

@inproceedings{drury2019certified,
  title={{Certified phishing: taking a look at public key certificates of phishing websites}},
  author={Drury, Vincent and Meyer, Ulrike},
  booktitle={15th Symposium on Usable Privacy and Security (SOUPSâ€™19)},
  pages={211--223},
  year={2019},
  publisher={USENIX Association},
  address={Berkeley, CA, USA},
}

@misc{ftc1983deception,
  author       = {Federal Trade Commission},
  title        = {FTC Policy Statement on Deception},
  year         = {1983},
  howpublished = {\url{https://www.ftc.gov/system/files/documents/public_statements/410531/831014deceptionstmt.pdf}},
}

@article{galassi2024unfair,
  title={Unfair clause detection in terms of service across multiple languages},
  author={Galassi, Andrea and Lagioia, Francesca and Jab{\l}onowska, Agnieszka and Lippi, Marco},
  journal={Artificial Intelligence and Law},
  pages={1--49},
  year={2024},
  publisher={Springer},
}

@inproceedings{gray2021dark,
  title={Dark patterns and the legal requirements of consent banners: An interaction criticism perspective},
  author={Gray, Colin M and Santos, Cristiana and Bielova, Nataliia and Toth, Michael and Clifford, Damian},
  booktitle={Proceedings of the 2021 CHI Conference on Human Factors in Computing Systems},
  pages={1--18},
  year={2021},
  publisher={Association for Computing Machinery},
  address={New York, NY, USA}
}

@inproceedings{harkous2018polisis,
  title={Polisis: Automated analysis and presentation of privacy policies using deep learning},
  author={Harkous, Hamza and Fawaz, Kassem and Lebret, R{\'e}mi and Schaub, Florian and Shin, Kang G and Aberer, Karl},
  booktitle={27th USENIX Security Symposium (USENIX Security 18)},
  pages={531--548},
  year={2018},
  publisher={USENIX Association},
  address={Berkeley, CA, USA}
}

@incollection{jablonowska2021assessing,
  title={Assessing the cross-market generalization capability of the claudette system},
  author={Jablonowska, Agnieszka and Lagioia, Francesca and Lippi, Marco and Micklitz, Hans-Wolfgang and Sartor, Giovanni and Tagiuri, Giacomo},
  booktitle={Legal knowledge and information systems},
  pages={62--67},
  year={2021},
  publisher={IOS Press},
  address={Online}
}

@misc{jain2017phishing,
  title={Phishing detection: analysis of visual similarity based approaches},
  author={Jain, Ankit Kumar and Gupta, Brij B},
  journal={Security and Communication Networks},
  volume={2017},
  year={2017},
  publisher={Hindawi}
}

@inproceedings{kharraz2018surveylance,
  title={Surveylance: Automatically detecting online survey scams},
  author={Kharraz, Amin and Robertson, William and Kirda, Engin},
  booktitle={2018 IEEE Symposium on Security and Privacy (SP)},
  pages={70--86},
  year={2018},
  publisher={IEEE},
  address={Online},
}

@inproceedings{lagioia2017automated,
  title={Automated detection of unfair clauses in online consumer contracts},
  author={LAGIOIA, Francesca and MICKLITZ, Hans-Wolfgang and PANAGIS, Yannis and SARTOR, Giovanni and TORRONI, Paolo},
  booktitle={Legal Knowledge and Information Systems: JURIX 2017: The Thirtieth Annual Conference},
  volume={302},
  pages={145},
  year={2017},
  publisher={IOS Press},
  address={Amsterdam, The Netherlands}
}

@article{li2018fake,
  title={Fake reviews tell no tales? dissecting click farming in content-generated social networks},
  author={Li, Neng and Du, Suguo and Zheng, Haizhong and Xue, Minhui and Zhu, Haojin},
  journal={China Communications},
  volume={15},
  number={4},
  pages={98--109},
  year={2018},
  publisher={IEEE}
}

@inproceedings{limsopatham2021effectively,
  title={{Effectively leveraging BERT for legal document classification}},
  author={Limsopatham, Nut},
  booktitle={Proceedings of the Natural Legal Language Processing Workshop 2021},
  pages={210--216},
  year={2021},
  publisher={Association for Computational Linguistics},
  address={Punta Cana, Dominican Republic}
}

@article{lippi2019claudette,
  title={{CLAUDETTE: an automated detector of potentially unfair clauses in online terms of service}},
  author={Lippi, Marco and Pa{\l}ka, Przemys{\l}aw and Contissa, Giuseppe and Lagioia, Francesca and Micklitz, Hans-Wolfgang and Sartor, Giovanni and Torroni, Paolo},
  journal={Artificial Intelligence and Law},
  volume={27},
  pages={117--139},
  year={2019},
  publisher={Springer},
}

@article{luguri2021shining,
  title={Shining a light on dark patterns},
  author={Luguri, Jamie and Strahilevitz, Lior Jacob},
  journal={Journal of Legal Analysis},
  volume={13},
  number={1},
  pages={43--109},
  year={2021},
  publisher={Oxford University Press}
}

@article{mathur2019dark,
  title={{Dark patterns at scale: Findings from a crawl of 11K shopping websites}},
  author={Mathur, Arunesh and Acar, Gunes and Friedman, Michael J and Lucherini, Eli and Mayer, Jonathan and Chetty, Marshini and Narayanan, Arvind},
  journal={Proceedings of the ACM on Human-Computer Interaction},
  volume={3},
  number={CSCW},
  pages={1--32},
  year={2019},
  publisher={ACM New York, NY, USA}
}

@inproceedings{mathur2021makes,
  title={{What makes a dark pattern... dark? Design attributes, normative considerations, and measurement methods}},
  author={Mathur, Arunesh and Kshirsagar, Mihir and Mayer, Jonathan},
  booktitle={Proceedings of the 2021 CHI conference on human factors in computing systems},
  pages={1--18},
  year={2021},
  publisher={Association for Computing Machinery},
  address={New York, NY, USA}
}

@article{moghimi2016new,
  title={New rule-based phishing detection method},
  author={Moghimi, Mahmood and Varjani, Ali Yazdian},
  journal={Expert systems with applications},
  volume={53},
  pages={231--242},
  year={2016},
  publisher={Elsevier}
}

@article{narayanan2020dark,
  title={Dark Patterns: Past, Present, and Future: The evolution of tricky user interfaces},
  author={Narayanan, Arvind and Mathur, Arunesh and Chetty, Marshini and Kshirsagar, Mihir},
  journal={Queue},
  volume={18},
  number={2},
  pages={67--92},
  year={2020},
  publisher={ACM New York, NY, USA}
}

@inproceedings{nouwens2020dark,
  title={Dark patterns after the GDPR: Scraping consent pop-ups and demonstrating their influence},
  author={Nouwens, Midas and Liccardi, Ilaria and Veale, Michael and Karger, David and Kagal, Lalana},
  booktitle={Proceedings of the 2020 CHI conference on human factors in computing systems},
  pages={1--13},
  year={2020},
  publisher={Association for Computing Machinery},
  address={New York, NY, USA}
}

@article{sahingoz2019machine,
  title={Machine learning based phishing detection from URLs},
  author={Sahingoz, Ozgur Koray and Buber, Ebubekir and Demir, Onder and Diri, Banu},
  journal={Expert Systems with Applications},
  volume={117},
  pages={345--357},
  year={2019},
  publisher={Elsevier}
}

@inproceedings{sakurai2020discovering,
  title={Discovering HTTPSified phishing websites using the TLS certificates footprints},
  author={Sakurai, Yuji and Watanabe, Takuya and Okuda, Tetsuya and Akiyama, Mitsuaki and Mori, Tatsuya},
  booktitle={2020 IEEE European Symposium on Security and Privacy Workshops (EuroS\&PW)},
  pages={522--531},
  year={2020},
  publisher={IEEE},
  address={Online},
}

@inproceedings{sarne2019unsupervised,
  title={Unsupervised topic extraction from privacy policies},
  author={Sarne, David and Schler, Jonathan and Singer, Alon and Sela, Ayelet and Bar Siman Tov, Ittai},
  booktitle={Companion Proceedings of The 2019 World Wide Web Conference},
  pages={563--568},
  year={2019},
  publisher={Association for Computing Machinery},
  address={New York, NY, USA}
}

@inproceedings{shvartzshnaider2019going,
  title={Going against the (appropriate) flow: A contextual integrity approach to privacy policy analysis},
  author={Shvartzshnaider, Yan and Apthorpe, Noah and Feamster, Nick and Nissenbaum, Helen},
  booktitle={Proceedings of the AAAI Conference on Human Computation and Crowdsourcing},
  volume={7},
  pages={162--170},
  year={2019},
  publisher={AAAI Press},
  address={Online}
}

@inproceedings{van2022logomotive,
  title={LogoMotive: detecting logos on websites to identify online scams-a TLD case study},
  author={van Den Hout, Thijs and Wabeke, Thymen and Moura, Giovane CM and Hesselman, Cristian},
  booktitle={Passive and Active Measurement: 23rd International Conference, PAM 2022, Virtual Event, March 28--30, 2022, Proceedings},
  pages={3--29},
  year={2022},
  publisher={Springer},
  address={Cham, Switzerland}
}

@article{waldman2020cognitive,
  title={Cognitive biases, dark patterns, and the â€˜privacy paradoxâ€™},
  author={Waldman, Ari Ezra},
  journal={Current opinion in psychology},
  volume={31},
  pages={105--109},
  year={2020},
  publisher={Elsevier}
}

@article{xiang2011cantina+,
  title={Cantina+ a feature-rich machine learning framework for detecting phishing web sites},
  author={Xiang, Guang and Hong, Jason and Rose, Carolyn P and Cranor, Lorrie},
  journal={ACM Transactions on Information and System Security (TISSEC)},
  volume={14},
  number={2},
  pages={1--28},
  year={2011},
  publisher={Association for Computing Machinery},
  address={New York, NY, USA}
}

@article{yang2019phishing,
  title={Phishing website detection based on multidimensional features driven by deep learning},
  author={Yang, Peng and Zhao, Guangzhen and Zeng, Peng},
  journal={IEEE access},
  volume={7},
  pages={15196--15209},
  year={2019},
  publisher={IEEE}
}

@inproceedings{yang2023trident,
  title={$\{$TRIDENT$\}$: Towards Detecting and Mitigating Web-based Social Engineering Attacks},
  author={Yang, Zheng and Allen, Joey and Landen, Matthew and Perdisci, Roberto and Lee, Wenke},
  booktitle={32nd USENIX Security Symposium (USENIX Security 23)},
  pages={6701--6718},
  year={2023},
  publisher={USENIX Association},
  address={Berkeley, CA, USA}
}

@inproceedings{zhang2014you,
  title={You are where you have been: Sybil detection via geo-location analysis in OSNs},
  author={Zhang, Xiaokuan and Zheng, Haizhong and Li, Xiaolong and Du, Suguo and Zhu, Haojin},
  booktitle={Proceedings of the 2014 IEEE Global Communications Conference (GLOBECOM)},
  pages={698--703},
  year={2014},
  organization={IEEE},
  publisher={IEEE},
  address={Austin, TX, USA}
}

@inproceedings{zheng2017smoke,
  title={Smoke screener or straight shooter: Detecting elite sybil attacks in user-review social networks},
  author={Zheng, Haizhong and Xue, Minhui and Lu, Hao and Hao, Shuang and Zhu, Haojin and Liang, Xiaohui and Ross, Keith},
  booktitle={Proceedings of the Network and Distributed System Security Symposium (NDSS)},
  year={2018},
  publisher={Internet Society},
  address={San Diego, CA, USA}
}

@article{zouina2017novel,
  title={A novel lightweight URL phishing detection system using SVM and similarity index},
  author={Zouina, Mouad and Outtaj, Benaceur},
  journal={Human-centric Computing and Information Sciences},
  volume={7},
  number={1},
  pages={1--13},
  year={2017},
  publisher={Springer}
}

