@article{li2018fake,
  title={Fake reviews tell no tales? dissecting click farming in content-generated social networks},
  author={Li, Neng and Du, Suguo and Zheng, Haizhong and Xue, Minhui and Zhu, Haojin},
  journal={China Communications},
  volume={15},
  number={4},
  pages={98--109},
  year={2018},
  publisher={IEEE}
}

@inproceedings{zheng2017smoke,
  title={Smoke screener or straight shooter: Detecting elite sybil attacks in user-review social networks},
  author={Zheng, Haizhong and Xue, Minhui and Lu, Hao and Hao, Shuang and Zhu, Haojin and Liang, Xiaohui and Ross, Keith},
  booktitle={Proceedings of the Network and Distributed System Security Symposium (NDSS)},
  year={2018},
  publisher={Internet Society},
  address={San Diego, CA, USA}
}

@inproceedings{zhang2014you,
  title={You are where you have been: Sybil detection via geo-location analysis in OSNs},
  author={Zhang, Xiaokuan and Zheng, Haizhong and Li, Xiaolong and Du, Suguo and Zhu, Haojin},
  booktitle={Proceedings of the 2014 IEEE Global Communications Conference (GLOBECOM)},
  pages={698--703},
  year={2014},
  organization={IEEE},
  publisher={IEEE},
  address={Austin, TX, USA}
}

@inproceedings{greshake2023not,
  title={Not what you've signed up for: Compromising real-world llm-integrated applications with indirect prompt injection},
  author={Greshake, Kai and Abdelnabi, Sahar and Mishra, Shailesh and Endres, Christoph and Holz, Thorsten and Fritz, Mario},
  booktitle={Proceedings of the 16th ACM Workshop on Artificial Intelligence and Security},
  pages={79--90},
  year={2023},
  publisher={Association for Computing Machinery},
  address={New York, NY, USA}
}

@misc{liu2023autodan,
  title={Autodan: Generating stealthy jailbreak prompts on aligned large language models},
  author={Liu, Xiaogeng and Xu, Nan and Chen, Muhao and Xiao, Chaowei},
  journal={arXiv preprint arXiv:2310.04451},
  year={2023}
}

@misc{zou2023universal,
  title={Universal and transferable adversarial attacks on aligned language models},
  author={Zou, Andy and Wang, Zifan and Kolter, J Zico and Fredrikson, Matt},
  journal={arXiv preprint arXiv:2307.15043},
  year={2023}
}

@inproceedings{sarne2019unsupervised,
  title={Unsupervised topic extraction from privacy policies},
  author={Sarne, David and Schler, Jonathan and Singer, Alon and Sela, Ayelet and Bar Siman Tov, Ittai},
  booktitle={Companion Proceedings of The 2019 World Wide Web Conference},
  pages={563--568},
  year={2019},
  publisher={Association for Computing Machinery},
  address={New York, NY, USA}
}

@inproceedings{andow2019policylint,
  title={$\{$PolicyLint$\}$: investigating internal privacy policy contradictions on google play},
  author={Andow, Benjamin and Mahmud, Samin Yaseer and Wang, Wenyu and Whitaker, Justin and Enck, William and Reaves, Bradley and Singh, Kapil and Xie, Tao},
  booktitle={28th USENIX security symposium (USENIX security 19)},
  pages={585--602},
  year={2019},
  publisher={USENIX Association},
  address={Berkeley, CA, USA}
}

@inproceedings{cui2023poligraph,
  title={$\{$PoliGraph$\}$: Automated privacy policy analysis using knowledge graphs},
  author={Cui, Hao and Trimananda, Rahmadi and Markopoulou, Athina and Jordan, Scott},
  booktitle={32nd USENIX Security Symposium (USENIX Security 23)},
  pages={1037--1054},
  year={2023},
  publisher={USENIX Association},
  address={Berkeley, CA, USA}
}

@inproceedings{shvartzshnaider2019going,
  title={Going against the (appropriate) flow: A contextual integrity approach to privacy policy analysis},
  author={Shvartzshnaider, Yan and Apthorpe, Noah and Feamster, Nick and Nissenbaum, Helen},
  booktitle={Proceedings of the AAAI Conference on Human Computation and Crowdsourcing},
  volume={7},
  pages={162--170},
  year={2019},
  publisher={AAAI Press},
  address={Online}
}

@inproceedings{alabduljabbar2021automated,
  title={Automated privacy policy annotation with information highlighting made practical using deep representations},
  author={Alabduljabbar, Abdulrahman and Abusnaina, Ahmed and Meteriz-Yildiran, {\"U}lk{\"u} and Mohaisen, David},
  booktitle={Proceedings of the 2021 ACM SIGSAC Conference on Computer and Communications Security},
  pages={2378--2380},
  year={2021},
  publisher={Association for Computing Machinery},
  address={New York, NY, USA}
}

@misc{consumerprotection2,
  author = {Federal Trade Commission},
  title = {Federal Trade Commission Explores Rule Cracking Down on Junk Fees},
  howpublished = {\url{https://www.ftc.gov/news-events/news/press-releases/2022/10/federal-trade-commission-explores-rule-cracking-down-junk-fees}},
  year = {2023}
}

@misc{ftc2021,
title={{New Data Shows FTC Received 2.8 Million Fraud Reports from Consumers in 2021}},
note={\url{https://tinyurl.com/yetzdvj8}},
author={FTC}, 
year={2022}
}

@misc{similarweb,
title={{Website Traffic - Check and Analyze Any Website}},
note={\url{https://www.similarweb.com/}},
author={similarweb}, 
year={2023}
}

@inproceedings{bongard2021definitely,
  title={{” I am Definitely Manipulated, Even When I am Aware of it. It’s Ridiculous!”-Dark Patterns from the End-User Perspective}},
  author={Bongard-Blanchy, Kerstin and Rossi, Arianna and Rivas, Salvador and Doublet, Sophie and Koenig, Vincent and Lenzini, Gabriele},
  booktitle={Designing Interactive Systems Conference 2021},
  pages={763--776},
  year={2021},
  publisher={Association for Computing Machinery},
  address={New York, NY, USA}
}


@inproceedings{di2020ui,
  title={{UI dark patterns and where to find them: a study on mobile applications and user perception}},
  author={Di Geronimo, Linda and Braz, Larissa and Fregnan, Enrico and Palomba, Fabio and Bacchelli, Alberto},
  booktitle={Proceedings of the 2020 CHI conference on human factors in computing systems},
  pages={1--14},
  year={2020},
  publisher={Association for Computing Machinery},
  address={New York, NY, USA}
}

@inproceedings{mathur2021makes,
  title={{What makes a dark pattern... dark? Design attributes, normative considerations, and measurement methods}},
  author={Mathur, Arunesh and Kshirsagar, Mihir and Mayer, Jonathan},
  booktitle={Proceedings of the 2021 CHI conference on human factors in computing systems},
  pages={1--18},
  year={2021},
  publisher={Association for Computing Machinery},
  address={New York, NY, USA}
}



@article{mathur2019dark,
  title={{Dark patterns at scale: Findings from a crawl of 11K shopping websites}},
  author={Mathur, Arunesh and Acar, Gunes and Friedman, Michael J and Lucherini, Eli and Mayer, Jonathan and Chetty, Marshini and Narayanan, Arvind},
  journal={Proceedings of the ACM on Human-Computer Interaction},
  volume={3},
  number={CSCW},
  pages={1--32},
  year={2019},
  publisher={ACM New York, NY, USA}
}

@article{sang2003introduction,
  title={{Introduction to the CoNLL-2003 shared task: Language-independent named entity recognition}},
  author={Sang, Erik F and De Meulder, Fien},
  journal={arXiv preprint cs/0306050},
  year={2003}
}

@inproceedings{limsopatham2021effectively,
  title={{Effectively leveraging BERT for legal document classification}},
  author={Limsopatham, Nut},
  booktitle={Proceedings of the Natural Legal Language Processing Workshop 2021},
  pages={210--216},
  year={2021},
  publisher={Association for Computational Linguistics},
  address={Punta Cana, Dominican Republic}
}

@inproceedings{szegedy2016rethinking,
  title={{Rethinking the inception architecture for computer vision}},
  author={Szegedy, Christian and Vanhoucke, Vincent and Ioffe, Sergey and Shlens, Jon and Wojna, Zbigniew},
  booktitle={Proceedings of the IEEE conference on computer vision and pattern recognition},
  pages={2818--2826},
  year={2016}
}

@misc{liu2019roberta,
  title={{Roberta: A robustly optimized bert pretraining approach}},
  author={Liu, Yinhan and Ott, Myle and Goyal, Naman and Du, Jingfei and Joshi, Mandar and Chen, Danqi and Levy, Omer and Lewis, Mike and Zettlemoyer, Luke and Stoyanov, Veselin},
  journal={arXiv preprint arXiv:1907.11692},
  year={2019}
}

@article{brown2020language,
  title={{Language models are few-shot learners}},
  author={Brown, Tom and Mann, Benjamin and Ryder, Nick and Subbiah, Melanie and Kaplan, Jared D and Dhariwal, Prafulla and Neelakantan, Arvind and Shyam, Pranav and Sastry, Girish and Askell, Amanda and others},
  journal={Advances in neural information processing systems},
  volume={33},
  pages={1877--1901},
  year={2020}
}

@misc{touvron2023llama,
  title={{Llama: Open and efficient foundation language models}},
  author={Touvron, Hugo and Lavril, Thibaut and Izacard, Gautier and Martinet, Xavier and Lachaux, Marie-Anne and Lacroix, Timoth{\'e}e and Rozi{\`e}re, Baptiste and Goyal, Naman and Hambro, Eric and Azhar, Faisal and others},
  journal={arXiv preprint arXiv:2302.13971},
  year={2023}
}

@misc{devlin2018bert,
  title={Bert: Pre-training of deep bidirectional transformers for language understanding},
  author={Devlin, Jacob},
  journal={arXiv preprint arXiv:1810.04805},
  year={2018}
}

@misc{digitalcommerce2023ecommerce,
  author       = {Emarketer},
  title        = {US Ecommerce Forecast 2024},
  howpublished = {\url{https://www.emarketer.com/content/us-ecommerce-forecast-2024/}},
  year         = {2024},
}

@misc{ftcact,
  author       = {Federal Trade Commission},
  title        = {Federal Trade Commission Act Section 5: Unfair or Deceptive Acts or Practices},
  howpublished = {\url{https://www.federalreserve.gov/boarddocs/supmanual/cch/200806/ftca.pdf}},
  year         = {1914},
}

@inproceedings{sandler2018mobilenetv2,
  title={{Mobilenetv2: Inverted residuals and linear bottlenecks}},
  author={Sandler, Mark and Howard, Andrew and Zhu, Menglong and Zhmoginov, Andrey and Chen, Liang-Chieh},
  booktitle={Proceedings of the IEEE conference on computer vision and pattern recognition},
  pages={4510--4520},
  year={2018}
}

@misc{team2024gemma,
  title={Gemma: Open models based on gemini research and technology},
  author={Team, Gemma and Mesnard, Thomas and Hardin, Cassidy and Dadashi, Robert and Bhupatiraju, Surya and Pathak, Shreya and Sifre, Laurent and Rivi{\`e}re, Morgane and Kale, Mihir Sanjay and Love, Juliette and others},
  journal={arXiv preprint arXiv:2403.08295},
  year={2024}
}

@inproceedings{he2016deep,
  title={{Deep residual learning for image recognition}},
  author={He, Kaiming and Zhang, Xiangyu and Ren, Shaoqing and Sun, Jian},
  booktitle={Proceedings of the IEEE conference on computer vision and pattern recognition},
  pages={770--778},
  year={2016}
}

@article{simonyan2014very,
  title={{Very deep convolutional networks for large-scale image recognition}},
  author={Simonyan, Karen and Zisserman, Andrew},
  journal={arXiv preprint arXiv:1409.1556},
  year={2014}
}

@misc{activiciti,
title={https://activcitigadgets.com},
note={\url{https://web.archive.org/web/20211130205503/https://activcitigadgets.com/}},
author={ActiviCiti Gadgets}, 
year={2023}
}


@misc{mesh-transformer-jax,
  author = {Wang, Ben},
  title = {{{Mesh-Transformer-JAX: Model-Parallel Implementation of Transformer Language Model with JAX}}},
  howpublished = {\url{https://github.com/kingoflolz/mesh-transformer-jax}},
  year = 2021,
  month = May
}

@misc{chatgpt,
title={{Introducing ChatGPT and Whisper APIs}},
note={\url{https://openai.com/blog/introducing-chatgpt-and-whisper-apis}},
author={OpenAI}, 
year={2023}
}

@misc{tranco,
author       = {{Tranco}},
title={{Tranco, A Research-Oriented Top Sites Ranking Hardened Against Manipulation}},
note={\url{https://tranco-list.eu/}},
year={2024}
}

@article{steinfeld2016agree,
  title={“I agree to the terms and conditions”:(How) do users read privacy policies online? An eye-tracking experiment},
  author={Steinfeld, Nili},
  journal={Computers in human behavior},
  volume={55},
  pages={992--1000},
  year={2016},
  publisher={Elsevier}
}

@article{obar2020biggest,
  title={The biggest lie on the internet: Ignoring the privacy policies and terms of service policies of social networking services},
  author={Obar, Jonathan A and Oeldorf-Hirsch, Anne},
  journal={Information, Communication \& Society},
  volume={23},
  number={1},
  pages={128--147},
  year={2020},
  publisher={Taylor \& Francis}
}

@article{loos2016wanted,
  title={Wanted: a bigger stick. On unfair terms in consumer contracts with online service providers},
  author={Loos, Marco and Luzak, Joasia},
  journal={Journal of consumer policy},
  volume={39},
  pages={63--90},
  year={2016},
  publisher={Springer}
}

@misc{grootendorst2022bertopic,
  title={BERTopic: Neural topic modeling with a class-based TF-IDF procedure},
  author={Grootendorst, Maarten},
  journal={arXiv preprint arXiv:2203.05794},
  year={2022}
}

@misc{nationalparkreservations,
  author       = {{National Park Reservations}},
  title        = {National Park Reservations},
  howpublished = {\url{https://www.nationalparkreservations.com/}},
  year         = {2024},
}

@misc{mu2024large,
  title={Large Language Models Offer an Alternative to the Traditional Approach of Topic Modelling},
  author={Mu, Yida and Dong, Chun and Bontcheva, Kalina and Song, Xingyi},
  journal={arXiv preprint arXiv:2403.16248},
  year={2024}
}

@inproceedings{shrestha2023we,
  title={Do We Need Subject Matter Experts? A Case Study of Measuring Up GPT-4 Against Scholars in Topic Evaluation},
  author={Shrestha, Kabir Manandhar and Wood, Katie and Goodman, D and Mistica, M},
  booktitle={Proceedings of the Seventh Workshop on Natural Language for Artificial Intelligence (NL4AI 2023) co-located with 22th International Conference of the Italian Association for Artificial Intelligence (AI* IA 2023)},
  year={2023},
  publisher={CEUR-WS},
  address={Rome, Italy}
}

@article{blei2003latent,
  title={Latent dirichlet allocation},
  author={Blei, David M and Ng, Andrew Y and Jordan, Michael I},
  journal={Journal of machine Learning research},
  volume={3},
  number={Jan},
  pages={993--1022},
  year={2003}
}

@misc{langdetect,
author={Michal Danilk},
title={{langdetect}},
note={https://pypi.org/project/langdetect/},
year={2024}
}




@inproceedings{ester1996density,
  title={A density-based algorithm for discovering clusters in large spatial databases with noise},
  author={Ester, Martin and Kriegel, Hans-Peter and Sander, J{\"o}rg and Xu, Xiaowei and others},
  booktitle={Proceedings of the 2nd International Conference on Knowledge Discovery and Data Mining (KDD)},
  pages={226--231},
  year={1996},
  publisher={AAAI Press},
  address={Online}
}

@article{raffel2020exploring,
  title={Exploring the limits of transfer learning with a unified text-to-text transformer},
  author={Raffel, Colin and Shazeer, Noam and Roberts, Adam and Lee, Katherine and Narang, Sharan and Matena, Michael and Zhou, Yanqi and Li, Wei and Liu, Peter J},
  journal={Journal of machine learning research},
  volume={21},
  number={140},
  pages={1--67},
  year={2020}
}



@misc{coinmarket,
title={{CoinMarketCap: Cryptocurrency Prices, Charts And Market Capitalizations}},
author={Coinmarket}, 
note={\url{https://coinmarketcap.com/}},
year={2024}
}

@article{achiam2023gpt,
  title={{Gpt-4 technical report}},
  author={Achiam, Josh and Adler, Steven and Agarwal, Sandhini and Ahmad, Lama and Akkaya, Ilge and Aleman, Florencia Leoni and Almeida, Diogo and Altenschmidt, Janko and Altman, Sam and Anadkat, Shyamal and others},
  journal={arXiv preprint arXiv:2303.08774},
  year={2023}
}

@misc{gnl,
title={{Natural Language AI}},
note={\url{https://cloud.google.com/natural-language}},
author={Google}, 
year={2023}
}

@article{loper2002nltk,
  title={{Nltk: The natural language toolkit}},
  author={Loper, Edward and Bird, Steven},
  journal={arXiv preprint cs/0205028},
  year={2002}
}



@misc{ctlog,
title={{Certificate Transparency}},
note={\url{https://www.rfc-editor.org/rfc/rfc6962}},
author={RFC6962}, 
year={2023}
}


@misc{activicititc,
title={https://activcitigadgets.com/terms.php},
note={\url{https://web.archive.org/web/20230210024902/https://activcitigadgets.com/terms.php}},
author={ActiviCiti Gadgets}, 
year={2023}
}


@misc{celsiuswebsite,
title={{1.7 million people call Celsius their home for crypto}},
note={\url{https://celsius.network/}},
author={Celsius}, 
year={2023}
}


@misc{celsiustc,
title={{Celsius terms of use do not guarantee return of customers’ funds}},
note={\url{https://cryptoslate.com/celsius-terms-of-use-do-not-guarantee-return-of-customers-funds/}},
author={Oluwapelumi Adejumo}, 
year={2022}
}

@misc{scamwatcher,
title={{Online Scams: Reports, Informations and Victim Assistance}},
note={\url{https://www.scamwatcher.com/}},
author={Scam Watcher}, 
year={2023}
}


@misc{scamadvisor,
title={{ScamAdviser | Check a website for risk}},
note={\url{https://www.scamadviser.com/}},
author={ScamAdviser}, 
year={2023}
}

@misc{scammerinfo,
title={{Scammer Info - Scambait Forum and Scam Number Database}},
note={\url{https://scammer.info/}},
author={SCAMMER.INFO}, 
year={2023}
}

@misc{tonefitpro,
title={{Tone Fit Pro Reports \& Reviews}},
note={\url{https://www.scampulse.com/tone-fit-pro-reviews}},
author={Alienspy007}, 
year={2022}
}

@misc{ftcwarning,
title={{3 Signs of a Prize Scam}},
note={\url{https://consumer.ftc.gov/articles/fake-prize-sweepstakes-lottery-scams}},
author={FTC}, 
year={2021}
}


@misc{celsius,
title={{Judge Rules Celsius Networks Owns Customers' Crypto Depositss}},
note={\url{https://www.investopedia.com/judge-s-ruling-on-celsius-7092044}},
author={Investopedia}, 
year={2023}
}

@inproceedings{van2022logomotive,
  title={LogoMotive: detecting logos on websites to identify online scams-a TLD case study},
  author={van Den Hout, Thijs and Wabeke, Thymen and Moura, Giovane CM and Hesselman, Cristian},
  booktitle={Passive and Active Measurement: 23rd International Conference, PAM 2022, Virtual Event, March 28--30, 2022, Proceedings},
  pages={3--29},
  year={2022},
  publisher={Springer},
  address={Cham, Switzerland}
}

@article{lippi2019claudette,
  title={{CLAUDETTE: an automated detector of potentially unfair clauses in online terms of service}},
  author={Lippi, Marco and Pa{\l}ka, Przemys{\l}aw and Contissa, Giuseppe and Lagioia, Francesca and Micklitz, Hans-Wolfgang and Sartor, Giovanni and Torroni, Paolo},
  journal={Artificial Intelligence and Law},
  volume={27},
  pages={117--139},
  year={2019},
  publisher={Springer},
}

@article{hendrycks2021cuad,
  title={{Cuad: An expert-annotated nlp dataset for legal contract review}},
  author={Hendrycks, Dan and Burns, Collin and Chen, Anya and Ball, Spencer},
  journal={arXiv preprint arXiv:2103.06268},
  year={2021}
}

@article{alayrac2022flamingo,
  title={Flamingo: a visual language model for few-shot learning},
  author={Alayrac, Jean-Baptiste and Donahue, Jeff and Luc, Pauline and Miech, Antoine and Barr, Iain and Hasson, Yana and Lenc, Karel and Mensch, Arthur and Millican, Katherine and Reynolds, Malcolm and others},
  journal={Advances in neural information processing systems},
  volume={35},
  pages={23716--23736},
  year={2022}
}

@inproceedings{drazewski2021corpus,
  title={A corpus for multilingual analysis of online terms of service},
  author={Drazewski, Kasper and Galassi, Andrea and JAB{\L}ONOWSKA, Agnieszka and Lagioia, Francesca and Lippi, Marco and Micklitz, Hans-Wolfgang and Sartor, Giovanni and Tagiuri, Giacomo and Torroni, Paolo},
  booktitle={Proceedings of the Natural Legal Language Processing Workshop 2021},
  pages={1--8},
  year={2021},
  publisher={Association for Computational Linguistics},
  address={Punta Cana, Dominican Republic}
}


@inproceedings{galassi2020cross,
  title={Cross-lingual annotation projection in legal texts},
  author={Galassi, Andrea and Drazewski, Kasper and Lippi, Marco and Torroni, Paolo},
  booktitle={Proceedings of the 28th international conference on computational linguistics},
  pages={915--926},
  year={2020},
  publisher={International Committee on Computational Linguistics (ICCL)},
  address={Barcelona, Spain}
}


@misc{scamadviser2019algorithm,
  author       = {ScamAdviser},
  title        = {ScamAdviser Algorithm Explainer},
  howpublished = {\url{https://www.scamadviser.com/articles/scamadviser-algorithm-explainer}},
  year         = {2019},
}

@misc{scamadviser2024website,
  author       = {ScamAdviser},
  title        = {ScamAdviser},
  howpublished = {\url{https://www.scamadviser.com}},
  year         = {2024},
}

@misc{google2024safebrowsing,
  author       = {Google},
  title        = {Google Safe Browsing},
  howpublished = {\url{https://safebrowsing.google.com/}},
  year         = {2024},
}

@misc{microsoft2024smartscreen,
  author       = {Microsoft},
  title        = {Microsoft Defender SmartScreen},
  howpublished = {\url{https://learn.microsoft.com/en-us/windows/security/operating-system-security/virus-and-threat-protection/microsoft-defender-smartscreen/}},
  year         = {2024},
}




@misc{littlechild2021exploring,
  title={Exploring customer satisfaction in Great Britain's retail energy sector Part I: The comparative use of Trustpilot online reviews in four sectors},
  author={Littlechild, Stephen},
  journal={Utilities Policy},
  volume={73},
  pages={101298},
  year={2021},
  publisher={Elsevier},
}

@misc{trustpilot,
    author       = {{Trustpilot}},
    title        = {Trustpilot Reviews: Experience the power of customer reviews},
    year         = 2024,
    url          = {https://www.trustpilot.com},
}

@misc{neteller,
    author       = {{Neteller}},
    title        = {Neteller: Online Payment Account},
    year         = 2024,
    url          = {https://www.neteller.com},
}


@incollection{jablonowska2021assessing,
  title={Assessing the cross-market generalization capability of the claudette system},
  author={Jablonowska, Agnieszka and Lagioia, Francesca and Lippi, Marco and Micklitz, Hans-Wolfgang and Sartor, Giovanni and Tagiuri, Giacomo},
  booktitle={Legal knowledge and information systems},
  pages={62--67},
  year={2021},
  publisher={IOS Press},
  address={Online}
}

@article{ruggeri2022detecting,
  title={Detecting and explaining unfairness in consumer contracts through memory networks},
  author={Ruggeri, Federico and Lagioia, Francesca and Lippi, Marco and Torroni, Paolo},
  journal={Artificial Intelligence and Law},
  volume={30},
  number={1},
  pages={59--92},
  year={2022},
  publisher={Springer},
}

@misc{goodman1961snowball,
  title={Snowball sampling},
  author={Goodman, Leo A},
  journal={The annals of mathematical statistics},
  pages={148--170},
  year={1961},
  publisher={JSTOR}
}

@misc{frasheri2024llm,
  title={Are LLM-based methods good enough for detecting unfair terms of service?},
  author={Frasheri, Mirgita and Bakhtiarnia, Arian and Esterle, Lukas and Iosifidis, Aleksandros},
  journal={arXiv preprint arXiv:2409.00077},
  year={2024}
}

@misc{rodriguez2024large,
  title={Large language models: a new approach for privacy policy analysis at scale},
  author={Rodriguez, David and Yang, Ian and Del Alamo, Jose M and Sadeh, Norman},
  journal={Computing},
  pages={1--25},
  year={2024},
  publisher={Springer}
}

@misc{llama3.2-90B-vision,
  author = {{Hugging Face}},
  title = {Llama-3.2-90B-Vision Model},
  howpublished = {\url{https://huggingface.co/meta-llama/Llama-3.2-90B-Vision}},
  year={2024}
}

@misc{CouncilDirective1993,
  title = {Council Directive 93/13/EEC of 5 April 1993 on unfair terms in consumer contracts},
  howpublished = {\emph{Official Journal of the European Communities}},
  year = {1993},
  volume = {L 95},
  author = {European Union},
  pages = {29--34},
}

@article{bakos2014does,
  title={Does anyone read the fine print? Consumer attention to standard-form contracts},
  author={Bakos, Yannis and Marotta-Wurgler, Florencia and Trossen, David R},
  journal={The Journal of Legal Studies},
  volume={43},
  number={1},
  pages={1--35},
  year={2014},
  publisher={University of Chicago Press Chicago, IL}
}

@inproceedings{yang2023trident,
  title={$\{$TRIDENT$\}$: Towards Detecting and Mitigating Web-based Social Engineering Attacks},
  author={Yang, Zheng and Allen, Joey and Landen, Matthew and Perdisci, Roberto and Lee, Wenke},
  booktitle={32nd USENIX Security Symposium (USENIX Security 23)},
  pages={6701--6718},
  year={2023},
  publisher={USENIX Association},
  address={Berkeley, CA, USA}
}

@inproceedings{li2023double,
  title={Double and nothing: Understanding and detecting cryptocurrency giveaway scams},
  author={Li, Xigao and Yepuri, Anurag and Nikiforakis, Nick},
  booktitle={Proceedings of the Network and Distributed System Security Symposium (NDSS)},
  year={2023},
  publisher={Internet Society},
  address={Reston, VA, USA}
}

@misc{ftc1983deception,
  author       = {Federal Trade Commission},
  title        = {FTC Policy Statement on Deception},
  year         = {1983},
  howpublished = {\url{https://www.ftc.gov/system/files/documents/public_statements/410531/831014deceptionstmt.pdf}},
}


@misc{jiang2023mistral,
  title={Mistral 7B},
  author={Jiang, Albert Q and Sablayrolles, Alexandre and Mensch, Arthur and Bamford, Chris and Chaplot, Devendra Singh and de las Casas, Diego and Bressand, Florian and Lengyel, Gianna and Lample, Guillaume and Saulnier, Lucile and et al.},
  journal={ArXiv preprint},
  volume={abs/2310.06825},
  year={2023}
}

@inproceedings{alahmadi202299,
  title={99\% false positives: A qualitative study of $\{$SOC$\}$ analysts' perspectives on security alarms},
  author={Alahmadi, Bushra A and Axon, Louise and Martinovic, Ivan},
  booktitle={31st USENIX Security Symposium (USENIX Security 22)},
  pages={2783--2800},
  year={2022},
  publisher={USENIX Association},
  address={Berkeley, CA, USA}
}



@misc{openai2023gpt4,
  title={GPT-4 Technical Report},
  author={{OpenAI}},
  year={2023},
  howpublished = {\url{https://platform.openai.com/docs/guides/gpt}},
}

@misc{sun2023text,
  title={Text classification via large language models},
  author={Sun, Xiaofei and Li, Xiaoya and Li, Jiwei and Wu, Fei and Guo, Shangwei and Zhang, Tianwei and Wang, Guoyin},
  journal={arXiv preprint arXiv:2305.08377},
  year={2023}
}

@misc{openai2023bestpractices,
  title = {Best Practices for Prompt Engineering with the OpenAI API},
  author = {{OpenAI}},
  year = {2023},
  howpublished = {\url{https://help.openai.com/en/articles/6654000-best-practices-for-prompt-engineering-with-the-openai-api}},
}

@article{gpt35,
  title={Language models are few-shot learners},
  author={Brown, Tom and Mann, Benjamin and Ryder, Nick and Subbiah, Melanie and Kaplan, Jared D and Dhariwal, Prafulla and Neelakantan, Arvind and Shyam, Pranav and Sastry, Girish and Askell, Amanda and others},
  journal={Advances in neural information processing systems},
  volume={33},
  pages={1877--1901},
  year={2020}
}

@misc{janaviciute2023fraudulent,
  author = {Janaviciute, Audrone and Liutkevicius, Agnius},
  title = {Fraudulent and Legitimate Online Shops Dataset},
  year = {2023},
  publisher = {Mendeley Data},
  version = {V1},
  doi = {10.17632/m7xtkx7g5m.1}
}

@inproceedings{bitaab2023beyond,
  title={Beyond Phish: Toward Detecting Fraudulent e-Commerce Websites at Scale},
  author={Bitaab, Marzieh and Cho, Haehyun and Oest, Adam and Lyu, Zhuoer and Wang, Wei and Abraham, Jorij and Wang, Ruoyu and Bao, Tiffany and Shoshitaishvili, Yan and Doup{\'e}, Adam},
  booktitle={2023 IEEE Symposium on Security and Privacy (SP)},
  pages={2566--2583},
  year={2023},
  publisher={IEEE},
  address={Online},
}

@article{chalkidis2021lexglue,
  title={LexGLUE: A benchmark dataset for legal language understanding in English},
  author={Chalkidis, Ilias and Jana, Abhik and Hartung, Dirk and Bommarito, Michael and Androutsopoulos, Ion and Katz, Daniel Martin and Aletras, Nikolaos},
  journal={arXiv preprint arXiv:2110.00976},
  year={2021}
}

@article{galassi2024unfair,
  title={Unfair clause detection in terms of service across multiple languages},
  author={Galassi, Andrea and Lagioia, Francesca and Jab{\l}onowska, Agnieszka and Lippi, Marco},
  journal={Artificial Intelligence and Law},
  pages={1--49},
  year={2024},
  publisher={Springer},
}

@inproceedings{bui2023detection,
  title={Detection of inconsistencies in privacy practices of browser extensions},
  author={Bui, Duc and Tang, Brian and Shin, Kang G},
  booktitle={2023 IEEE Symposium on Security and Privacy (SP)},
  pages={2780--2798},
  year={2023},
  publisher={IEEE},
  address={Online},
}

@inproceedings{zhou2023policycomp,
  title={$\{$POLICYCOMP$\}$: Counterpart Comparison of Privacy Policies Uncovers Overbroad Personal Data Collection Practices},
  author={Zhou, Lu and Wei, Chengyongxiao and Zhu, Tong and Chen, Guoxing and Zhang, Xiaokuan and Du, Suguo and Cao, Hui and Zhu, Haojin},
  booktitle={32nd USENIX Security Symposium (USENIX Security 23)},
  pages={1073--1090},
  year={2023},
  publisher={USENIX Association},
  address={Berkeley, CA, USA}
}

@inproceedings{harkous2018polisis,
  title={Polisis: Automated analysis and presentation of privacy policies using deep learning},
  author={Harkous, Hamza and Fawaz, Kassem and Lebret, R{\'e}mi and Schaub, Florian and Shin, Kang G and Aberer, Karl},
  booktitle={27th USENIX Security Symposium (USENIX Security 18)},
  pages={531--548},
  year={2018},
  publisher={USENIX Association},
  address={Berkeley, CA, USA}
}


@inproceedings{xiang2023policychecker,
  title={PolicyChecker: Analyzing the GDPR Completeness of Mobile Apps' Privacy Policies},
  author={Xiang, Anhao and Pei, Weiping and Yue, Chuan},
  booktitle={Proceedings of the 2023 ACM SIGSAC Conference on Computer and Communications Security},
  pages={3373--3387},
  year={2023},
  publisher={Association for Computing Machinery},
  address={New York, NY, USA}
}



@inproceedings{sakurai2020discovering,
  title={Discovering HTTPSified phishing websites using the TLS certificates footprints},
  author={Sakurai, Yuji and Watanabe, Takuya and Okuda, Tetsuya and Akiyama, Mitsuaki and Mori, Tatsuya},
  booktitle={2020 IEEE European Symposium on Security and Privacy Workshops (EuroS\&PW)},
  pages={522--531},
  year={2020},
  publisher={IEEE},
  address={Online},
}

@inproceedings{drury2019certified,
  title={{Certified phishing: taking a look at public key certificates of phishing websites}},
  author={Drury, Vincent and Meyer, Ulrike},
  booktitle={15th Symposium on Usable Privacy and Security (SOUPS’19)},
  pages={211--223},
  year={2019},
  publisher={USENIX Association},
  address={Berkeley, CA, USA},
}


@inproceedings{fasllija2019phish,
  title={{Phish-Hook: Detecting phishing certificates using certificate transparency logs}},
  author={Fasllija, Edona and Eni{\c{s}}er, Hasan Ferit and Pr{\"u}nster, Bernd},
  booktitle={Security and Privacy in Communication Networks: 15th EAI International Conference, SecureComm 2019, Orlando, FL, USA, October 23--25, 2019, Proceedings, Part II 15},
  pages={320--334},
  year={2019},
}


@inproceedings{bitaab2020scam,
  title={Scam pandemic: How attackers exploit public fear through phishing},
  author={Bitaab, Marzieh and Cho, Haehyun and Oest, Adam and Zhang, Penghui and Sun, Zhibo and Pourmohamad, Rana and Kim, Doowon and Bao, Tiffany and Wang, Ruoyu and Shoshitaishvili, Yan and others},
  booktitle={2020 APWG Symposium on Electronic Crime Research (eCrime)},
  pages={1--10},
  year={2020},
  publisher={IEEE},
  address={Online},
}

@inproceedings{bilge2011exposure,
  title={Exposure: Finding malicious domains using passive DNS analysis.},
  author={Bilge, Leyla and Kirda, Engin and Kruegel, Christopher and Balduzzi, Marco},
  booktitle={Ndss},
  pages={1--17},
  year={2011},
  publisher={Internet Society},
  address={Reston, VA, USA}
}

@article{zhang2011textual,
  title={Textual and visual content-based anti-phishing: a Bayesian approach},
  author={Zhang, Haijun and Liu, Gang and Chow, Tommy WS and Liu, Wenyin},
  journal={IEEE transactions on neural networks},
  volume={22},
  number={10},
  pages={1532--1546},
  year={2011},
  publisher={IEEE}
}


@inproceedings{kharraz2018surveylance,
  title={Surveylance: Automatically detecting online survey scams},
  author={Kharraz, Amin and Robertson, William and Kirda, Engin},
  booktitle={2018 IEEE Symposium on Security and Privacy (SP)},
  pages={70--86},
  year={2018},
  publisher={IEEE},
  address={Online},
}

@inproceedings{blum2010lexical,
  title={Lexical feature based phishing URL detection using online learning},
  author={Blum, Aaron and Wardman, Brad and Solorio, Thamar and Warner, Gary},
  booktitle={Proceedings of the 3rd ACM Workshop on Artificial Intelligence and Security},
  pages={54--60},
  publisher={Association for Computing Machinery},
  address={New York, NY, USA},
  year={2010}
}

@article{zouina2017novel,
  title={A novel lightweight URL phishing detection system using SVM and similarity index},
  author={Zouina, Mouad and Outtaj, Benaceur},
  journal={Human-centric Computing and Information Sciences},
  volume={7},
  number={1},
  pages={1--13},
  year={2017},
  publisher={Springer}
}

@article{moghimi2016new,
  title={New rule-based phishing detection method},
  author={Moghimi, Mahmood and Varjani, Ali Yazdian},
  journal={Expert systems with applications},
  volume={53},
  pages={231--242},
  year={2016},
  publisher={Elsevier}
}

@article{xiang2011cantina+,
  title={Cantina+ a feature-rich machine learning framework for detecting phishing web sites},
  author={Xiang, Guang and Hong, Jason and Rose, Carolyn P and Cranor, Lorrie},
  journal={ACM Transactions on Information and System Security (TISSEC)},
  volume={14},
  number={2},
  pages={1--28},
  year={2011},
  publisher={Association for Computing Machinery},
  address={New York, NY, USA}
}

@article{sahingoz2019machine,
  title={Machine learning based phishing detection from URLs},
  author={Sahingoz, Ozgur Koray and Buber, Ebubekir and Demir, Onder and Diri, Banu},
  journal={Expert Systems with Applications},
  volume={117},
  pages={345--357},
  year={2019},
  publisher={Elsevier}
}

@article{yang2019phishing,
  title={Phishing website detection based on multidimensional features driven by deep learning},
  author={Yang, Peng and Zhao, Guangzhen and Zeng, Peng},
  journal={IEEE access},
  volume={7},
  pages={15196--15209},
  year={2019},
  publisher={IEEE}
}

@misc{jain2017phishing,
  title={Phishing detection: analysis of visual similarity based approaches},
  author={Jain, Ankit Kumar and Gupta, Brij B},
  journal={Security and Communication Networks},
  volume={2017},
  year={2017},
  publisher={Hindawi}
}

@inproceedings{lagioia2017automated,
  title={Automated detection of unfair clauses in online consumer contracts},
  author={LAGIOIA, Francesca and MICKLITZ, Hans-Wolfgang and PANAGIS, Yannis and SARTOR, Giovanni and TORRONI, Paolo},
  booktitle={Legal Knowledge and Information Systems: JURIX 2017: The Thirtieth Annual Conference},
  volume={302},
  pages={145},
  year={2017},
  publisher={IOS Press},
  address={Amsterdam, The Netherlands}
}

@inproceedings{braun2021nlp,
  title={NLP for consumer protection: Battling illegal clauses in German terms and conditions in online shopping},
  author={Braun, Daniel and Matthes, Florian},
  booktitle={Proceedings of the 1st Workshop on NLP for Positive Impact},
  pages={93--99},
  year={2021},
  publisher={Association for Computational Linguistics},
  address={Online}
}




@article{wolf2019huggingface,
  title={Huggingface's transformers: State-of-the-art natural language processing},
  author={Wolf, Thomas and Debut, Lysandre and Sanh, Victor and Chaumond, Julien and Delangue, Clement and Moi, Anthony and Cistac, Pierric and Rault, Tim and Louf, R{\'e}mi and Funtowicz, Morgan and others},
  journal={arXiv preprint arXiv:1910.03771},
  year={2019}
}

@inproceedings{tjong-kim-sang-de-meulder-2003-introduction,
    title = "Introduction to the {C}o{NLL}-2003 Shared Task: Language-Independent Named Entity Recognition",
    author = "Tjong Kim Sang, Erik F.  and
      De Meulder, Fien",
    booktitle = "Proceedings of the Seventh Conference on Natural Language Learning at {HLT}-{NAACL} 2003",
    year = "2003",
    url = "https://www.aclweb.org/anthology/W03-0419",
    pages = "142--147",
}

@inproceedings{hao2011monitoring,
  title={Monitoring the initial DNS behavior of malicious domains},
  author={Hao, Shuang and Feamster, Nick and Pandrangi, Ramakant},
  booktitle={Proceedings of the 2011 ACM SIGCOMM conference on Internet measurement conference},
  pages={269--278},
  year={2011},
  publisher={Association for Computing Machinery},
  address={New York, NY, USA}
}



@article{narayanan2020dark,
  title={Dark Patterns: Past, Present, and Future: The evolution of tricky user interfaces},
  author={Narayanan, Arvind and Mathur, Arunesh and Chetty, Marshini and Kshirsagar, Mihir},
  journal={Queue},
  volume={18},
  number={2},
  pages={67--92},
  year={2020},
  publisher={ACM New York, NY, USA}
}

@inproceedings{gray2021dark,
  title={Dark patterns and the legal requirements of consent banners: An interaction criticism perspective},
  author={Gray, Colin M and Santos, Cristiana and Bielova, Nataliia and Toth, Michael and Clifford, Damian},
  booktitle={Proceedings of the 2021 CHI Conference on Human Factors in Computing Systems},
  pages={1--18},
  year={2021},
  publisher={Association for Computing Machinery},
  address={New York, NY, USA}
}


@inproceedings{nouwens2020dark,
  title={Dark patterns after the GDPR: Scraping consent pop-ups and demonstrating their influence},
  author={Nouwens, Midas and Liccardi, Ilaria and Veale, Michael and Karger, David and Kagal, Lalana},
  booktitle={Proceedings of the 2020 CHI conference on human factors in computing systems},
  pages={1--13},
  year={2020},
  publisher={Association for Computing Machinery},
  address={New York, NY, USA}
}

@article{waldman2020cognitive,
  title={Cognitive biases, dark patterns, and the ‘privacy paradox’},
  author={Waldman, Ari Ezra},
  journal={Current opinion in psychology},
  volume={31},
  pages={105--109},
  year={2020},
  publisher={Elsevier}
}


@article{luguri2021shining,
  title={Shining a light on dark patterns},
  author={Luguri, Jamie and Strahilevitz, Lior Jacob},
  journal={Journal of Legal Analysis},
  volume={13},
  number={1},
  pages={43--109},
  year={2021},
  publisher={Oxford University Press}
}

@misc{trustasia,
  author = {Trust Asia},
  title = {Transparency Log},
  howpublished = {\url{https://ct.trustasia.com/blog/english/}},
  year = {2023}
}


@misc{aarp,
  author = {AARP},
  title = {Americans Lost Record-Breaking \$8.8 Billion to Scams in 2022},
  howpublished = {\url{https://www.aarp.org/money/scams-fraud/info-2023/ftc-consumer-losses.html}},
  year = {2023}
}


@misc{consumerprotection,
  author = {AARP},
  title = {Undisclosed Fees Under Consumer Protection Laws},
  howpublished = {\url{https://www.justia.com/consumer/deceptive-practices-and-fraud/undisclosed-fees/}},
  year = {2023}
}

