@inproceedings{10.1145/502512.502546,
author = {Bingham, Ella and Mannila, Heikki},
title = {Random projection in dimensionality reduction: applications to image and text data},
year = {2001},
url = {https://doi.org/10.1145/502512.502546},
booktitle = {Proceedings of the Seventh ACM SIGKDD International Conference on Knowledge Discovery and Data Mining},
pages = {245â€“250},
}

@inproceedings{ben-zaken-etal-2022-bitfit,
    title = "{B}it{F}it: Simple Parameter-efficient Fine-tuning for Transformer-based Masked Language-models",
    author = "Ben Zaken, Elad  and
      Goldberg, Yoav  and
      Ravfogel, Shauli",
    booktitle = "Proceedings of the 60th Annual Meeting of the Association for Computational Linguistics",
    year = "2022",
    url = "https://aclanthology.org/2022.acl-short.1",
    pages = "1--9",
}

@inproceedings{hao2024flora,
title={Flora: Low-Rank Adapters Are Secretly Gradient Compressors},
author={Yongchang Hao and Yanshuai Cao and Lili Mou},
booktitle={Proceedings of the 41st International Conference on Machine Learning},
year={2024},
url={https://proceedings.mlr.press/v235/hao24a.html}
}

@inproceedings{hayou2024lora,
title={Lo{RA}+: Efficient Low Rank Adaptation of Large Models},
author={Soufiane Hayou and Nikhil Ghosh and Bin Yu},
booktitle={Proceedings of the 41st International Conference on Machine Learning},
year={2024},
url={https://proceedings.mlr.press/v235/hayou24a.html}
}

@inproceedings{hu2022lora,
title={Lo{RA}: Low-Rank Adaptation of Large Language Models},
author={Edward J Hu and yelong shen and Phillip Wallis and Zeyuan Allen-Zhu and Yuanzhi Li and Shean Wang and Lu Wang and Weizhu Chen},
booktitle={International Conference on Learning Representations},
year={2022},
url={https://openreview.net/forum?id=nZeVKeeFYf9}
}

@inproceedings{kopiczko2024vera,
title={Ve{RA}: Vector-based Random Matrix Adaptation},
author={Dawid Jan Kopiczko and Tijmen Blankevoort and Yuki M Asano},
booktitle={The Twelfth International Conference on Learning Representations},
year={2024},
url={https://openreview.net/forum?id=NjNfLdxr3A}
}

@inproceedings{lester-etal-2021-power,
    title = "The Power of Scale for Parameter-Efficient Prompt Tuning",
    author = "Lester, Brian  and
      Al-Rfou, Rami  and
      Constant, Noah",
    booktitle = "Proceedings of the 2021 Conference on Empirical Methods in Natural Language Processing",
    year = "2021",
    url = "https://aclanthology.org/2021.emnlp-main.243",
    pages = "3045--3059",
}

@inproceedings{li-liang-2021-prefix,
    title = "Prefix-{T}uning: Optimizing Continuous Prompts for Generation",
    author = "Li, Xiang Lisa  and
      Liang, Percy",
    booktitle = "Proceedings of the 59th Annual Meeting of the Association for Computational Linguistics and the 11th International Joint Conference on Natural Language Processing",
    year = "2021",
    url = "https://aclanthology.org/2021.acl-long.353",
    pages = "4582--4597",
}

@InProceedings{pmlr-v97-houlsby19a,
  title = 	 {Parameter-Efficient Transfer Learning for {NLP}},
  author =       {Houlsby, Neil and Giurgiu, Andrei and Jastrzebski, Stanislaw and Morrone, Bruna and De Laroussilhe, Quentin and Gesmundo, Andrea and Attariyan, Mona and Gelly, Sylvain},
  booktitle = 	 {Proceedings of the 36th International Conference on Machine Learning},
  pages = 	 {2790--2799},
  year = 	 {2019},
  url = 	 {https://proceedings.mlr.press/v97/houlsby19a.html},
}

@inproceedings{razdaibiedina-etal-2023-residual,
    title = "Residual {P}rompt {T}uning: improving prompt tuning with residual reparameterization",
    author = "Razdaibiedina, Anastasiia  and
      Mao, Yuning  and
      Khabsa, Madian  and
      Lewis, Mike  and
      Hou, Rui  and
      Ba, Jimmy  and
      Almahairi, Amjad",
    booktitle = "Findings of the Association for Computational Linguistics: ACL",
    year = "2023",
    url = "https://aclanthology.org/2023.findings-acl.421",
    pages = "6740--6757",
}

@inproceedings{ruckle-etal-2021-adapterdrop,
    title = "{AdapterDrop}: {O}n the Efficiency of Adapters in Transformers",
    author = {R{\"u}ckl{\'e}, Andreas  and
      Geigle, Gregor  and
      Glockner, Max  and
      Beck, Tilman  and
      Pfeiffer, Jonas  and
      Reimers, Nils  and
      Gurevych, Iryna},
    booktitle = "Proceedings of the 2021 Conference on Empirical Methods in Natural Language Processing",
    year = "2021",
    url = "https://aclanthology.org/2021.emnlp-main.626",
}

@inproceedings{shi2024dept,
title={De{PT}: Decomposed Prompt Tuning for Parameter-Efficient Fine-tuning},
author={Zhengxiang Shi and Aldo Lipani},
booktitle={The Twelfth International Conference on Learning Representations},
year={2024},
url={https://openreview.net/forum?id=KjegfPGRde}
}

@inproceedings{shin-etal-2020-autoprompt,
    title = "{A}uto{P}rompt: {E}liciting {K}nowledge from {L}anguage {M}odels with {A}utomatically {G}enerated {P}rompts",
    author = "Shin, Taylor  and
      Razeghi, Yasaman  and
      Logan IV, Robert L.  and
      Wallace, Eric  and
      Singh, Sameer",
    booktitle = "Proceedings of the 2020 Conference on Empirical Methods in Natural Language Processing",
    year = "2020",
    url = "https://aclanthology.org/2020.emnlp-main.346",
    pages = "4222--4235",
}

@inproceedings{wang2023multitask,
title={Multitask Prompt Tuning Enables Parameter-Efficient Transfer Learning},
author={Zhen Wang and Rameswar Panda and Leonid Karlinsky and Rogerio Feris and Huan Sun and Yoon Kim},
booktitle={The Eleventh International Conference on Learning Representations},
year={2023},
url={https://openreview.net/forum?id=Nk2pDtuhTq}
}

@inproceedings{wu2024reft,
title={Re{FT}: Representation Finetuning for Language Models},
author={Zhengxuan Wu and Aryaman Arora and Zheng Wang and Atticus Geiger and Dan Jurafsky and Christopher D Manning and Christopher Potts},
booktitle={The Thirty-eighth Annual Conference on Neural Information Processing Systems},
year={2024},
url={https://openreview.net/forum?id=fykjplMc0V}
}

@inproceedings{xiao-etal-2023-decomposed,
    title = "Decomposed Prompt Tuning via Low-Rank Reparameterization",
    author = "Xiao, Yao  and
      Xu, Lu  and
      Li, Jiaxi  and
      Lu, Wei  and
      Li, Xiaoli",
    booktitle = "Findings of the Association for Computational Linguistics: EMNLP",
    year = "2023",
    url = "https://aclanthology.org/2023.findings-emnlp.890",
    pages = "13335--13347",
}

@inproceedings{yin2024lofit,
title={Lo{F}i{T}: Localized Fine-tuning on {LLM} Representations},
author={Fangcong Yin and Xi Ye and Greg Durrett},
booktitle={The Thirty-eighth Annual Conference on Neural Information Processing Systems},
year={2024},
url={https://openreview.net/forum?id=dfiXFbECSZ}
}

@inproceedings{zhao2024tuning,
title={Tuning LayerNorm in Attention: Towards Efficient Multi-Modal {LLM} Finetuning},
author={Bingchen Zhao and Haoqin Tu and Chen Wei and Jieru Mei and Cihang Xie},
booktitle={The Twelfth International Conference on Learning Representations},
year={2024},
url={https://openreview.net/forum?id=YR3ETaElNK}
}

