# the press is not needed
# check if there is any repetitive
# the bracket is not needed

@inproceedings{asai-etal-2022-attempt,
    title = "{ATTEMPT}: Parameter-Efficient Multi-task Tuning via Attentional Mixtures of Soft Prompts",
    author = "Asai, Akari  and
      Salehi, Mohammadreza  and
      Peters, Matthew  and
      Hajishirzi, Hannaneh",
    booktitle = "Proceedings of the 2022 Conference on Empirical Methods in Natural Language Processing",
    year = "2022",
    url = "https://aclanthology.org/2022.emnlp-main.446",
    pages = "6655--6672",
}

@InProceedings{karimi2016linear,
author="Karimi, Hamed
and Nutini, Julie
and Schmidt, Mark",
title="Linear Convergence of Gradient and Proximal-Gradient Methods Under the Polyak-{\L}ojasiewicz Condition",
booktitle="Machine Learning and Knowledge Discovery in Databases",
year="2016",
pages="795--811",
url="https://link.springer.com/chapter/10.1007/978-3-319-46128-1_50"
}

@inproceedings{mei2020global,
  title     = {On the Global Convergence Rates of {S}oftmax Policy Gradient Methods},
  author    = {Mei, Jincheng and Xiao, Chenjun and Szepesvari, Csaba and Schuurmans, Dale},
  booktitle = {ICML},
  pages     = {6820-6829},
  year      = {2020},
  volume    = {119},
  url       = {https://proceedings.mlr.press/v119/mei20b.html}
}


@inproceedings{indyk1998approximate,
  title     = {Approximate nearest neighbors: towards removing the curse of dimensionality},
  author    = {Indyk, Piotr and Motwani, Rajeev},
  booktitle = {Proceedings of the thirtieth annual ACM symposium on Theory of computing},
  pages     = {604--613},
  year      = {1998},
  url       = {https://dl.acm.org/doi/10.1145/276698.276876}
}

@article{dasgupta2003elementary,
  title   = {An elementary proof of a theorem of {J}ohnson and {L}indenstrauss},
  author  = {Dasgupta, Sanjoy and Gupta, Anupam},
  journal = {Random Structures \& Algorithms},
  volume  = {22},
  number  = {1},
  pages   = {60--65},
  year    = {2003},
  url     = {https://doi.org/10.1002/rsa.10073}
}


@article{matouvsek2008variants,
  title   = {On variants of the {J}ohnson--{L}indenstrauss lemma},
  author  = {Matou{\v{s}}ek, Ji{\v{r}}{\'\i}},
  journal = {Random Structures \& Algorithms},
  volume  = {33},
  number  = {2},
  pages   = {142--156},
  year    = {2008},
  url     = {https://doi.org/10.1002/rsa.20218}
}

@inproceedings{wang2023multitask,
title={Multitask Prompt Tuning Enables Parameter-Efficient Transfer Learning},
author={Zhen Wang and Rameswar Panda and Leonid Karlinsky and Rogerio Feris and Huan Sun and Yoon Kim},
booktitle={The Eleventh International Conference on Learning Representations},
year={2023},
url={https://openreview.net/forum?id=Nk2pDtuhTq}
}

@inproceedings{shi2024dept,
title={De{PT}: Decomposed Prompt Tuning for Parameter-Efficient Fine-tuning},
author={Zhengxiang Shi and Aldo Lipani},
booktitle={The Twelfth International Conference on Learning Representations},
year={2024},
url={https://openreview.net/forum?id=KjegfPGRde}
}


@inproceedings{
wu2024zeroshot,
title={Zero-Shot Continuous Prompt Transfer: Generalizing Task Semantics Across Language Models},
author={Zijun Wu and Yongkang Wu and Lili Mou},
booktitle={The Twelfth International Conference on Learning Representations},
year={2024},
url={https://openreview.net/forum?id=26XphugOcS}
}

@inproceedings{su-etal-2022-transferability,
    title = "On Transferability of Prompt Tuning for Natural Language Processing",
    author = "Su, Yusheng  and
      Wang, Xiaozhi  and
      Qin, Yujia  and
      Chan, Chi-Min  and
      Lin, Yankai  and
      Wang, Huadong  and
      Wen, Kaiyue  and
      Liu, Zhiyuan  and
      Li, Peng  and
      Li, Juanzi  and
      Hou, Lei  and
      Sun, Maosong  and
      Zhou, Jie",
    booktitle = "Proceedings of the 2022 Conference of the North American Chapter of the Association for Computational Linguistics: Human Language Technologies",
    year = "2022",
    url = "https://aclanthology.org/2022.naacl-main.290",
    pages = "3949--3969",
}

@inproceedings{xiao-etal-2023-decomposed,
    title = "Decomposed Prompt Tuning via Low-Rank Reparameterization",
    author = "Xiao, Yao  and
      Xu, Lu  and
      Li, Jiaxi  and
      Lu, Wei  and
      Li, Xiaoli",
    booktitle = "Findings of the Association for Computational Linguistics: EMNLP",
    year = "2023",
    url = "https://aclanthology.org/2023.findings-emnlp.890",
    pages = "13335--13347",
}

@article{raffel2020exploring,
  title={Exploring the Limits of Transfer Learning with a Unified Text-to-Text Transformer},
  author={Raffel, Colin and Shazeer, Noam and Roberts, Adam and Lee, Katherine and Narang, Sharan and Matena, Michael and Zhou, Yanqi and Li, Wei and Liu, Peter J},
  journal={Journal of Machine Learning Research},
  pages={1--67},
  year={2020}, 
  url={https://jmlr.org/papers/v21/20-074.html}
}

@inproceedings{wei2022finetuned,
title={Finetuned Language Models are Zero-Shot Learners},
author={Jason Wei and Maarten Bosma and Vincent Zhao and Kelvin Guu and Adams Wei Yu and Brian Lester and Nan Du and Andrew M. Dai and Quoc V Le},
booktitle={International Conference on Learning Representations},
year={2022},
url={https://openreview.net/forum?id=gEZrGCozdqR}
}

@inproceedings{hu2022lora,
title={Lo{RA}: Low-Rank Adaptation of Large Language Models},
author={Edward J Hu and yelong shen and Phillip Wallis and Zeyuan Allen-Zhu and Yuanzhi Li and Shean Wang and Lu Wang and Weizhu Chen},
booktitle={International Conference on Learning Representations},
year={2022},
url={https://openreview.net/forum?id=nZeVKeeFYf9}
}

@inproceedings{lester-etal-2021-power,
    title = "The Power of Scale for Parameter-Efficient Prompt Tuning",
    author = "Lester, Brian  and
      Al-Rfou, Rami  and
      Constant, Noah",
    booktitle = "Proceedings of the 2021 Conference on Empirical Methods in Natural Language Processing",
    year = "2021",
    url = "https://aclanthology.org/2021.emnlp-main.243",
    pages = "3045--3059",
}

@inproceedings{li-liang-2021-prefix,
    title = "Prefix-{T}uning: Optimizing Continuous Prompts for Generation",
    author = "Li, Xiang Lisa  and
      Liang, Percy",
    booktitle = "Proceedings of the 59th Annual Meeting of the Association for Computational Linguistics and the 11th International Joint Conference on Natural Language Processing",
    year = "2021",
    url = "https://aclanthology.org/2021.acl-long.353",
    pages = "4582--4597",
}

@article{LIU2024208,
title = {{GPT} understands, too},
journal = {AI Open},
volume = {5},
pages = {208-215},
year = {2024},
url = {https://www.sciencedirect.com/science/article/pii/S2666651023000141},
author = {Xiao Liu and Yanan Zheng and Zhengxiao Du and Ming Ding and Yujie Qian and Zhilin Yang and Jie Tang},
}

@inproceedings{petrov2024when,
title={When Do Prompting and Prefix-Tuning Work? A Theory of Capabilities and Limitations},
author={Aleksandar Petrov and Philip Torr and Adel Bibi},
booktitle={The Twelfth International Conference on Learning Representations},
year={2024},
url={https://openreview.net/forum?id=JewzobRhay}
}

@inproceedings{petrov2024prompting,
title={Prompting a Pretrained Transformer Can Be a Universal Approximator},
author={Aleksandar Petrov and Philip Torr and Adel Bibi},
booktitle={Proceedings of the 41st International Conference on Machine Learning},
year={2024},
url={https://proceedings.mlr.press/v235/petrov24a.html}
}

@inproceedings{NEURIPS2020_1457c0d6,
 author = {Brown, Tom and Mann, Benjamin and Ryder, Nick and Subbiah, Melanie and Kaplan, Jared D and Dhariwal, Prafulla and Neelakantan, Arvind and Shyam, Pranav and Sastry, Girish and Askell, Amanda and Agarwal, Sandhini and Herbert-Voss, Ariel and Krueger, Gretchen and Henighan, Tom and Child, Rewon and Ramesh, Aditya and Ziegler, Daniel and Wu, Jeffrey and Winter, Clemens and Hesse, Chris and Chen, Mark and Sigler, Eric and Litwin, Mateusz and Gray, Scott and Chess, Benjamin and Clark, Jack and Berner, Christopher and McCandlish, Sam and Radford, Alec and Sutskever, Ilya and Amodei, Dario},
 booktitle = {Advances in Neural Information Processing Systems},
 pages = {1877--1901},
 title = {Language Models are Few-Shot Learners},
 url = {https://proceedings.neurips.cc/paper_files/paper/2020/file/1457c0d6bfcb4967418bfb8ac142f64a-Paper.pdf},
 year = {2020}
}

@inproceedings{NEURIPS2022_8bb0d291,
 author = {Kojima, Takeshi and Gu, Shixiang (Shane) and Reid, Machel and Matsuo, Yutaka and Iwasawa, Yusuke},
 booktitle = {Advances in Neural Information Processing Systems},
 pages = {22199--22213},
 title = {Large Language Models are Zero-Shot Reasoners},
 url = {https://openreview.net/pdf?id=e2TBb5y0yFf},
 year = {2022}
}

@inproceedings{dong-etal-2024-survey,
    title = "A Survey on In-context Learning",
    author = "Dong, Qingxiu  and
      Li, Lei  and
      Dai, Damai  and
      Zheng, Ce  and
      Ma, Jingyuan  and
      Li, Rui  and
      Xia, Heming  and
      Xu, Jingjing  and
      Wu, Zhiyong  and
      Chang, Baobao  and
      Sun, Xu  and
      Li, Lei  and
      Sui, Zhifang",
    booktitle = "Proceedings of the 2024 Conference on Empirical Methods in Natural Language Processing",
    year = "2024",
    url = "https://aclanthology.org/2024.emnlp-main.64",
    pages = "1107--1128",
}

@inproceedings{NEURIPS2022_9d560961,
 author = {Wei, Jason and Wang, Xuezhi and Schuurmans, Dale and Bosma, Maarten and ichter, brian and Xia, Fei and Chi, Ed and Le, Quoc V and Zhou, Denny},
 booktitle = {Advances in Neural Information Processing Systems},
 pages = {24824--24837},
 title = {Chain-of-Thought Prompting Elicits Reasoning in Large Language Models},
 url = {https://openreview.net/pdf?id=_VjQlMeSB_J},
 year = {2022}
}

@article{touvron2023llama,
  title={Llama: Open and efficient foundation language models},
  author={Touvron, Hugo and Lavril, Thibaut and Izacard, Gautier and Martinet, Xavier and Lachaux, Marie-Anne and Lacroix, Timoth{\'e}e and Rozi{\`e}re, Baptiste and Goyal, Naman and Hambro, Eric and Azhar, Faisal and others},
  journal={arXiv preprint arXiv:2302.13971},
  url={https://arxiv.org/abs/2302.13971},
  year={2023}
}

@inproceedings{aghajanyan-etal-2021-intrinsic,
    title = "Intrinsic Dimensionality Explains the Effectiveness of Language Model Fine-Tuning",
    author = "Aghajanyan, Armen  and
      Gupta, Sonal  and
      Zettlemoyer, Luke",
    booktitle = "Proceedings of the 59th Annual Meeting of the Association for Computational Linguistics and the 11th International Joint Conference on Natural Language Processing",
    year = "2021",
    url = "https://aclanthology.org/2021.acl-long.568",
    pages = "7319--7328",
}

@inproceedings{liu-etal-2022-p,
    title = "P-{T}uning: Prompt Tuning Can Be Comparable to Fine-tuning Across Scales and Tasks",
    author = "Liu, Xiao  and
      Ji, Kaixuan  and
      Fu, Yicheng  and
      Tam, Weng  and
      Du, Zhengxiao  and
      Yang, Zhilin  and
      Tang, Jie",
    booktitle = "Proceedings of the 60th Annual Meeting of the Association for Computational Linguistics",
    year = "2022",
    url = "https://aclanthology.org/2022.acl-short.8",
    pages = "61--68",
}

@inproceedings{choi-etal-2023-smop,
    title = "{SM}o{P}: Towards Efficient and Effective Prompt Tuning with Sparse Mixture-of-Prompts",
    author = "Choi, Joon-Young  and
      Kim, Junho  and
      Park, Jun-Hyung  and
      Mok, Wing-Lam  and
      Lee, SangKeun",
    booktitle = "Proceedings of the 2023 Conference on Empirical Methods in Natural Language Processing",
    year = "2023",
    url = "https://aclanthology.org/2023.emnlp-main.884",
    pages = "14306--14316",
}

@inproceedings{razdaibiedina-etal-2023-residual,
    title = "Residual {P}rompt {T}uning: improving prompt tuning with residual reparameterization",
    author = "Razdaibiedina, Anastasiia  and
      Mao, Yuning  and
      Khabsa, Madian  and
      Lewis, Mike  and
      Hou, Rui  and
      Ba, Jimmy  and
      Almahairi, Amjad",
    booktitle = "Findings of the Association for Computational Linguistics: ACL",
    year = "2023",
    url = "https://aclanthology.org/2023.findings-acl.421",
    pages = "6740--6757",
}

@misc{guo2024loptlowrankprompttuning,
      title={Lo{PT}: Low-Rank Prompt Tuning for Parameter Efficient Language Models}, 
      author={Shouchang Guo and Sonam Damani and Keng-hao Chang},
      year={2024},
      eprint={2406.19486},
      archivePrefix={arXiv},
      primaryClass={cs.CL},
      url={https://arxiv.org/abs/2406.19486}, 
}


@InProceedings{pmlr-v97-houlsby19a,
  title = 	 {Parameter-Efficient Transfer Learning for {NLP}},
  author =       {Houlsby, Neil and Giurgiu, Andrei and Jastrzebski, Stanislaw and Morrone, Bruna and De Laroussilhe, Quentin and Gesmundo, Andrea and Attariyan, Mona and Gelly, Sylvain},
  booktitle = 	 {Proceedings of the 36th International Conference on Machine Learning},
  pages = 	 {2790--2799},
  year = 	 {2019},
  url = 	 {https://proceedings.mlr.press/v97/houlsby19a.html},
}

@inproceedings{vu-etal-2022-spot,
    title = "{SP}o{T}: Better Frozen Model Adaptation through Soft Prompt Transfer",
    author = "Vu, Tu  and
      Lester, Brian  and
      Constant, Noah  and
      Al-Rfou{'}, Rami  and
      Cer, Daniel",
    booktitle = "Proceedings of the 60th Annual Meeting of the Association for Computational Linguistics",
    year = "2022",
    url = "https://aclanthology.org/2022.acl-long.346",
    pages = "5039--5059",
}

@Misc{peft,
  title =        {{PEFT}: State-of-the-art Parameter-Efficient Fine-Tuning methods},
  author =       {Sourab Mangrulkar and Sylvain Gugger and Lysandre Debut and Younes Belkada and Sayak Paul and Benjamin Bossan},
  howpublished = {\url{https://github.com/huggingface/peft}},
  year =         {2022}
}

@inproceedings{NIPS2017_3f5ee243,
 author = {Vaswani, Ashish and Shazeer, Noam and Parmar, Niki and Uszkoreit, Jakob and Jones, Llion and Gomez, Aidan N and Kaiser, \L ukasz and Polosukhin, Illia},
 booktitle = {Advances in Neural Information Processing Systems},
 title = {Attention is All you Need},
 url = {https://proceedings.neurips.cc/paper_files/paper/2017/file/3f5ee243547dee91fbd053c1c4a845aa-Paper.pdf},
 year = {2017}
}

@inproceedings{wang-etal-2018-glue,
    title = "{GLUE}: A Multi-Task Benchmark and Analysis Platform for Natural Language Understanding",
    author = "Wang, Alex  and
      Singh, Amanpreet  and
      Michael, Julian  and
      Hill, Felix  and
      Levy, Omer  and
      Bowman, Samuel",
    booktitle = "Proceedings of the 2018 {EMNLP} Workshop {B}lackbox{NLP}: Analyzing and Interpreting Neural Networks for {NLP}",
    year = "2018",
    url = "https://aclanthology.org/W18-5446",
    pages = "353--355",
}

@inproceedings{shin-etal-2020-autoprompt,
    title = "{A}uto{P}rompt: {E}liciting {K}nowledge from {L}anguage {M}odels with {A}utomatically {G}enerated {P}rompts",
    author = "Shin, Taylor  and
      Razeghi, Yasaman  and
      Logan IV, Robert L.  and
      Wallace, Eric  and
      Singh, Sameer",
    booktitle = "Proceedings of the 2020 Conference on Empirical Methods in Natural Language Processing",
    year = "2020",
    url = "https://aclanthology.org/2020.emnlp-main.346",
    pages = "4222--4235",
}

@inproceedings{jain2024prompt,
title={Prompt Tuning Strikes Back: Customizing Foundation Models with Low-Rank Prompt Adaptation},
author={Abhinav Jain and Swarat Chaudhuri and Thomas Reps and Chris Jermaine},
booktitle={The Thirty-eighth Annual Conference on Neural Information Processing Systems},
year={2024},
url={https://openreview.net/forum?id=SyMhGilvCv}
}

@inproceedings{zhao2024tuning,
title={Tuning LayerNorm in Attention: Towards Efficient Multi-Modal {LLM} Finetuning},
author={Bingchen Zhao and Haoqin Tu and Chen Wei and Jieru Mei and Cihang Xie},
booktitle={The Twelfth International Conference on Learning Representations},
year={2024},
url={https://openreview.net/forum?id=YR3ETaElNK}
}

@inproceedings{ben-zaken-etal-2022-bitfit,
    title = "{B}it{F}it: Simple Parameter-efficient Fine-tuning for Transformer-based Masked Language-models",
    author = "Ben Zaken, Elad  and
      Goldberg, Yoav  and
      Ravfogel, Shauli",
    booktitle = "Proceedings of the 60th Annual Meeting of the Association for Computational Linguistics",
    year = "2022",
    url = "https://aclanthology.org/2022.acl-short.1",
    pages = "1--9",
}


@misc{bhargava2024whatsmagicwordcontrol,
      title={What's the Magic Word? A Control Theory of LLM Prompting}, 
      author={Aman Bhargava and Cameron Witkowski and Shi-Zhuo Looi and Matt Thomson},
      year={2024},
      eprint={2310.04444},
      archivePrefix={arXiv},
      primaryClass={cs.CL},
      url={https://arxiv.org/abs/2310.04444}, 
}

@inproceedings{xiong-etal-2024-effective,
    title = "Effective Long-Context Scaling of Foundation Models",
    author = "Xiong, Wenhan  and
      Liu, Jingyu  and
      Molybog, Igor  and
      Zhang, Hejia  and
      Bhargava, Prajjwal  and
      Hou, Rui  and
      Martin, Louis  and
      Rungta, Rashi  and
      Sankararaman, Karthik Abinav  and
      Oguz, Barlas  and
      Khabsa, Madian  and
      Fang, Han  and
      Mehdad, Yashar  and
      Narang, Sharan  and
      Malik, Kshitiz  and
      Fan, Angela  and
      Bhosale, Shruti  and
      Edunov, Sergey  and
      Lewis, Mike  and
      Wang, Sinong  and
      Ma, Hao",
    booktitle = "Proceedings of the 2024 Conference of the North American Chapter of the Association for Computational Linguistics: Human Language Technologies",
    year = "2024",
    url = "https://aclanthology.org/2024.naacl-long.260",
    pages = "4643--4663",
}

@inproceedings{MLSYS2023_c4be71ab,
 author = {Pope, Reiner and Douglas, Sholto and Chowdhery, Aakanksha and Devlin, Jacob and Bradbury, James and Heek, Jonathan and Xiao, Kefan and Agrawal, Shivani and Dean, Jeff},
 booktitle = {Proceedings of Machine Learning and Systems},
 pages = {606--624},
 title = {Efficiently Scaling Transformer Inference},
 url = {https://proceedings.mlsys.org/paper_files/paper/2023/file/c4be71ab8d24cdfb45e3d06dbfca2780-Paper-mlsys2023.pdf},
 year = {2023}
}

@InProceedings{Wang_2022_CVPR,
    author    = {Wang, Zifeng and Zhang, Zizhao and Lee, Chen-Yu and Zhang, Han and Sun, Ruoxi and Ren, Xiaoqi and Su, Guolong and Perot, Vincent and Dy, Jennifer and Pfister, Tomas},
    title     = {Learning To Prompt for Continual Learning},
    booktitle = {Proceedings of the IEEE/CVF Conference on Computer Vision and Pattern Recognition},
    month     = {June},
    year      = {2022},
    pages     = {139-149},
    url={https://openaccess.thecvf.com/content/CVPR2022/html/Wang_Learning_To_Prompt_for_Continual_Learning_CVPR_2022_paper.html}
}

@inproceedings{williams-etal-2018-broad,
    title = "A Broad-Coverage Challenge Corpus for Sentence Understanding through Inference",
    author = "Williams, Adina  and
      Nangia, Nikita  and
      Bowman, Samuel",
    booktitle = "Proceedings of the 2018 Conference of the North {A}merican Chapter of the Association for Computational Linguistics: Human Language Technologies",
    year = "2018",
    url = "https://aclanthology.org/N18-1101/",
    pages = "1112--1122",
}

@misc{demszky2018transformingquestionansweringdatasets,
      title={Transforming Question Answering Datasets Into Natural Language Inference Datasets}, 
      author={Dorottya Demszky and Kelvin Guu and Percy Liang},
      year={2018},
      archivePrefix={arXiv},
      url={https://arxiv.org/abs/1809.02922}, 
}

@inproceedings{socher-etal-2013-recursive,
    title = "Recursive Deep Models for Semantic Compositionality Over a Sentiment Treebank",
    author = "Socher, Richard  and
      Perelygin, Alex  and
      Wu, Jean  and
      Chuang, Jason  and
      Manning, Christopher D.  and
      Ng, Andrew  and
      Potts, Christopher",
    booktitle = "Proceedings of the 2013 Conference on Empirical Methods in Natural Language Processing",
    year = "2013",
    url = "https://aclanthology.org/D13-1170/",
    pages = "1631--1642"
}

@inproceedings{cer-etal-2017-semeval,
    title = "{S}em{E}val-2017 Task 1: Semantic Textual Similarity Multilingual and Crosslingual Focused Evaluation",
    author = "Cer, Daniel  and
      Diab, Mona  and
      Agirre, Eneko  and
      Lopez-Gazpio, I{\~n}igo  and
      Specia, Lucia",
    booktitle = "Proceedings of the 11th International Workshop on Semantic Evaluation",
    year = "2017",
    url = "https://aclanthology.org/S17-2001/",
    pages = "1--14",
}

@inproceedings{dolan-brockett-2005-automatically,
    title = "Automatically Constructing a Corpus of Sentential Paraphrases",
    author = "Dolan, William B.  and
      Brockett, Chris",
    booktitle = "Proceedings of the Third International Workshop on Paraphrasing",
    year = "2005",
    url = "https://aclanthology.org/I05-5002/"
}

@article{warstadt2019neural_cola,
    title = "Neural Network Acceptability Judgments",
    author = "Warstadt, Alex  and
      Singh, Amanpreet  and
      Bowman, Samuel R.",
    journal = "Transactions of the Association for Computational Linguistics",
    year = "2019",
    url = "https://aclanthology.org/Q19-1040",
}

@inproceedings{giampiccolo-etal-2007-third,
    title = "The Third {PASCAL} Recognizing Textual Entailment Challenge",
    author = "Giampiccolo, Danilo  and
      Magnini, Bernardo  and
      Dagan, Ido  and
      Dolan, Bill",
    booktitle = "Proceedings of the {ACL}-{PASCAL} Workshop on Textual Entailment and Paraphrasing",
    year = "2007",
    url = "https://aclanthology.org/W07-1401",
    pages = "1--9",
}

@inproceedings{wang2019superglue,
  author       = {Alex Wang and
                  Yada Pruksachatkun and
                  Nikita Nangia and
                  Amanpreet Singh and
                  Julian Michael and
                  Felix Hill and
                  Omer Levy and
                  Samuel R. Bowman},
  title        = {Super{GLUE}: {A} Stickier Benchmark for General-Purpose Language Understanding
                  Systems},
  year         = {2019},
booktitle={arxiv},
  url          = {http://arxiv.org/abs/1905.00537},
}

@inproceedings{khashabi-etal-2018-looking,
    title = "Looking Beyond the Surface: A Challenge Set for Reading Comprehension over Multiple Sentences",
    author = "Khashabi, Daniel  and
      Chaturvedi, Snigdha  and
      Roth, Michael  and
      Upadhyay, Shyam  and
      Roth, Dan",
    booktitle = "Proceedings of the 2018 Conference of the North {A}merican Chapter of the Association for Computational Linguistics: Human Language Technologies",
    year = "2018",
    url = "https://aclanthology.org/N18-1023",
    pages = "252--262",
}

@inproceedings{clark-etal-2019-boolq,
    title = "{B}ool{Q}: Exploring the Surprising Difficulty of Natural Yes/No Questions",
    author = "Clark, Christopher  and
      Lee, Kenton  and
      Chang, Ming-Wei  and
      Kwiatkowski, Tom  and
      Collins, Michael  and
      Toutanova, Kristina",
    booktitle = "Proceedings of the 2019 Conference of the North {A}merican Chapter of the Association for Computational Linguistics: Human Language Technologies",
    year = "2019",
    url = "https://aclanthology.org/N19-1300",
    pages = "2924--2936",
}

@inproceedings{pilehvar-camacho-collados-2019-wic,
    title = "{W}i{C}: The Word-in-Context Dataset for Evaluating Context-Sensitive Meaning Representations",
    author = "Pilehvar, Mohammad Taher  and
      Camacho-Collados, Jose",
    booktitle = "Proceedings of the 2019 Conference of the North {A}merican Chapter of the Association for Computational Linguistics: Human Language Technologies",
    year = "2019",
    url = "https://aclanthology.org/N19-1128",
}

@inproceedings{levesque2012winograd_wnli,
  title={The winograd schema challenge},
  author={Levesque, Hector and Davis, Ernest and Morgenstern, Leora},
  booktitle={Preceddings of the 13th International Conference on the Principles of Knowledge Representation and Reasoning},
  year={2012},
  url={https://cdn.aaai.org/ocs/4492/4492-21843-1-PB.pdf}
}

@inproceedings{de2019commitmentbank,
  title={The commitmentbank: Investigating projection in naturally occurring discourse},
  author={De Marneffe, Marie-Catherine and Simons, Mandy and Tonhauser, Judith},
  booktitle={Proceedings of Sinn und Bedeutung},
  volume={23},
  pages={107--124},
  year={2019},
  url={https://semanticsarchive.net/Archive/Tg3ZGI2M/Marneffe.pdf}
}

@inproceedings{fisch-etal-2019-mrqa,
    title = "{MRQA} 2019 Shared Task: Evaluating Generalization in Reading Comprehension",
    author = "Fisch, Adam  and
      Talmor, Alon  and
      Jia, Robin  and
      Seo, Minjoon  and
      Choi, Eunsol  and
      Chen, Danqi",
    booktitle = "Proceedings of the 2nd Workshop on Machine Reading for Question Answering",
    year = "2019",
    url = "https://aclanthology.org/D19-5801",
    pages = "1--13",
}

@article{kwiatkowski-etal-2019-natural,
    title = "Natural Questions: A Benchmark for Question Answering Research",
    author = "Kwiatkowski, Tom  and
      Palomaki, Jennimaria  and
      Redfield, Olivia  and
      Collins, Michael  and
      Parikh, Ankur  and
      Alberti, Chris  and
      Epstein, Danielle  and
      Polosukhin, Illia  and
      Devlin, Jacob  and
      Lee, Kenton  and
      Toutanova, Kristina  and
      Jones, Llion  and
      Kelcey, Matthew  and
      Chang, Ming-Wei  and
      Dai, Andrew M.  and
      Uszkoreit, Jakob  and
      Le, Quoc  and
      Petrov, Slav",
    journal = "Transactions of the Association for Computational Linguistics",
    year = "2019",
    url = "https://aclanthology.org/Q19-1026/",
    pages = "452--466",
}

@inproceedings{yang-etal-2018-hotpotqa,
    title = "{H}otpot{QA}: A Dataset for Diverse, Explainable Multi-hop Question Answering",
    author = "Yang, Zhilin  and
      Qi, Peng  and
      Zhang, Saizheng  and
      Bengio, Yoshua  and
      Cohen, William  and
      Salakhutdinov, Ruslan  and
      Manning, Christopher D.",
    booktitle = "Proceedings of the 2018 Conference on Empirical Methods in Natural Language Processing",
    year = "2018",
    url = "https://aclanthology.org/D18-1259/",
    pages = "2369--2380",
}

@article{dunn2017searchqa,
  title={Search{QA}: A new {Q}\&{A} dataset augmented with context from a search engine},
  author={Dunn, Matthew and Sagun, Levent and Higgins, Mike and Guney, V Ugur and Cirik, Volkan and Cho, Kyunghyun},
  journal={arXiv preprint arXiv:1704.05179},
  year={2017},
  url={https://arxiv.org/abs/1704.05179}
}

@inproceedings{trischler-etal-2017-newsqa,
    title = "{N}ews{QA}: A Machine Comprehension Dataset",
    author = "Trischler, Adam  and
      Wang, Tong  and
      Yuan, Xingdi  and
      Harris, Justin  and
      Sordoni, Alessandro  and
      Bachman, Philip  and
      Suleman, Kaheer",
    booktitle = "Proceedings of the 2nd Workshop on Representation Learning for {NLP}",
    year = "2017",
    url = "https://aclanthology.org/W17-2623",
    pages = "191--200",
}

@article{10.1145/3474381,
author = {Sakaguchi, Keisuke and Bras, Ronan Le and Bhagavatula, Chandra and Choi, Yejin},
title = {Wino{G}rande: An Adversarial Winograd Schema Challenge at Scale},
year = {2021},
url = {https://doi.org/10.1145/3474381},
journal = {Communications of the ACM},
pages = {99–106},
}

@inproceedings{10.5555/2969239.2969312,
author = {Zhang, Xiang and Zhao, Junbo and LeCun, Yann},
title = {Character-Level Convolutional Networks for Text Classification},
year = {2015},
booktitle = {Proceedings of the 28th International Conference on Neural Information Processing Systems},
pages = {649–657},
url={https://proceedings.neurips.cc/paper/2015/file/250cf8b51c773f3f8dc8b4be867a9a02-Paper.pdf},
}

@article{Khot_Sabharwal_Clark_2018, 
title={SciTaiL: A Textual Entailment Dataset from Science Question Answering}, 
url={https://ojs.aaai.org/index.php/AAAI/article/view/12022},
journal={Proceedings of the AAAI Conference on Artificial Intelligence}, 
author={Khot, Tushar and Sabharwal, Ashish and Clark, Peter}, 
year={2018}
}

@inproceedings{zhang-etal-2019-paws,
    title = "{PAWS}: Paraphrase Adversaries from Word Scrambling",
    author = "Zhang, Yuan  and
      Baldridge, Jason  and
      He, Luheng",
    booktitle = "Proceedings of the 2019 Conference of the North {A}merican Chapter of the Association for Computational Linguistics: Human Language Technologies",
    year = "2019",
    url = "https://aclanthology.org/N19-1131",
    pages = "1298--1308",
}

@inproceedings{ruckle-etal-2021-adapterdrop,
    title = "{AdapterDrop}: {O}n the Efficiency of Adapters in Transformers",
    author = {R{\"u}ckl{\'e}, Andreas  and
      Geigle, Gregor  and
      Glockner, Max  and
      Beck, Tilman  and
      Pfeiffer, Jonas  and
      Reimers, Nils  and
      Gurevych, Iryna},
    booktitle = "Proceedings of the 2021 Conference on Empirical Methods in Natural Language Processing",
    year = "2021",
    url = "https://aclanthology.org/2021.emnlp-main.626",
}


@inproceedings{mahabadi2021parameter,
    title = "Parameter-efficient Multi-task Fine-tuning for Transformers via Shared Hypernetworks",
    author = "Karimi Mahabadi, Rabeeh  and
      Ruder, Sebastian  and
      Dehghani, Mostafa  and
      Henderson, James",
    booktitle = "Proceedings of the 59th Annual Meeting of the Association for Computational Linguistics and the 11th International Joint Conference on Natural Language Processing",
    year = "2021",
    url = "https://aclanthology.org/2021.acl-long.47",
    pages = "565--576",
}

@inproceedings{ivison-peters-2022-hyperdecoders,
    title = "Hyperdecoders: Instance-specific decoders for multi-task {NLP}",
    author = "Ivison, Hamish  and
      Peters, Matthew",
    booktitle = "Findings of the Association for Computational Linguistics: EMNLP",
    year = "2022",
    url = "https://aclanthology.org/2022.findings-emnlp.124",
    pages = "1715--1730",
}


@inproceedings{sunglst,
title={{LST}: Ladder Side-Tuning for Parameter and Memory Efficient Transfer Learning},
author={Yi-Lin Sung and Jaemin Cho and Mohit Bansal},
booktitle={Advances in Neural Information Processing Systems},
year={2022},
url={https://openreview.net/forum?id=isPnnaTZaP5}
}

@inproceedings{xu2024soft,
title={Soft Prompt Recovers Compressed {LLM}s, Transferably},
author={Zhaozhuo Xu and Zirui Liu and Beidi Chen and Shaochen Zhong and Yuxin Tang and Jue WANG and Kaixiong Zhou and Xia Hu and Anshumali Shrivastava},
booktitle={Forty-first International Conference on Machine Learning},
year={2024},
url={https://openreview.net/forum?id=muBJPCIqZT}
}

@inproceedings{muennighoff-etal-2023-crosslingual,
    title = "Crosslingual Generalization through Multitask Finetuning",
    author = "Muennighoff, Niklas  and
      Wang, Thomas  and
      Sutawika, Lintang  and
      Roberts, Adam  and
      Biderman, Stella  and
      Le Scao, Teven  and
      Bari, M Saiful  and
      Shen, Sheng  and
      Yong, Zheng Xin  and
      Schoelkopf, Hailey  and
      Tang, Xiangru  and
      Radev, Dragomir  and
      Aji, Alham Fikri  and
      Almubarak, Khalid  and
      Albanie, Samuel  and
      Alyafeai, Zaid  and
      Webson, Albert  and
      Raff, Edward  and
      Raffel, Colin",
    booktitle = "Proceedings of the 61st Annual Meeting of the Association for Computational Linguistics",
    year = "2023",
    url = "https://aclanthology.org/2023.acl-long.891/",
    pages = "15991--16111",
}

@inproceedings{wu2024reft,
title={Re{FT}: Representation Finetuning for Language Models},
author={Zhengxuan Wu and Aryaman Arora and Zheng Wang and Atticus Geiger and Dan Jurafsky and Christopher D Manning and Christopher Potts},
booktitle={The Thirty-eighth Annual Conference on Neural Information Processing Systems},
year={2024},
url={https://openreview.net/forum?id=fykjplMc0V}
}

@inproceedings{yin2024lofit,
title={Lo{F}i{T}: Localized Fine-tuning on {LLM} Representations},
author={Fangcong Yin and Xi Ye and Greg Durrett},
booktitle={The Thirty-eighth Annual Conference on Neural Information Processing Systems},
year={2024},
url={https://openreview.net/forum?id=dfiXFbECSZ}
}

@inproceedings{10.1145/502512.502546,
author = {Bingham, Ella and Mannila, Heikki},
title = {Random projection in dimensionality reduction: applications to image and text data},
year = {2001},
url = {https://doi.org/10.1145/502512.502546},
booktitle = {Proceedings of the Seventh ACM SIGKDD International Conference on Knowledge Discovery and Data Mining},
pages = {245–250},
}

@inproceedings{hao2024flora,
title={Flora: Low-Rank Adapters Are Secretly Gradient Compressors},
author={Yongchang Hao and Yanshuai Cao and Lili Mou},
booktitle={Proceedings of the 41st International Conference on Machine Learning},
year={2024},
url={https://proceedings.mlr.press/v235/hao24a.html}
}



@inproceedings{kopiczko2024vera,
title={Ve{RA}: Vector-based Random Matrix Adaptation},
author={Dawid Jan Kopiczko and Tijmen Blankevoort and Yuki M Asano},
booktitle={The Twelfth International Conference on Learning Representations},
year={2024},
url={https://openreview.net/forum?id=NjNfLdxr3A}
}

@inproceedings{
wu2024mixture,
title={Mixture of {L}o{RA} Experts},
author={Xun Wu and Shaohan Huang and Furu Wei},
booktitle={The Twelfth International Conference on Learning Representations},
year={2024},
url={https://openreview.net/forum?id=uWvKBCYh4S}
}

@inproceedings{
lialin2024relora,
title={ReLo{RA}: High-Rank Training Through Low-Rank Updates},
author={Vladislav Lialin and Sherin Muckatira and Namrata Shivagunde and Anna Rumshisky},
booktitle={The Twelfth International Conference on Learning Representations},
year={2024},
url={https://openreview.net/forum?id=DLJznSp6X3}
}

@inproceedings{hayou2024lora,
title={Lo{RA}+: Efficient Low Rank Adaptation of Large Models},
author={Soufiane Hayou and Nikhil Ghosh and Bin Yu},
booktitle={Proceedings of the 41st International Conference on Machine Learning},
year={2024},
url={https://proceedings.mlr.press/v235/hayou24a.html}
}



@misc{qin2022exploringuniversalintrinsictask,
      title={Exploring Universal Intrinsic Task Subspace via Prompt Tuning}, 
      author={Yujia Qin and Xiaozhi Wang and Yusheng Su and Yankai Lin and Ning Ding and Jing Yi and Weize Chen and Zhiyuan Liu and Juanzi Li and Lei Hou and Peng Li and Maosong Sun and Jie Zhou},
      year={2022},
      eprint={2110.07867},
      archivePrefix={arXiv},
      primaryClass={cs.CL},
      url={https://arxiv.org/abs/2110.07867}, 
}