@article{aldous2017elo,
  title={Elo Ratings and the Sports Model: A Neglected Topic in Applied Probability?},
  author={Aldous, David},
  journal={Statistical Science},
  volume={32},
  number={4},
  pages={616--629},
  year={2017}
}

@article{balduzzi2018re,
  title={Re-evaluating evaluation},
  author={Balduzzi, David and Tuyls, Karl and Perolat, Julien and Graepel, Thore},
  journal={Advances in Neural Information Processing Systems},
  volume={31},
  year={2018}
}

@article{ballinger1997decisions,
  title={Decisions, error and heterogeneity},
  author={Ballinger, T Parker and Wilcox, Nathaniel T},
  journal={The Economic Journal},
  volume={107},
  number={443},
  pages={1090--1105},
  year={1997},
  publisher={Oxford University Press Oxford, UK}
}

@misc{bayeselo,
  author = {Coulom, R{\'e}mi},
  title = {Bayesian Elo Rating},
  year = {2005},
  howpublished = {\url{https://www.remi-coulom.fr/Bayesian-Elo/}},
}

@inproceedings{bertrand2023limitations,
  title={On the Limitations of the Elo, Real-World Games are Transitive, not Additive},
  author={Bertrand, Quentin and Czarnecki, Wojciech Marian and Gidel, Gauthier},
  booktitle={International Conference on Artificial Intelligence and Statistics},
  pages={2905--2921},
  year={2023},
  organization={PMLR}
}

@article{braverman2009sorting,
  title={Sorting from noisy information},
  author={Braverman, Mark and Mossel, Elchanan},
  journal={arXiv preprint arXiv:0910.1191},
  year={2009}
}

@inproceedings{chen2016modeling,
  title={Modeling intransitivity in matchup and comparison data},
  author={Chen, Shuo and Joachims, Thorsten},
  booktitle={Proceedings of the ninth acm international conference on web search and data mining},
  pages={227--236},
  year={2016}
}

@inproceedings{coulom2008whole,
  title={Whole-history rating: A Bayesian rating system for players of time-varying strength},
  author={Coulom, R{\'e}mi},
  booktitle={International conference on computers and games},
  pages={113--124},
  year={2008},
  organization={Springer}
}

@article{czarnecki2020real,
  title={Real world games look like spinning tops},
  author={Czarnecki, Wojciech M and Gidel, Gauthier and Tracey, Brendan and Tuyls, Karl and Omidshafiei, Shayegan and Balduzzi, David and Jaderberg, Max},
  journal={Advances in Neural Information Processing Systems},
  volume={33},
  pages={17443--17454},
  year={2020}
}

@article{de2024stochastic,
  title={Stochastic analysis of the Elo rating algorithm in round-robin tournaments},
  author={de Pinho Zanco, Daniel Gomes and Szczecinski, Leszek and Kuhn, Eduardo Vinicius and Seara, Rui},
  journal={Digital Signal Processing},
  volume={145},
  pages={104313},
  year={2024},
  publisher={Elsevier}
}

@book{elo1978rating,
  title={The Rating of Chessplayers, Past and Present},
  author={Elo, A.E.},
  isbn={9780713418606},
  lccn={78057214},
  series={Batsford chess books},
  url={https://books.google.com/books?id=MeWBAAAAMAAJ},
  year={1978},
  publisher={Batsford}
}

@article{glickman1995glicko,
  title={The glicko system},
  author={Glickman, Mark E},
  journal={Boston University},
  volume={16},
  number={8},
  pages={9},
  year={1995}
}

@article{glickman2012example,
  title={Example of the Glicko-2 system},
  author={Glickman, Mark E},
  journal={Boston University},
  volume={28},
  year={2012}
}

@article{herbrich2006trueskill,
  title={TrueSkillâ„¢: a Bayesian skill rating system},
  author={Herbrich, Ralf and Minka, Tom and Graepel, Thore},
  journal={Advances in neural information processing systems},
  volume={19},
  year={2006}
}

@article{kiraly2017modelling,
  title={Modelling Competitive Sports: Bradley-Terry-$\backslash$'$\{$E$\}$ l$\backslash$H $\{$o$\}$ Models for Supervised and On-Line Learning of Paired Competition Outcomes},
  author={Kir{\'a}ly, Franz J and Qian, Zhaozhi},
  journal={arXiv preprint arXiv:1701.08055},
  year={2017}
}

@article{liu2009learning,
  title={Learning to rank for information retrieval},
  author={Liu, Tie-Yan and others},
  journal={Foundations and Trends{\textregistered} in Information Retrieval},
  volume={3},
  number={3},
  pages={225--331},
  year={2009},
  publisher={Now Publishers, Inc.}
}

@article{negahban2012iterative,
  title={Iterative ranking from pair-wise comparisons},
  author={Negahban, Sahand and Oh, Sewoong and Shah, Devavrat},
  journal={Advances in neural information processing systems},
  volume={25},
  year={2012}
}

@article{oliveira2018new,
  title={A new and flexible approach to the analysis of paired comparison data},
  author={Oliveira, Ivo FD and Ailon, Nir and Davidov, Ori},
  journal={The Journal of Machine Learning Research},
  volume={19},
  number={1},
  pages={2458--2486},
  year={2018},
  publisher={JMLR. org}
}

@article{omidshafiei2019alpha,
  title={$\alpha$-rank: Multi-agent evaluation by evolution},
  author={Omidshafiei, Shayegan and Papadimitriou, Christos and Piliouras, Georgios and Tuyls, Karl and Rowland, Mark and Lespiau, Jean-Baptiste and Czarnecki, Wojciech M and Lanctot, Marc and Perolat, Julien and Munos, Remi},
  journal={Scientific reports},
  volume={9},
  number={1},
  pages={9937},
  year={2019},
  publisher={Nature Publishing Group UK London}
}

@article{samothrakis2012coevolving,
  title={Coevolving game-playing agents: Measuring performance and intransitivities},
  author={Samothrakis, Spyridon and Lucas, Simon and Runarsson, ThomasPhilip and Robles, David},
  journal={IEEE Transactions on Evolutionary Computation},
  volume={17},
  number={2},
  pages={213--226},
  year={2012},
  publisher={IEEE}
}

@article{shah2018simple,
  title={Simple, robust and optimal ranking from pairwise comparisons},
  author={Shah, Nihar B and Wainwright, Martin J},
  journal={Journal of machine learning research},
  volume={18},
  number={199},
  pages={1--38},
  year={2018}
}

