@article{dangauthier2007trueskill,
  title={Trueskill through time: Revisiting the history of chess},
  author={Dangauthier, Pierre and Herbrich, Ralf and Minka, Tom and Graepel, Thore},
  journal={Advances in neural information processing systems},
  volume={20},
  year={2007}
}



@article{hazan2016introduction,
  title={Introduction to online convex optimization},
  author={Hazan, Elad and others},
  journal={Foundations and Trends{\textregistered} in Optimization},
  volume={2},
  number={3-4},
  pages={157--325},
  year={2016},
  publisher={Now Publishers, Inc.}
}


@inproceedings{langley00,
 author    = {P. Langley},
 title     = {Crafting Papers on Machine Learning},
 year      = {2000},
 pages     = {1207--1216},
 editor    = {Pat Langley},
 booktitle     = {Proceedings of the 17th International Conference
              on Machine Learning (ICML 2000)},
 address   = {Stanford, CA},
 publisher = {Morgan Kaufmann}
}

@TechReport{mitchell80,
  author = 	 "T. M. Mitchell",
  title = 	 "The Need for Biases in Learning Generalizations",
  institution =  "Computer Science Department, Rutgers University",
  year = 	 "1980",
  address =	 "New Brunswick, MA",
}

@phdthesis{kearns89,
  author = {M. J. Kearns},
  title =  {Computational Complexity of Machine Learning},
  school = {Department of Computer Science, Harvard University},
  year =   {1989}
}

@Book{MachineLearningI,
  editor = 	 "R. S. Michalski and J. G. Carbonell and T.
		  M. Mitchell",
  title = 	 "Machine Learning: An Artificial Intelligence
		  Approach, Vol. I",
  publisher = 	 "Tioga",
  year = 	 "1983",
  address =	 "Palo Alto, CA"
}

@Book{DudaHart2nd,
  author =       "R. O. Duda and P. E. Hart and D. G. Stork",
  title =        "Pattern Classification",
  publisher =    "John Wiley and Sons",
  edition =      "2nd",
  year =         "2000"
}

@misc{anonymous,
  title= {Suppressed for Anonymity},
  author= {Author, N. N.},
  year= {2021}
}

@InCollection{Newell81,
  author =       "A. Newell and P. S. Rosenbloom",
  title =        "Mechanisms of Skill Acquisition and the Law of
                  Practice", 
  booktitle =    "Cognitive Skills and Their Acquisition",
  pages =        "1--51",
  publisher =    "Lawrence Erlbaum Associates, Inc.",
  year =         "1981",
  editor =       "J. R. Anderson",
  chapter =      "1",
  address =      "Hillsdale, NJ"
}


@Article{Samuel59,
  author = 	 "A. L. Samuel",
  title = 	 "Some Studies in Machine Learning Using the Game of
		  Checkers",
  journal =	 "IBM Journal of Research and Development",
  year =	 "1959",
  volume =	 "3",
  number =	 "3",
  pages =	 "211--229"
}

@book{kedem2005regression,
  title={Regression models for time series analysis},
  author={Kedem, Benjamin and Fokianos, Konstantinos},
  year={2005},
  publisher={John Wiley \& Sons}
}


@inproceedings{shah2016stochastically,
  title={Stochastically transitive models for pairwise comparisons: Statistical and computational issues},
  author={Shah, Nihar and Balakrishnan, Sivaraman and Guntuboyina, Aditya and Wainwright, Martin},
  booktitle={International Conference on Machine Learning},
  pages={11--20},
  year={2016},
  organization={PMLR}
}

@inproceedings{bertrand2023limitations,
  title={On the Limitations of the Elo, Real-World Games are Transitive, not Additive},
  author={Bertrand, Quentin and Czarnecki, Wojciech Marian and Gidel, Gauthier},
  booktitle={International Conference on Artificial Intelligence and Statistics},
  pages={2905--2921},
  year={2023},
  organization={PMLR}
}

@article{czarnecki2020real,
  title={Real world games look like spinning tops},
  author={Czarnecki, Wojciech M and Gidel, Gauthier and Tracey, Brendan and Tuyls, Karl and Omidshafiei, Shayegan and Balduzzi, David and Jaderberg, Max},
  journal={Advances in Neural Information Processing Systems},
  volume={33},
  pages={17443--17454},
  year={2020}
}

@article{balduzzi2018re,
  title={Re-evaluating evaluation},
  author={Balduzzi, David and Tuyls, Karl and Perolat, Julien and Graepel, Thore},
  journal={Advances in Neural Information Processing Systems},
  volume={31},
  year={2018}
}

@article{herbrich2006trueskill,
  title={TrueSkillâ„¢: a Bayesian skill rating system},
  author={Herbrich, Ralf and Minka, Tom and Graepel, Thore},
  journal={Advances in neural information processing systems},
  volume={19},
  year={2006}
}

@article{ballinger1997decisions,
  title={Decisions, error and heterogeneity},
  author={Ballinger, T Parker and Wilcox, Nathaniel T},
  journal={The Economic Journal},
  volume={107},
  number={443},
  pages={1090--1105},
  year={1997},
  publisher={Oxford University Press Oxford, UK}
}

@article{oliveira2018new,
  title={A new and flexible approach to the analysis of paired comparison data},
  author={Oliveira, Ivo FD and Ailon, Nir and Davidov, Ori},
  journal={The Journal of Machine Learning Research},
  volume={19},
  number={1},
  pages={2458--2486},
  year={2018},
  publisher={JMLR. org}
}

@article{samothrakis2012coevolving,
  title={Coevolving game-playing agents: Measuring performance and intransitivities},
  author={Samothrakis, Spyridon and Lucas, Simon and Runarsson, ThomasPhilip and Robles, David},
  journal={IEEE Transactions on Evolutionary Computation},
  volume={17},
  number={2},
  pages={213--226},
  year={2012},
  publisher={IEEE}
}

@article{omidshafiei2019alpha,
  title={$\alpha$-rank: Multi-agent evaluation by evolution},
  author={Omidshafiei, Shayegan and Papadimitriou, Christos and Piliouras, Georgios and Tuyls, Karl and Rowland, Mark and Lespiau, Jean-Baptiste and Czarnecki, Wojciech M and Lanctot, Marc and Perolat, Julien and Munos, Remi},
  journal={Scientific reports},
  volume={9},
  number={1},
  pages={9937},
  year={2019},
  publisher={Nature Publishing Group UK London}
}

@book{elo1978rating,
  title={The Rating of Chessplayers, Past and Present},
  author={Elo, A.E.},
  isbn={9780713418606},
  lccn={78057214},
  series={Batsford chess books},
  url={https://books.google.com/books?id=MeWBAAAAMAAJ},
  year={1978},
  publisher={Batsford}
}

@article{elo1961new,
  title={New USCF rating system},
  author={Elo, Arpad E},
  journal={Chess life},
  volume={16},
  pages={160--161},
  year={1961}
}

@article{sur2019likelihood,
  title={The likelihood ratio test in high-dimensional logistic regression is asymptotically a rescaled chi-square},
  author={Sur, Pragya and Chen, Yuxin and Cand{\`e}s, Emmanuel J},
  journal={Probability theory and related fields},
  volume={175},
  pages={487--558},
  year={2019},
  publisher={Springer}
}

@article{glickman2012example,
  title={Example of the Glicko-2 system},
  author={Glickman, Mark E},
  journal={Boston University},
  volume={28},
  year={2012}
}

@article{glickman1995glicko,
  title={The glicko system},
  author={Glickman, Mark E},
  journal={Boston University},
  volume={16},
  number={8},
  pages={9},
  year={1995}
}

@article{aldous2017elo,
  title={Elo Ratings and the Sports Model: A Neglected Topic in Applied Probability?},
  author={Aldous, David},
  journal={Statistical Science},
  volume={32},
  number={4},
  pages={616--629},
  year={2017}
}

@article{kiraly2017modelling,
  title={Modelling Competitive Sports: Bradley-Terry-$\backslash$'$\{$E$\}$ l$\backslash$H $\{$o$\}$ Models for Supervised and On-Line Learning of Paired Competition Outcomes},
  author={Kir{\'a}ly, Franz J and Qian, Zhaozhi},
  journal={arXiv preprint arXiv:1701.08055},
  year={2017}
}

@article{de2024stochastic,
  title={Stochastic analysis of the Elo rating algorithm in round-robin tournaments},
  author={de Pinho Zanco, Daniel Gomes and Szczecinski, Leszek and Kuhn, Eduardo Vinicius and Seara, Rui},
  journal={Digital Signal Processing},
  volume={145},
  pages={104313},
  year={2024},
  publisher={Elsevier}
}

@article{jabin2015continuous,
  title={A continuous model for ratings},
  author={Jabin, Pierre-Emmanuel and Junca, St{\'e}phane},
  journal={SIAM Journal on Applied Mathematics},
  volume={75},
  number={2},
  pages={420--442},
  year={2015},
  publisher={SIAM}
}

@inproceedings{tuyls2018generalised,
  title={A Generalised Method for Empirical Game Theoretic Analysis},
  author={Tuyls, Karl and Perolat, Julien and Lanctot, Marc and Leibo, Joel Z and Graepel, Thore},
  booktitle={Proceedings of the 17th International Conference on Autonomous Agents and MultiAgent Systems},
  pages={77--85},
  year={2018}
}

@misc{zheng2023judging,
      title={Judging LLM-as-a-judge with MT-Bench and Chatbot Arena}, 
      author={Lianmin Zheng and Wei-Lin Chiang and Ying Sheng and Siyuan Zhuang and Zhanghao Wu and Yonghao Zhuang and Zi Lin and Zhuohan Li and Dacheng Li and Eric. P Xing and Hao Zhang and Joseph E. Gonzalez and Ion Stoica},
      year={2023},
      eprint={2306.05685},
      archivePrefix={arXiv},
      primaryClass={cs.CL}
}

@inproceedings{bakhtin2022mastering,
  title={Mastering the Game of No-Press Diplomacy via Human-Regularized Reinforcement Learning and Planning},
  author={Bakhtin, Anton and Wu, David J and Lerer, Adam and Gray, Jonathan and Jacob, Athul Paul and Farina, Gabriele and Miller, Alexander H and Brown, Noam},
  booktitle={The Eleventh International Conference on Learning Representations},
  year={2022}
}

@article{chen2018bayesian,
  title={Bayesian optimization in alphago},
  author={Chen, Yutian and Huang, Aja and Wang, Ziyu and Antonoglou, Ioannis and Schrittwieser, Julian and Silver, David and de Freitas, Nando},
  journal={arXiv preprint arXiv:1812.06855},
  year={2018}
}

@article{berner2019dota,
  title={Dota 2 with large scale deep reinforcement learning},
  author={Berner, Christopher and Brockman, Greg and Chan, Brooke and Cheung, Vicki and D{\k{e}}biak, Przemys{\l}aw and Dennison, Christy and Farhi, David and Fischer, Quirin and Hashme, Shariq and Hesse, Chris and others},
  journal={arXiv preprint arXiv:1912.06680},
  year={2019}
}

@article{vinyals2019grandmaster,
  title={Grandmaster level in StarCraft II using multi-agent reinforcement learning},
  author={Vinyals, Oriol and Babuschkin, Igor and Czarnecki, Wojciech M and Mathieu, Micha{\"e}l and Dudzik, Andrew and Chung, Junyoung and Choi, David H and Powell, Richard and Ewalds, Timo and Georgiev, Petko and others},
  journal={Nature},
  volume={575},
  number={7782},
  pages={350--354},
  year={2019},
  publisher={Nature Publishing Group UK London}
}

@article{jaderberg2019human,
  title={Human-level performance in 3D multiplayer games with population-based reinforcement learning},
  author={Jaderberg, Max and Czarnecki, Wojciech M and Dunning, Iain and Marris, Luke and Lever, Guy and Castaneda, Antonio Garcia and Beattie, Charles and Rabinowitz, Neil C and Morcos, Ari S and Ruderman, Avraham and others},
  journal={Science},
  volume={364},
  number={6443},
  pages={859--865},
  year={2019},
  publisher={American Association for the Advancement of Science}
}

@article{silver2017mastering,
  title={Mastering the game of go without human knowledge},
  author={Silver, David and Schrittwieser, Julian and Simonyan, Karen and Antonoglou, Ioannis and Huang, Aja and Guez, Arthur and Hubert, Thomas and Baker, Lucas and Lai, Matthew and Bolton, Adrian and others},
  journal={nature},
  volume={550},
  number={7676},
  pages={354--359},
  year={2017},
  publisher={Nature Publishing Group}
}

@article{liu2009learning,
  title={Learning to rank for information retrieval},
  author={Liu, Tie-Yan and others},
  journal={Foundations and Trends{\textregistered} in Information Retrieval},
  volume={3},
  number={3},
  pages={225--331},
  year={2009},
  publisher={Now Publishers, Inc.}
}

@article{negahban2012iterative,
  title={Iterative ranking from pair-wise comparisons},
  author={Negahban, Sahand and Oh, Sewoong and Shah, Devavrat},
  journal={Advances in neural information processing systems},
  volume={25},
  year={2012}
}

@article{braverman2009sorting,
  title={Sorting from noisy information},
  author={Braverman, Mark and Mossel, Elchanan},
  journal={arXiv preprint arXiv:0910.1191},
  year={2009}
}

@article{shah2018simple,
  title={Simple, robust and optimal ranking from pairwise comparisons},
  author={Shah, Nihar B and Wainwright, Martin J},
  journal={Journal of machine learning research},
  volume={18},
  number={199},
  pages={1--38},
  year={2018}
}

@inproceedings{chen2016modeling,
  title={Modeling intransitivity in matchup and comparison data},
  author={Chen, Shuo and Joachims, Thorsten},
  booktitle={Proceedings of the ninth acm international conference on web search and data mining},
  pages={227--236},
  year={2016}
}

@article{wilks1938large,
  title={The large-sample distribution of the likelihood ratio for testing composite hypotheses},
  author={Wilks, Samuel S},
  journal={The annals of mathematical statistics},
  volume={9},
  number={1},
  pages={60--62},
  year={1938},
  publisher={JSTOR}
}


@misc{tennis_atp,
  author = {Sackmann, Jeff},
  title = {tennis\_atp},
  year = {2023},
  publisher = {GitHub},
  journal = {GitHub repository},
  howpublished = {\url{https://github.com/JeffSackmann/tennis_atp}},
  note = {Licensed under a Creative Commons Attribution-NonCommercial-ShareAlike 4.0 International License}
}


@article{kendall1938new,
  title={A new measure of rank correlation},
  author={Kendall, Maurice G},
  journal={Biometrika},
  volume={30},
  number={1/2},
  pages={81--93},
  year={1938},
  publisher={JSTOR}
}

@misc{fivethirtyeight,
  author = {Roeder, Oliver},
  title = {How â€˜Qiâ€™ And â€˜Zaâ€™ Changed Scrabble},
  year = {2017},
  howpublished = {\url{https://fivethirtyeight.com/features/how-qi-and-za-changed-scrabble/}},
}

@article{suggala2018connecting,
  title={Connecting optimization and regularization paths},
  author={Suggala, Arun and Prasad, Adarsh and Ravikumar, Pradeep K},
  journal={Advances in Neural Information Processing Systems},
  volume={31},
  year={2018}
}

@inproceedings{ji2020gradient,
  title={Gradient descent follows the regularization path for general losses},
  author={Ji, Ziwei and Dud{\'\i}k, Miroslav and Schapire, Robert E and Telgarsky, Matus},
  booktitle={Conference on Learning Theory},
  pages={2109--2136},
  year={2020},
  organization={PMLR}
}

@inproceedings{maystre2019pairwise,
  title={Pairwise comparisons with flexible time-dynamics},
  author={Maystre, Lucas and Kristof, Victor and Grossglauser, Matthias},
  booktitle={Proceedings of the 25th ACM SIGKDD International Conference on Knowledge Discovery \& Data Mining},
  pages={1236--1246},
  year={2019}
}

@inproceedings{coulom2008whole,
  title={Whole-history rating: A Bayesian rating system for players of time-varying strength},
  author={Coulom, R{\'e}mi},
  booktitle={International conference on computers and games},
  pages={113--124},
  year={2008},
  organization={Springer}
}

@misc{bayeselo,
  author = {Coulom, R{\'e}mi},
  title = {Bayesian Elo Rating},
  year = {2005},
  howpublished = {\url{https://www.remi-coulom.fr/Bayesian-Elo/}},
}

@article{dettmers2023qlora,
  title={Qlora: Efficient finetuning of quantized llms},
  author={Dettmers, Tim and Pagnoni, Artidoro and Holtzman, Ari and Zettlemoyer, Luke},
  journal={arXiv preprint arXiv:2305.14314},
  year={2023}
}