@article{bolourian2023point,
  title={Point cloud--based concrete surface defect semantic segmentation},
  author={Bolourian, Neshat and Nasrollahi, Majid and Bahreini, Fardin and Hammad, Amin},
  journal={Journal of Computing in Civil Engineering},
  volume={37},
  number={2},
  pages={04022056},
  year={2023},
  publisher={American Society of Civil Engineers}
}

@article{du2022tensor,
  title={A tensor voting-based surface anomaly classification approach by using 3D point cloud data},
  author={Du, Juan and Yan, Hao and Chang, Tzyy-Shuh and Shi, Jianjun},
  journal={Journal of Manufacturing Science and Engineering},
  volume={144},
  number={5},
  pages={051005},
  year={2022},
  publisher={American Society of Mechanical Engineers}
}

@article{guo2021pct,
  title={Pct: Point cloud transformer},
  author={Guo, Meng-Hao and Cai, Jun-Xiong and Liu, Zheng-Ning and Mu, Tai-Jiang and Martin, Ralph R and Hu, Shi-Min},
  journal={Computational Visual Media},
  volume={7},
  pages={187--199},
  year={2021},
  publisher={Springer}
}

@article{madrigal2017method,
  title={A method for automatic surface inspection using a model-based 3D descriptor},
  author={Madrigal, Carlos A and Branch, John W and Restrepo, Alejandro and Mery, Domingo},
  journal={Sensors},
  volume={17},
  number={10},
  pages={2262},
  year={2017},
  publisher={MDPI}
}

@inproceedings{qi2017pointnet,
  title={Pointnet: Deep learning on point sets for 3d classification and segmentation},
  author={Qi, Charles R and Su, Hao and Mo, Kaichun and Guibas, Leonidas J},
  booktitle={Proceedings of the IEEE Conference on Computer Vision and Pattern Recognition},
  pages={652--660},
  year={2017}
}

@article{qi2017pointnet++,
  title={Pointnet++: Deep hierarchical feature learning on point sets in a metric space},
  author={Qi, Charles Ruizhongtai and Yi, Li and Su, Hao and Guibas, Leonidas J},
  journal={Advances in Neural Information Processing Systems},
  volume={30},
  year={2017}
}

@article{samie2017classifying,
  title={Classifying the dimensional variation in additive manufactured parts from laser-scanned three-dimensional point cloud data using machine learning approaches},
  author={Samie Tootooni, M and Dsouza, Ashley and Donovan, Ryan and Rao, Prahalad K and Kong, Zhenyu and Borgesen, Peter},
  journal={Journal of Manufacturing Science and Engineering},
  volume={139},
  number={9},
  pages={091005},
  year={2017},
  publisher={American Society of Mechanical Engineers}
}

@inproceedings{te2018rgcnn,
  title={Rgcnn: Regularized graph cnn for point cloud segmentation},
  author={Te, Gusi and Hu, Wei and Zheng, Amin and Guo, Zongming},
  booktitle={Proceedings of the 26th ACM International Conference on Multimedia},
  pages={746--754},
  year={2018}
}

@article{wang2019dynamic,
  title={Dynamic graph cnn for learning on point clouds},
  author={Wang, Yue and Sun, Yongbin and Liu, Ziwei and Sarma, Sanjay E and Bronstein, Michael M and Solomon, Justin M},
  journal={ACM Transactions on Graphics (tog)},
  volume={38},
  number={5},
  pages={1--12},
  year={2019},
  publisher={ACM New York, NY, USA}
}

@article{wang2023mvgcn,
  title={MVGCN: Multi-View Graph Convolutional Neural Network for Surface Defect Identification Using Three-Dimensional Point Cloud},
  author={Wang, Yinan and Sun, Wenbo and Jin, Jionghua and Kong, Zhenyu and Yue, Xiaowei},
  journal={Journal of Manufacturing Science and Engineering},
  volume={145},
  number={3},
  pages={031004},
  year={2023},
  publisher={American Society of Mechanical Engineers}
}

@article{yacob2019anomaly,
  title={Anomaly detection in Skin Model Shapes using machine learning classifiers},
  author={Yacob, Filmon and Semere, Daniel and Nordgren, Erik},
  journal={The International Journal of Advanced Manufacturing Technology},
  volume={105},
  number={9},
  pages={3677--3689},
  year={2019},
  publisher={Springer}
}

@article{zhou2022sewer,
  title={Sewer defect detection from 3D point clouds using a transformer-based deep learning model},
  author={Zhou, Yunxiang and Ji, Ankang and Zhang, Limao},
  journal={Automation in Construction},
  volume={136},
  pages={104163},
  year={2022},
  publisher={Elsevier}
}

