@article{wang2023mvgcn,
  title={MVGCN: Multi-View Graph Convolutional Neural Network for Surface Defect Identification Using Three-Dimensional Point Cloud},
  author={Wang, Yinan and Sun, Wenbo and Jin, Jionghua and Kong, Zhenyu and Yue, Xiaowei},
  journal={Journal of Manufacturing Science and Engineering},
  volume={145},
  number={3},
  pages={031004},
  year={2023},
  publisher={American Society of Mechanical Engineers}
}

@article{molleda2013improved,
  title={An improved 3D imaging system for dimensional quality inspection of rolled products in the metal industry},
  author={Molleda, Julio and Usamentiaga, Rub{\'e}n and Garc{\'\i}a, Daniel F and Bulnes, Francisco G and Espina, Adri{\'a}n and Dieye, Bassiru and Smith, Lyndon N},
  journal={Computers in Industry},
  volume={64},
  number={9},
  pages={1186--1200},
  year={2013},
  publisher={Elsevier}
}


@article{bui2022analyzing,
  title={Analyzing nonparametric part-to-part variation in surface point cloud data},
  author={Bui, Anh Tuan and Apley, Daniel W},
  journal={Technometrics},
  volume={64},
  number={4},
  pages={457--474},
  year={2022},
  publisher={Taylor \& Francis}
}


@article{cohen2022semi,
  title={Semi-Supervised Learning for Anomaly Classification Using Partially Labeled Subsets},
  author={Cohen, Joseph and Ni, Jun},
  journal={Journal of Manufacturing Science and Engineering},
  volume={144},
  number={6},
  pages={061008},
  year={2022},
  publisher={American Society of Mechanical Engineers}
}
@article{du2022tensor,
  title={A tensor voting-based surface anomaly classification approach by using 3D point cloud data},
  author={Du, Juan and Yan, Hao and Chang, Tzyy-Shuh and Shi, Jianjun},
  journal={Journal of Manufacturing Science and Engineering},
  volume={144},
  number={5},
  pages={051005},
  year={2022},
  publisher={American Society of Mechanical Engineers}
}
@inproceedings{qi2017pointnet,
  title={Pointnet: Deep learning on point sets for 3d classification and segmentation},
  author={Qi, Charles R and Su, Hao and Mo, Kaichun and Guibas, Leonidas J},
  booktitle={Proceedings of the IEEE Conference on Computer Vision and Pattern Recognition},
  pages={652--660},
  year={2017}
}
@article{hu2022efficient,
  title={An efficient solder joint defects method for 3D point clouds with double-flow region attention network},
  author={Hu, Qiming and Hao, Kuangrong and Wei, Bing and Li, Haijian},
  journal={Advanced Engineering Informatics},
  volume={52},
  pages={101608},
  year={2022},
  publisher={Elsevier}
}
@inproceedings{simon2020adaptive,
  title={Adaptive subspaces for few-shot learning},
  author={Simon, Christian and Koniusz, Piotr and Nock, Richard and Harandi, Mehrtash},
  booktitle={Proceedings of the IEEE/CVF Conference on Computer Vision and Pattern Recognition},
  pages={4136--4145},
  year={2020}
}
@article{zhou2021feature,
  title={Feature encoding with autoencoders for weakly supervised anomaly detection},
  author={Zhou, Yingjie and Song, Xucheng and Zhang, Yanru and Liu, Fanxing and Zhu, Ce and Liu, Lingqiao},
  journal={IEEE Transactions on Neural Networks and Learning Systems},
  volume={33},
  number={6},
  pages={2454--2465},
  year={2021},
  publisher={IEEE}
}
@inproceedings{hadsell2006dimensionality,
  title={Dimensionality reduction by learning an invariant mapping},
  author={Hadsell, Raia and Chopra, Sumit and LeCun, Yann},
  booktitle={2006 IEEE Computer Society Conference on Computer Vision and Pattern Recognition (CVPR'06)},
  volume={2},
  pages={1735--1742},
  year={2006},
  organization={IEEE}
}
@misc{iso19998785,
  title={8785, Geometrical Product Specification (GPS)—Surface imperfections—Terms, definitions and parameters},
  author={ISO, BSEN},
  year={1999},
  publisher={B. Standards, Editor}
}
@article{wang2019dynamic,
  title={Dynamic graph cnn for learning on point clouds},
  author={Wang, Yue and Sun, Yongbin and Liu, Ziwei and Sarma, Sanjay E and Bronstein, Michael M and Solomon, Justin M},
  journal={ACM Transactions on Graphics (tog)},
  volume={38},
  number={5},
  pages={1--12},
  year={2019},
  publisher={ACM New York, NY, USA}
}
@article{guo2021pct,
  title={Pct: Point cloud transformer},
  author={Guo, Meng-Hao and Cai, Jun-Xiong and Liu, Zheng-Ning and Mu, Tai-Jiang and Martin, Ralph R and Hu, Shi-Min},
  journal={Computational Visual Media},
  volume={7},
  pages={187--199},
  year={2021},
  publisher={Springer}
}
@article{tax2004support,
  title={Support vector data description},
  author={Tax, David MJ and Duin, Robert PW},
  journal={Machine Learning},
  volume={54},
  pages={45--66},
  year={2004},
  publisher={Springer}
}
@article{qi2017pointnet++,
  title={Pointnet++: Deep hierarchical feature learning on point sets in a metric space},
  author={Qi, Charles Ruizhongtai and Yi, Li and Su, Hao and Guibas, Leonidas J},
  journal={Advances in Neural Information Processing Systems},
  volume={30},
  year={2017}
}
@article{yacob2019anomaly,
  title={Anomaly detection in Skin Model Shapes using machine learning classifiers},
  author={Yacob, Filmon and Semere, Daniel and Nordgren, Erik},
  journal={The International Journal of Advanced Manufacturing Technology},
  volume={105},
  number={9},
  pages={3677--3689},
  year={2019},
  publisher={Springer}
}
@article{zhou2022sewer,
  title={Sewer defect detection from 3D point clouds using a transformer-based deep learning model},
  author={Zhou, Yunxiang and Ji, Ankang and Zhang, Limao},
  journal={Automation in Construction},
  volume={136},
  pages={104163},
  year={2022},
  publisher={Elsevier}
}
@article{bolourian2023point,
  title={Point cloud--based concrete surface defect semantic segmentation},
  author={Bolourian, Neshat and Nasrollahi, Majid and Bahreini, Fardin and Hammad, Amin},
  journal={Journal of Computing in Civil Engineering},
  volume={37},
  number={2},
  pages={04022056},
  year={2023},
  publisher={American Society of Civil Engineers}
}
@article{chandola2009anomaly,
  title={Anomaly detection: A survey},
  author={Chandola, Varun and Banerjee, Arindam and Kumar, Vipin},
  journal={ACM Computing Surveys (CSUR)},
  volume={41},
  number={3},
  pages={1--58},
  year={2009},
  publisher={ACM New York, NY, USA}
}
@inproceedings{ruff2018deep,
  title={Deep one-class classification},
  author={Ruff, Lukas and Vandermeulen, Robert and Goernitz, Nico and Deecke, Lucas and Siddiqui, Shoaib Ahmed and Binder, Alexander and M{\"u}ller, Emmanuel and Kloft, Marius},
  booktitle={International Conference on Machine Learning},
  pages={4393--4402},
  year={2018},
  organization={PMLR}
}
@article{scholkopf2001estimating,
  title={Estimating the support of a high-dimensional distribution},
  author={Sch{\"o}lkopf, Bernhard and Platt, John C and Shawe-Taylor, John and Smola, Alex J and Williamson, Robert C},
  journal={Neural Computation},
  volume={13},
  number={7},
  pages={1443--1471},
  year={2001},
  publisher={MIT Press One Rogers Street, Cambridge, MA 02142-1209, USA journals-info~…}
}
@article{devos2019subspace,
  title={Subspace networks for few-shot classification},
  author={Devos, Arnout and Grossglauser, Matthias},
  journal={arXiv preprint arXiv:1905.13613},
  volume={1},
  year={2019}
}
@article{chen2017deep,
  title={Deep manifold learning combined with convolutional neural networks for action recognition},
  author={Chen, Xin and Weng, Jian and Lu, Wei and Xu, Jiaming and Weng, Jiasi},
  journal={IEEE Transactions on Neural Networks and Learning Systems},
  volume={29},
  number={9},
  pages={3938--3952},
  year={2017},
  publisher={IEEE}
}
@article{madrigal2017method,
  title={A method for automatic surface inspection using a model-based 3D descriptor},
  author={Madrigal, Carlos A and Branch, John W and Restrepo, Alejandro and Mery, Domingo},
  journal={Sensors},
  volume={17},
  number={10},
  pages={2262},
  year={2017},
  publisher={MDPI}
}
@article{samie2017classifying,
  title={Classifying the dimensional variation in additive manufactured parts from laser-scanned three-dimensional point cloud data using machine learning approaches},
  author={Samie Tootooni, M and Dsouza, Ashley and Donovan, Ryan and Rao, Prahalad K and Kong, Zhenyu and Borgesen, Peter},
  journal={Journal of Manufacturing Science and Engineering},
  volume={139},
  number={9},
  pages={091005},
  year={2017},
  publisher={American Society of Mechanical Engineers}
}
@inproceedings{landrieu2018large,
  title={Large-scale point cloud semantic segmentation with superpoint graphs},
  author={Landrieu, Loic and Simonovsky, Martin},
  booktitle={Proceedings of the IEEE Conference on Computer Vision and Pattern Recognition},
  pages={4558--4567},
  year={2018}
}
@inproceedings{te2018rgcnn,
  title={Rgcnn: Regularized graph cnn for point cloud segmentation},
  author={Te, Gusi and Hu, Wei and Zheng, Amin and Guo, Zongming},
  booktitle={Proceedings of the 26th ACM International Conference on Multimedia},
  pages={746--754},
  year={2018}
}
@inproceedings{zhou2021adaptive,
  title={Adaptive graph convolution for point cloud analysis},
  author={Zhou, Haoran and Feng, Yidan and Fang, Mingsheng and Wei, Mingqiang and Qin, Jing and Lu, Tong},
  booktitle={Proceedings of the IEEE/CVF International Conference on Computer Vision},
  pages={4965--4974},
  year={2021}
}
@article{sun2023continual,
  title={A continual learning framework for adaptive defect classification and inspection},
  author={Sun, Wenbo and Al Kontar, Raed and Jin, Judy and Chang, Tzyy-Shuh},
  journal={Journal of Quality Technology},
  volume={55},
  number={5},
  pages={598--614},
  year={2023},
  publisher={Taylor \& Francis}
}

@article{zhu2023surface,
  title={Surface defect detection and classification of steel using an efficient Swin Transformer},
  author={Zhu, Wei and Zhang, Hui and Zhang, Chao and Zhu, Xiaoyang and Guan, Zhen and Jia, Jiale},
  journal={Advanced Engineering Informatics},
  volume={57},
  pages={102061},
  year={2023},
  publisher={Elsevier}
}
@article{jain2022synthetic,
  title={Synthetic data augmentation for surface defect detection and classification using deep learning},
  author={Jain, Saksham and Seth, Gautam and Paruthi, Arpit and Soni, Umang and Kumar, Girish},
  journal={Journal of Intelligent Manufacturing},
  pages={1--14},
  year={2022},
  publisher={Springer}
}
@article{jovanvcevic20173d,
  title={3D point cloud analysis for detection and characterization of defects on airplane exterior surface},
  author={Jovan{\v{c}}evi{\'c}, Igor and Pham, Huy-Hieu and Orteu, Jean-Jos{\'e} and Gilblas, R{\'e}mi and Harvent, Jacques and Maurice, Xavier and Br{\`e}thes, Ludovic},
  journal={Journal of Nondestructive Evaluation},
  volume={36},
  pages={1--17},
  year={2017},
  publisher={Springer}
}
@article{tao2025pointsgrade,
  title={PointSGRADE: Sparse learning with graph representation for anomaly detection by using unstructured 3D point cloud data},
  author={Tao, Chengyu and Du, Juan},
  journal={IISE Transactions},
  volume={57},
  number={2},
  pages={131--144},
  year={2025},
  publisher={Taylor \& Francis}
}
@article{zhang2022contrastive,
  title={Contrastive Decoder Generator for Few-shot Learning in Product Quality Prediction},
  author={Zhang, Donghao and Liu, Zhenyu and Jia, Weiqiang and Liu, Hui and Tan, Jianrong},
  journal={IEEE Transactions on Industrial Informatics},
  year={2022},
  publisher={IEEE}
}
@article{zhang2021path,
  title={Path enhanced bidirectional graph attention network for quality prediction in multistage manufacturing process},
  author={Zhang, Donghao and Liu, Zhenyu and Jia, Weiqiang and Liu, Hui and Tan, Jianrong},
  journal={IEEE Transactions on Industrial Informatics},
  volume={18},
  number={2},
  pages={1018--1027},
  year={2021},
  publisher={IEEE}
}

@inproceedings{shepard1968two,
  title={A two-dimensional interpolation function for irregularly-spaced data},
  author={Shepard, Donald},
  booktitle={Proceedings of the 1968 23rd ACM National Conference},
  pages={517--524},
  year={1968}
}

@article{arsigny2005polyrigid,
  title={Polyrigid and polyaffine transformations: a novel geometrical tool to deal with non-rigid deformations--application to the registration of histological slices},
  author={Arsigny, Vincent and Pennec, Xavier and Ayache, Nicholas},
  journal={Medical Image Analysis},
  volume={9},
  number={6},
  pages={507--523},
  year={2005},
  publisher={Elsevier}
}
@article{demvsar2006statistical,
  title={Statistical comparisons of classifiers over multiple data sets},
  author={Dem{\v{s}}ar, Janez},
  journal={The Journal of Machine Learning Research},
  volume={7},
  pages={1--30},
  year={2006},
  publisher={JMLR. org}
}
@article{dixon1946statistical,
  title={The statistical sign test},
  author={Dixon, Wilfrid J and Mood, Alexander M},
  journal={Journal of the American Statistical Association},
  volume={41},
  number={236},
  pages={557--566},
  year={1946},
  publisher={Taylor \& Francis}
}
@article{maboudou2024deep,
  title={Deep least squares one-class classification},
  author={Maboudou-Tchao, Edgard M and Hampton, Hayden D},
  journal={Journal of Quality Technology},
  pages={1--25},
  year={2024},
  publisher={Taylor \& Francis}
}
@article{colosimo2022complex,
  title={Complex geometries in additive manufacturing: A new solution for lattice structure modeling and monitoring},
  author={Colosimo, Bianca Maria and Grasso, Marco and Garghetti, Federica and Rossi, Beatrice},
  journal={Journal of Quality Technology},
  volume={54},
  number={4},
  pages={392--414},
  year={2022},
  publisher={Taylor \& Francis}
}
@article{shi2019identifying,
  title={Identifying and visualizing part-to-part variation with spatially dense optical dimensional metrology data},
  author={Shi, Zhenyu and Apley, Daniel W and Runger, George C},
  journal={Journal of Quality Technology},
  volume={51},
  number={1},
  pages={3--20},
  year={2019},
  publisher={Taylor \& Francis}
}
@article{tao2023anomaly,
  title={Anomaly detection for fabricated artifact by using unstructured 3D point cloud data},
  author={Tao, Chengyu and Du, Juan and Chang, Tzyy-Shuh},
  journal={IISE Transactions},
  volume={55},
  number={11},
  pages={1174--1186},
  year={2023},
  publisher={Taylor \& Francis}
}