@article{lin2021perturbation,
  title={Perturbation-based regret analysis of predictive control in linear time varying systems},
  author={Lin, Yiheng and Hu, Yang and Shi, Guanya and Sun, Haoyuan and Qu, Guannan and Wierman, Adam},
  journal={Advances in Neural Information Processing Systems},
  volume={34},
  pages={5174--5185},
  year={2021}
}

@article{lin2022bounded,
  title={Bounded-regret mpc via perturbation analysis: Prediction error, constraints, and nonlinearity},
  author={Lin, Yiheng and Hu, Yang and Qu, Guannan and Li, Tongxin and Wierman, Adam},
  journal={Advances in Neural Information Processing Systems},
  volume={35},
  pages={36174--36187},
  year={2022}
}

@article{na2022superconvergence,
  title={Superconvergence of online optimization for model predictive control},
  author={Na, Sen and Anitescu, Mihai},
  journal={IEEE Transactions on Automatic Control},
  volume={68},
  number={3},
  pages={1383--1398},
  year={2022},
  publisher={IEEE}
}

@article{shin2020decentralized,
  title={Decentralized schemes with overlap for solving graph-structured optimization problems},
  author={Shin, Sungho and Zavala, Victor M and Anitescu, Mihai},
  journal={IEEE Transactions on Control of Network Systems},
  volume={7},
  number={3},
  pages={1225--1236},
  year={2020},
  publisher={IEEE}
}

@article{shin2021controllability,
  title={Controllability and observability imply exponential decay of sensitivity in dynamic optimization},
  author={Shin, Sungho and Zavala, Victor M},
  journal={IFAC-PapersOnLine},
  volume={54},
  number={6},
  pages={179--184},
  year={2021},
  publisher={Elsevier}
}

@article{xu2019exponentially,
  title={Exponentially convergent receding horizon strategy for constrained optimal control},
  author={Xu, Wanting and Anitescu, Mihai},
  journal={Vietnam Journal of Mathematics},
  volume={47},
  number={4},
  pages={897--929},
  year={2019},
  publisher={Springer}
}

@article{yu2020power,
  title={The power of predictions in online control},
  author={Yu, Chenkai and Shi, Guanya and Chung, Soon-Jo and Yue, Yisong and Wierman, Adam},
  journal={Advances in Neural Information Processing Systems},
  volume={33},
  pages={1994--2004},
  year={2020}
}

@inproceedings{zhang2021regret,
  title={On the regret analysis of online LQR control with predictions},
  author={Zhang, Runyu and Li, Yingying and Li, Na},
  booktitle={2021 American Control Conference (ACC)},
  pages={697--703},
  year={2021},
  organization={IEEE}
}

