
@article{lin2022bounded,
  title={Bounded-regret mpc via perturbation analysis: Prediction error, constraints, and nonlinearity},
  author={Lin, Yiheng and Hu, Yang and Qu, Guannan and Li, Tongxin and Wierman, Adam},
  journal={Advances in Neural Information Processing Systems},
  volume={35},
  pages={36174--36187},
  year={2022}
}

@inproceedings{yu2022competitive,
  title={Competitive control with delayed imperfect information},
  author={Yu, Chenkai and Shi, Guanya and Chung, Soon-Jo and Yue, Yisong and Wierman, Adam},
  booktitle={2022 American Control Conference (ACC)},
  pages={2604--2610},
  year={2022},
  organization={IEEE}
}

@article{yu2020power,
  title={The power of predictions in online control},
  author={Yu, Chenkai and Shi, Guanya and Chung, Soon-Jo and Yue, Yisong and Wierman, Adam},
  journal={Advances in Neural Information Processing Systems},
  volume={33},
  pages={1994--2004},
  year={2020}
}

@article{lin2021perturbation,
  title={Perturbation-based regret analysis of predictive control in linear time varying systems},
  author={Lin, Yiheng and Hu, Yang and Shi, Guanya and Sun, Haoyuan and Qu, Guannan and Wierman, Adam},
  journal={Advances in Neural Information Processing Systems},
  volume={34},
  pages={5174--5185},
  year={2021}
}

@inproceedings{zhang2021regret,
  title={On the regret analysis of online LQR control with predictions},
  author={Zhang, Runyu and Li, Yingying and Li, Na},
  booktitle={2021 American Control Conference (ACC)},
  pages={697--703},
  year={2021},
  organization={IEEE}
}

@article{diamond2016cvxpy,
  author  = {Steven Diamond and Stephen Boyd},
  title   = {{CVXPY}: {A} {P}ython-embedded modeling language for convex optimization},
  journal = {Journal of Machine Learning Research},
  year    = {2016},
  volume  = {17},
  number  = {83},
  pages   = {1--5},
}

@article{agrawal2018rewriting,
  author  = {Agrawal, Akshay and Verschueren, Robin and Diamond, Steven and Boyd, Stephen},
  title   = {A rewriting system for convex optimization problems},
  journal = {Journal of Control and Decision},
  year    = {2018},
  volume  = {5},
  number  = {1},
  pages   = {42--60},
}


@article{shin2020decentralized,
  title={Decentralized schemes with overlap for solving graph-structured optimization problems},
  author={Shin, Sungho and Zavala, Victor M and Anitescu, Mihai},
  journal={IEEE Transactions on Control of Network Systems},
  volume={7},
  number={3},
  pages={1225--1236},
  year={2020},
  publisher={IEEE}
}

@article{shin2021controllability,
  title={Controllability and observability imply exponential decay of sensitivity in dynamic optimization},
  author={Shin, Sungho and Zavala, Victor M},
  journal={IFAC-PapersOnLine},
  volume={54},
  number={6},
  pages={179--184},
  year={2021},
  publisher={Elsevier}
}

@article{xu2019exponentially,
  title={Exponentially convergent receding horizon strategy for constrained optimal control},
  author={Xu, Wanting and Anitescu, Mihai},
  journal={Vietnam Journal of Mathematics},
  volume={47},
  number={4},
  pages={897--929},
  year={2019},
  publisher={Springer}
}

@article{na2022superconvergence,
  title={Superconvergence of online optimization for model predictive control},
  author={Na, Sen and Anitescu, Mihai},
  journal={IEEE Transactions on Automatic Control},
  volume={68},
  number={3},
  pages={1383--1398},
  year={2022},
  publisher={IEEE}
}