@article{arjovsky2019invariant,
  title={Invariant risk minimization},
  author={Arjovsky, Martin and Bottou, L{\'e}on and Gulrajani, Ishaan and Lopez-Paz, David},
  journal={arXiv:1907.02893},
  year={2019}
}

@article{chen2022learning,
  title={Learning causally invariant representations for out-of-distribution generalization on graphs},
  author={Chen, Yongqiang and Zhang, Yonggang and Bian, Yatao and Yang, Han and Kaili, MA and Xie, Binghui and Liu, Tongliang and Han, Bo and Cheng, James},
  journal={NeurIPS},
  year={2022}
}

@article{de2018molgan,
  title={MolGAN: An implicit generative model for small molecular graphs},
  author={De Cao, Nicola and Kipf, Thomas},
  journal={arXiv:1805.11973},
  year={2018}
}

@inproceedings{ganin2015unsupervised,
  title={Unsupervised domain adaptation by backpropagation},
  author={Ganin, Yaroslav and Lempitsky, Victor},
  booktitle={ICML},
  year={2015},
}

@inproceedings{goodfellow2014generative,
  title={Generative adversarial nets},
  author={Goodfellow, Ian and Pouget-Abadie, Jean and Mirza, Mehdi and Xu, Bing and Warde-Farley, David and Ozair, Sherjil and Courville, Aaron and Bengio, Yoshua},
  booktitle={NeurIPS},
  year={2014}
}

@inproceedings{grover2019graphite,
  title={Graphite: Iterative generative modeling of graphs},
  author={Grover, Aditya and Zweig, Aaron and Ermon, Stefano},
  booktitle={ICML},
  year={2019},
}

@inproceedings{hu2018does,
  title={Does distributionally robust supervised learning give robust classifiers?},
  author={Hu, Weihua and Niu, Gang and Sato, Issei and Sugiyama, Masashi},
  booktitle={ICML},
  year={2018},
}

@inproceedings{jin2018junction,
  title={Junction tree variational autoencoder for molecular graph generation},
  author={Jin, Wengong and Barzilay, Regina and Jaakkola, Tommi},
  booktitle={ICML},
  year={2018},
}

@article{kingma2013auto,
  title={Auto-encoding variational bayes},
  author={Kingma, Diederik P and Welling, Max},
  journal={arXiv:1312.6114},
  year={2013}
}

@article{kumagai2018zero,
  title={Zero-shot domain adaptation without domain semantic descriptors},
  author={Kumagai, Atsutoshi and Iwata, Tomoharu},
  journal={arXiv:1807.02927},
  year={2018}
}

@inproceedings{li2018domain,
  title={Domain generalization with adversarial feature learning},
  author={Li, Haoliang and Pan, Sinno Jialin and Wang, Shiqi and Kot, Alex C},
  booktitle={CVPR},
  year={2018}
}

@inproceedings{li2022learning,
  title={Learning invariant graph representations for out-of-distribution generalization},
  author={Li, Haoyang and Zhang, Ziwei and Wang, Xin and Zhu, Wenwu},
  booktitle={NeurIPS},
  year={2022}
}

@article{li2022out,
  title={Out-of-distribution generalization on graphs: A survey},
  author={Li, Haoyang and Wang, Xin and Zhang, Ziwei and Zhu, Wenwu},
  journal={arXiv preprint arXiv:2202.07987},
  year={2022}
}

@inproceedings{peng2019moment,
  title={Moment matching for multi-source domain adaptation},
  author={Peng, Xingchao and Bai, Qinxun and Xia, Xide and Huang, Zijun and Saenko, Kate and Wang, Bo},
  booktitle={ICCV},
  year={2019}
}

@article{preuer2018frechet,
  title={Fr{\'e}chet ChemNet distance: a metric for generative models for molecules in drug discovery},
  author={Preuer, Kristina and Renz, Philipp and Unterthiner, Thomas and Hochreiter, Sepp and Klambauer, Gunter},
  journal={Journal of Chemical Information and Modeling},
  year={2018},
}

@inproceedings{sagawa2020distributionally,
  title={Distributionally Robust Neural Networks},
  author={Sagawa, Shiori and Koh, Pang Wei and Hashimoto, Tatsunori B and Liang, Percy},
  booktitle={ICLR},
    year={2020}
}

@inproceedings{simonovsky2018graphvae,
  title={Graphvae: Towards generation of small graphs using variational autoencoders},
  author={Simonovsky, Martin and Komodakis, Nikos},
  booktitle={ICANN},
  year={2018},
}

@inproceedings{sun2016return,
  title={Return of frustratingly easy domain adaptation},
  author={Sun, Baochen and Feng, Jiashi and Saenko, Kate},
  booktitle={AAAI},
  year={2016}
}

@article{wang2024safety,
  title={Safety in Graph Machine Learning: Threats and Safeguards},
  author={Wang, Song and Dong, Yushun and Zhang, Binchi and Chen, Zihan and Fu, Xingbo and He, Yinhan and Shen, Cong and Zhang, Chuxu and Chawla, Nitesh V and Li, Jundong},
  journal={arXiv preprint arXiv:2405.11034},
  year={2024}
}

@inproceedings{wudiscovering,
  title={Discovering Invariant Rationales for Graph Neural Networks},
  author={Wu, Yingxin and Wang, Xiang and Zhang, An and He, Xiangnan and Chua, Tat-Seng},
  booktitle={ICLR},
    year={2022}
}

@inproceedings{wuhandling,
  title={Handling Distribution Shifts on Graphs: An Invariance Perspective},
  author={Wu, Qitian and Zhang, Hengrui and Yan, Junchi and Wipf, David},
  booktitle={ICLR},
  year={2022}
}

@article{yang2023individual,
  title={Individual and structural graph information bottlenecks for out-of-distribution generalization},
  author={Yang, Ling and Zheng, Jiayi and Wang, Heyuan and Liu, Zhongyi and Huang, Zhilin and Hong, Shenda and Zhang, Wentao and Cui, Bin},
  journal={TKDE},
  year={2023},
}

@inproceedings{you2018graphrnn,
  title={Graphrnn: Generating realistic graphs with deep auto-regressive models},
  author={You, Jiaxuan and Ying, Rex and Ren, Xiang and Hamilton, William and Leskovec, Jure},
  booktitle={ICML},
  year={2018},
}

@inproceedings{yu2023mind,
  title={Mind the Label Shift of Augmentation-based Graph OOD Generalization},
  author={Yu, Junchi and Liang, Jian and He, Ran},
  booktitle={CVPR},
  year={2023}
}

@article{zhang2021adaptive,
  title={Adaptive risk minimization: Learning to adapt to domain shift},
  author={Zhang, Marvin and Marklund, Henrik and Dhawan, Nikita and Gupta, Abhishek and Levine, Sergey and Finn, Chelsea},
  journal={NeurIPS},
  year={2021}
}

@article{zhu2021shift,
  title={Shift-robust gnns: Overcoming the limitations of localized graph training data},
  author={Zhu, Qi and Ponomareva, Natalia and Han, Jiawei and Perozzi, Bryan},
  journal={NeurIPS},
  year={2021}
}

@article{zhu2023mario,
  title={MARIO: Model Agnostic Recipe for Improving OOD Generalization of Graph Contrastive Learning},
  author={Zhu, Yun and Shi, Haizhou and Zhang, Zhenshuo and Tang, Siliang},
  journal={arXiv:2307.13055},
  year={2023}
}

