@article{alon2014economical,
  title={Economical graph discovery},
  author={Alon, Noga and Emek, Yuval and Feldman, Michal and Tennenholtz, Moshe},
  journal={Operations Research},
  volume={62},
  number={6},
  pages={1236--1246},
  year={2014},
  publisher={INFORMS}
}

@article{bartolini2020fundamental,
  title={On fundamental bounds on failure identifiability by boolean network tomography},
  author={Bartolini, Novella and He, Ting and Arrigoni, Viviana and Massini, Annalisa and Trombetti, Federico and Khamfroush, Hana},
  journal={IEEE/ACM Transactions on Networking},
  volume={28},
  number={2},
  pages={588--601},
  year={2020},
  publisher={IEEE}
}

@inproceedings{bejerano2003robust,
  title={Robust monitoring of link delays and faults in IP networks},
  author={Bejerano, Yigal and Rastogi, Rajeev},
  booktitle={IEEE INFOCOM 2003. Twenty-second Annual Joint Conference of the IEEE Computer and Communications Societies (IEEE Cat. No. 03CH37428)},
  volume={1},
  pages={134--144},
  year={2003},
  organization={IEEE}
}

@article{bu2002network,
  title={Network tomography on general topologies},
  author={Bu, Tian and Duffield, Nick and Presti, Francesco Lo and Towsley, Don},
  journal={ACM SIGMETRICS Performance Evaluation Review},
  volume={30},
  number={1},
  pages={21--30},
  year={2002},
  publisher={ACM New York, NY, USA}
}

@inproceedings{chen2003tomography,
  title={Tomography-based overlay network monitoring},
  author={Chen, Yan and Bindel, David and Katz, Randy H},
  booktitle={Proceedings of the 3rd ACM SIGCOMM conference on Internet measurement},
  pages={216--231},
  year={2003}
}

@article{chen2010network,
  title={Network tomography: Identifiability and fourier domain estimation},
  author={Chen, Aiyou and Cao, Jin and Bu, Tian},
  journal={IEEE Transactions on Signal Processing},
  volume={58},
  number={12},
  pages={6029--6039},
  year={2010},
  publisher={IEEE}
}

@inproceedings{chen2018structured,
  title={Structured dialogue policy with graph neural networks},
  author={Chen, Lu and Tan, Bowen and Long, Sishan and Yu, Kai},
  booktitle={Proceedings of the 27th International Conference on Computational Linguistics},
  pages={1257--1268},
  year={2018}
}

@article{chen2020iterative,
  title={Iterative deep graph learning for graph neural networks: Better and robust node embeddings},
  author={Chen, Yu and Wu, Lingfei and Zaki, Mohammed},
  journal={Advances in neural information processing systems},
  volume={33},
  pages={19314--19326},
  year={2020}
}

@inproceedings{chen2020reinforcement,
  title={Reinforcement Learning Based Graph-to-Sequence Model for Natural Question Generation},
  author={Chen, Yu and Wu, Lingfei and Zaki, Mohammed J},
  booktitle={International Conference on Learning Representations},
  year={2020}
}

@article{chorowski2015attention,
  title={Attention-based models for speech recognition},
  author={Chorowski, Jan K and Bahdanau, Dzmitry and Serdyuk, Dmitriy and Cho, Kyunghyun and Bengio, Yoshua},
  journal={Advances in neural information processing systems},
  volume={28},
  year={2015}
}

@inproceedings{chua2005efficient,
  title={Efficient monitoring of end-to-end network properties},
  author={Chua, David B and Kolaczyk, Eric D and Crovella, Mark},
  booktitle={Proceedings IEEE 24th Annual Joint Conference of the IEEE Computer and Communications Societies.},
  volume={3},
  pages={1701--1711},
  year={2005},
  organization={IEEE}
}

@article{duffield2006network,
  title={Network tomography of binary network performance characteristics},
  author={Duffield, Nick},
  journal={IEEE Transactions on Information Theory},
  volume={52},
  number={12},
  pages={5373--5388},
  year={2006},
  publisher={IEEE}
}

@inproceedings{firooz2010network,
  title={Network tomography via compressed sensing},
  author={Firooz, Mohammad H and Roy, Sumit},
  booktitle={2010 IEEE Global Telecommunications Conference GLOBECOM 2010},
  pages={1--5},
  year={2010},
  organization={IEEE}
}

@inproceedings{franceschi2019learning,
  title={Learning discrete structures for graph neural networks},
  author={Franceschi, Luca and Niepert, Mathias and Pontil, Massimiliano and He, Xiao},
  booktitle={International conference on machine learning},
  pages={1972--1982},
  year={2019},
  organization={PMLR}
}

@article{gopalan2011identifying,
  title={On identifying additive link metrics using linearly independent cycles and paths},
  author={Gopalan, Abishek and Ramasubramanian, Srinivasan},
  journal={IEEE/ACM Transactions on Networking},
  volume={20},
  number={3},
  pages={906--916},
  year={2011},
  publisher={IEEE}
}

@inproceedings{gurewitz2001estimating,
  title={Estimating one-way delays from cyclic-path delay measurements},
  author={Gurewitz, Omer and Sidi, Moshe},
  booktitle={Proceedings IEEE INFOCOM 2001. Conference on Computer Communications. Twentieth Annual Joint Conference of the IEEE Computer and Communications Society (Cat. No. 01CH37213)},
  volume={2},
  pages={1038--1044},
  year={2001},
  organization={IEEE}
}

@article{he2018distributed,
author = {He, Ting},
title = {Distributed Link Anomaly Detection via Partial Network Tomography},
year = {2018},
issue_date = {December 2017},
publisher = {Association for Computing Machinery},
address = {New York, NY, USA},
volume = {45},
number = {3},
issn = {0163-5999},
journal = {SIGMETRICS Perform. Eval. Rev.},
month = {mar},
pages = {29â€“42},
numpages = {14},
keywords = {network tomography, minimal identifiable link sequence, distributed detection, Anomaly detection}
}

@inproceedings{horton2003number,
  title={On the number of distributed measurement points for network tomography},
  author={Horton, Joseph D and L{\'o}pez-Ortiz, Alejandro},
  booktitle={Proceedings of the 3rd ACM SIGCOMM conference on Internet measurement},
  pages={204--209},
  year={2003}
}

@inproceedings{ibraheem2023network,
  title={Network Tomography-based Anomaly Detection and Localisation in Centralised In-Vehicle Network},
  author={Ibraheem, Amani and Sheng, Zhengguo and Parisis, George and Tian, Daxin},
  booktitle={2023 IEEE International Conference on Omni-layer Intelligent Systems (COINS)},
  pages={1--6},
  year={2023},
  organization={IEEE}
}

@inproceedings{ikeuchi2022network,
  title={Network tomography based on adaptive measurements in probabilistic routing},
  author={Ikeuchi, Hiroki and Saito, Hiroshi and Matsuda, Kotaro},
  booktitle={IEEE INFOCOM 2022-IEEE Conference on Computer Communications},
  pages={2148--2157},
  year={2022},
  organization={IEEE}
}

@inproceedings{jin2020graph,
  title={Graph structure learning for robust graph neural networks},
  author={Jin, Wei and Ma, Yao and Liu, Xiaorui and Tang, Xianfeng and Wang, Suhang and Tang, Jiliang},
  booktitle={Proceedings of the 26th ACM SIGKDD international conference on knowledge discovery \& data mining},
  pages={66--74},
  year={2020}
}

@article{kazemi2020representation,
  title={Representation learning for dynamic graphs: A survey.},
  author={Kazemi, Seyed Mehran and Goel, Rishab and Jain, Kshitij and Kobyzev, Ivan and Sethi, Akshay and Forsyth, Peter and Poupart, Pascal},
  journal={J. Mach. Learn. Res.},
  volume={21},
  number={70},
  pages={1--73},
  year={2020}
}

@article{liang2003maximum,
  title={Maximum pseudo likelihood estimation in network tomography},
  author={Liang, Gang and Yu, Bin},
  journal={IEEE Transactions on Signal Processing},
  volume={51},
  number={8},
  pages={2043--2053},
  year={2003},
  publisher={IEEE}
}

@article{ma2020neural,
  title={Neural network tomography},
  author={Ma, Liang and Zhang, Ziyao and Srivatsa, Mudhakar},
  journal={arXiv preprint arXiv:2001.02942},
  year={2020}
}

@inproceedings{nguyen2010cosine,
  title={Cosine similarity metric learning for face verification},
  author={Nguyen, Hieu V and Bai, Li},
  booktitle={Asian conference on computer vision},
  pages={709--720},
  year={2010},
  organization={Springer}
}

@INPROCEEDINGS{nicola2018tight,
  author={Galesi, Nicola and Ranjbar, Fariba},
  booktitle={2018 IEEE 38th International Conference on Distributed Computing Systems (ICDCS)}, 
  title={Tight Bounds for Maximal Identifiability of Failure Nodes in Boolean Network Tomography}, 
  year={2018},
  volume={},
  number={},
  pages={212-222},
  doi={10.1109/ICDCS.2018.00030}}

@inproceedings{sartzetakis2022machine,
  title={Machine learning network tomography with partial topology knowledge and dynamic routing},
  author={Sartzetakis, Ippokratis and Varvarigos, Emmanouel},
  booktitle={GLOBECOM 2022-2022 IEEE Global Communications Conference},
  pages={4922--4927},
  year={2022},
  organization={IEEE}
}

@article{song2008netquest,
  title={NetQuest: a flexible framework for large-scale network measurement},
  author={Song, Han Hee and Qiu, Lili and Zhang, Yin},
  journal={IEEE/ACM Transactions on Networking},
  volume={17},
  number={1},
  pages={106--119},
  year={2008},
  publisher={IEEE}
}

@inproceedings{tao2023network,
  title={Network Tomography and Reinforcement Learning for Efficient Routing},
  author={Tao, Xu and Silvestri, Simone},
  booktitle={2023 IEEE 20th International Conference on Mobile Ad Hoc and Smart Systems (MASS)},
  pages={384--389},
  year={2023},
  organization={IEEE}
}

@article{teng2024learning,
  title={Learning topological states from randomized measurements using variational tensor network tomography},
  author={Teng, Yanting and Samajdar, Rhine and Van Kirk, Katherine and Wilde, Frederik and Sachdev, Subir and Eisert, Jens and Sweke, Ryan and Najaf, Khadijeh},
  journal={arXiv preprint arXiv:2406.00193},
  year={2024}
}

@incollection{wandong2011research,
  title={Research on Network Tomography Measurement Technique},
  author={Wandong, Cai and Ye, Yao and Yongjun, Li},
  booktitle={Stochastic Optimization-Seeing the Optimal for the Uncertain},
  year={2011},
  publisher={IntechOpen}
}

@inproceedings{wei2007mobile,
  title={Mobile ad hoc network delay tomography},
  author={Wei, Wang and Wandong, Cai and Beizhan, Wang and Yongjun, Li and Guangli, Tian},
  booktitle={2007 International Workshop on Anti-Counterfeiting, Security and Identification (ASID)},
  pages={365--370},
  year={2007},
  organization={IEEE}
}

@inproceedings{xu2011compressive,
  title={Compressive sensing over graphs},
  author={Xu, Weiyu and Mallada, Enrique and Tang, Ao},
  booktitle={2011 Proceedings IEEE INFOCOM},
  pages={2087--2095},
  year={2011},
  organization={IEEE}
}

@article{yeung2007kernel,
  title={A kernel approach for semisupervised metric learning},
  author={Yeung, Dit-Yan and Chang, Hong},
  journal={IEEE Transactions on Neural Networks},
  volume={18},
  number={1},
  pages={141--149},
  year={2007},
  publisher={IEEE}
}

@inproceedings{zeng2012automatic,
  title={Automatic test packet generation},
  author={Zeng, Hongyi and Kazemian, Peyman and Varghese, George and McKeown, Nick},
  booktitle={Proceedings of the 8th international conference on Emerging networking experiments and technologies},
  pages={241--252},
  year={2012}
}

@inproceedings{zhang2006origin,
  title={Origin-destination network tomography with Bayesian Inversion approach},
  author={Zhang, Jianzhong},
  booktitle={2006 IEEE/WIC/ACM International Conference on Web Intelligence (WI 2006 Main Conference Proceedings)(WI'06)},
  pages={38--44},
  year={2006},
  organization={IEEE}
}

