@inproceedings{zeng2024tabflex,
  title={TabFlex: Scaling Tabular Learning to Millions with Linear Attention},
  author={Zeng, Yuchen and Kang, Wonjun and Mueller, Andreas C},
  booktitle={NeurIPS 2024 Third Table Representation Learning Workshop},
  year=2024,
}

