@article{hendrycks2016gaussian,
  title={Gaussian error linear units (gelus)},
  author={Hendrycks, Dan and Gimpel, Kevin},
  journal={arXiv preprint arXiv:1606.08415},
  year={2016}
}

@article{krizhevsky2010convolutional,
  title={Convolutional deep belief networks on cifar-10},
  author={Krizhevsky, Alex},
}

@article{rahimi2007random,
  title={Random features for large-scale kernel machines},
  author={Rahimi, Ali and Recht, Benjamin},
  journal={Neural Information Processing Systems},
  volume={20},
  year={2007}
}

@article{ansari2024chronos,
  title={Chronos: Learning the language of time series},
  author={Ansari, Abdul Fatir and Stella, Lorenzo and Turkmen, Caner and Zhang, Xiyuan and Mercado, Pedro and Shen, Huibin and Shchur, Oleksandr and Rangapuram, Syama Sundar and Arango, Sebastian Pineda and Kapoor, Shubham and others},
  journal={arXiv preprint arXiv:2403.07815},
  year={2024}
}

@article{klambauer2017self,
  title={Self-normalizing neural networks},
  author={Klambauer, G{\"u}nter and Unterthiner, Thomas and Mayr, Andreas and Hochreiter, Sepp},
  journal={Neural Information Processing Systems},
  volume={30},
  year={2017}
}

@article{da2023sample,
  title={Sample Path Regularity of Gaussian Processes from the Covariance Kernel},
  author={Da Costa, Natha{\"e}l and Pf{\"o}rtner, Marvin and Da Costa, Lancelot and Hennig, Philipp},
  journal={arXiv preprint arXiv:2312.14886},
  year={2023}
}

@article{gneiting2007strictly,
  title={Strictly proper scoring rules, prediction, and estimation},
  author={Gneiting, Tilmann and Raftery, Adrian E},
  journal={Journal of the American Statistical Association},
  volume={102},
  number={477},
  pages={359--378},
  year={2007},
  publisher={Taylor \& Francis}
}

@article{erickson2020autogluon,
  title={Autogluon-tabular: Robust and accurate automl for structured data},
  author={Erickson, Nick and Mueller, Jonas and Shirkov, Alexander and Zhang, Hang and Larroy, Pedro and Li, Mu and Smola, Alexander},
  journal={arXiv preprint arXiv:2003.06505},
  year={2020}
}

@article{rubachev2024tabred,
  title={TabReD: Analyzing Pitfalls and Filling the Gaps in Tabular Deep Learning Benchmarks},
  author={Rubachev, Ivan and Kartashev, Nikolay and Gorishniy, Yury and Babenko, Artem},
  journal={arXiv preprint arXiv:2406.19380},
  year={2024}
}

@inproceedings{zeng2024tabflex,
  title={TabFlex: Scaling Tabular Learning to Millions with Linear Attention},
  author={Zeng, Yuchen and Kang, Wonjun and Mueller, Andreas C},
  booktitle={NeurIPS 2024 Third Table Representation Learning Workshop},
  year=2024,
}

@inproceedings{
baur2024exploration,
title={Exploration of autoregressive models for in-context learning on tabular data},
author={Stefan K. Baur and Sohyeong Kim},
booktitle={NeurIPS 2024 Third Table Representation Learning Workshop},
year={2024},
url={https://openreview.net/forum?id=4dOJ0PRY7R}
}

@article{meta2024llama3,
  title={The llama 3 herd of models},
  author={Dubey, Abhimanyu and Jauhri, Abhinav and Pandey, Abhinav and Kadian, Abhishek and Al-Dahle, Ahmad and Letman, Aiesha and Mathur, Akhil and Schelten, Alan and Yang, Amy and Fan, Angela and others},
  journal={arXiv preprint arXiv:2407.21783},
  year={2024}
}

@inproceedings{hegselmann2023tabllm,
  title={Tabllm: Few-shot classification of tabular data with large language models},
  author={Hegselmann, Stefan and Buendia, Alejandro and Lang, Hunter and Agrawal, Monica and Jiang, Xiaoyi and Sontag, David},
  booktitle={International Conference on Artificial Intelligence and Statistics},
  pages={5549--5581},
  year={2023},
  organization={PMLR}
}

@misc{fang2024largelanguagemodelsllmstabular,
      title={Large Language Models(LLMs) on Tabular Data: Prediction, Generation, and Understanding -- A Survey}, 
      author={Xi Fang and Weijie Xu and Fiona Anting Tan and Jiani Zhang and Ziqing Hu and Yanjun Qi and Scott Nickleach and Diego Socolinsky and Srinivasan Sengamedu and Christos Faloutsos},
      year={2024},
      eprint={2402.17944},
      archivePrefix={arXiv},
      primaryClass={cs.CL}
}

@article{bordt2024elephants,
  title={Elephants never forget: Testing language models for memorization of tabular data},
  author={Bordt, Sebastian and Nori, Harsha and Caruana, Rich},
  journal={arXiv preprint arXiv:2403.06644},
  year={2024}
}

@misc{balance_scale_12,
  author       = {Siegler, R.},
  title        = {{Balance Scale}},
  year         = {1976},
  howpublished = {UCI Machine Learning Repository},
  note         = {{DOI}: https://doi.org/10.24432/C5488X}
}