@inproceedings{arm2024pedipulate,
  title={Pedipulate: Enabling manipulation skills using a quadruped robot’s leg},
  author={Arm, Philip and Mittal, Mayank and Kolvenbach, Hendrik and Hutter, Marco},
  booktitle={41st IEEE Conference on Robotics and Automation (ICRA 2024)},
  year={2024}
}

@article{bareinboim2015bandits,
  title={Bandits with unobserved confounders: A causal approach},
  author={Bareinboim, Elias and Forney, Andrew and Pearl, Judea},
  journal={Advances in Neural Information Processing Systems},
  volume={28},
  year={2015}
}

@inproceedings{bellicoso2019alma,
  title={Alma-articulated locomotion and manipulation for a torque-controllable robot},
  author={Bellicoso, C Dario and Kr{\"a}mer, Koen and St{\"a}uble, Markus and Sako, Dhionis and Jenelten, Fabian and Bjelonic, Marko and Hutter, Marco},
  booktitle={2019 International conference on robotics and automation (ICRA)},
  pages={8477--8483},
  year={2019},
  organization={IEEE}
}

@article{blaes2019control,
  title={Control what you can: Intrinsically motivated task-planning agent},
  author={Blaes, Sebastian and Vlastelica Pogan{\v{c}}i{\'c}, Marin and Zhu, Jiajie and Martius, Georg},
  journal={Advances in Neural Information Processing Systems},
  volume={32},
  year={2019}
}

@article{buesing2018woulda,
  title={Woulda, coulda, shoulda: Counterfactually-guided policy search},
  author={Buesing, Lars and Weber, Theophane and Zwols, Yori and Racaniere, Sebastien and Guez, Arthur and Lespiau, Jean-Baptiste and Heess, Nicolas},
  journal={arXiv preprint arXiv:1811.06272},
  year={2018}
}

@inproceedings{burda2019exploration,
  title={Exploration by random network distillation},
  author={Burda, Yuri and Edwards, Harrison and Storkey, Amos and Klimov, Oleg},
  booktitle={Seventh International Conference on Learning Representations},
  pages={1--17},
  year={2019}
}

@article{cheng2023enhancing,
  title={Enhancing dexterity in robotic manipulation via hierarchical contact exploration},
  author={Cheng, Xianyi and Patil, Sarvesh and Temel, Zeynep and Kroemer, Oliver and Mason, Matthew T},
  journal={IEEE Robotics and Automation Letters},
  volume={9},
  number={1},
  pages={390--397},
  year={2023},
  publisher={IEEE}
}

@inproceedings{cheng2023legs,
  title={Legs as manipulator: Pushing quadrupedal agility beyond locomotion},
  author={Cheng, Xuxin and Kumar, Ashish and Pathak, Deepak},
  booktitle={2023 IEEE International Conference on Robotics and Automation (ICRA)},
  pages={5106--5112},
  year={2023},
  organization={IEEE}
}

@inproceedings{colas2019curious,
  title={Curious: intrinsically motivated modular multi-goal reinforcement learning},
  author={Colas, C{\'e}dric and Fournier, Pierre and Chetouani, Mohamed and Sigaud, Olivier and Oudeyer, Pierre-Yves},
  booktitle={International conference on machine learning},
  pages={1331--1340},
  year={2019},
  organization={PMLR}
}

@inproceedings{fu2023deep,
  title={Deep whole-body control: learning a unified policy for manipulation and locomotion},
  author={Fu, Zipeng and Cheng, Xuxin and Pathak, Deepak},
  booktitle={Conference on Robot Learning},
  pages={138--149},
  year={2023},
  organization={PMLR}
}

@article{he2024learning,
  title={Learning Visual Quadrupedal Loco-Manipulation from Demonstrations},
  author={He, Zhengmao and Lei, Kun and Ze, Yanjie and Sreenath, Koushil and Li, Zhongyu and Xu, Huazhe},
  journal={arXiv preprint arXiv:2403.20328},
  year={2024}
}

@article{hu2024dexdribbler,
  title={DexDribbler: Learning Dexterous Soccer Manipulation via Dynamic Supervision},
  author={Hu, Yutong and Wen, Kehan and Yu, Fisher},
  journal={arXiv preprint arXiv:2403.14300},
  year={2024}
}

@article{jeon2023learning,
  title={Learning whole-body manipulation for quadrupedal robot},
  author={Jeon, Seunghun and Jung, Moonkyu and Choi, Suyoung and Kim, Beomjoon and Hwangbo, Jemin},
  journal={IEEE Robotics and Automation Letters},
  volume={9},
  number={1},
  pages={699--706},
  year={2023},
  publisher={IEEE}
}

@inproceedings{ji2022hierarchical,
  title={Hierarchical reinforcement learning for precise soccer shooting skills using a quadrupedal robot},
  author={Ji, Yandong and Li, Zhongyu and Sun, Yinan and Peng, Xue Bin and Levine, Sergey and Berseth, Glen and Sreenath, Koushil},
  booktitle={2022 IEEE/RSJ International Conference on Intelligent Robots and Systems (IROS)},
  pages={1479--1486},
  year={2022},
  organization={IEEE}
}

@inproceedings{ji2023dribblebot,
  title={Dribblebot: Dynamic legged manipulation in the wild},
  author={Ji, Yandong and Margolis, Gabriel B and Agrawal, Pulkit},
  booktitle={2023 IEEE International Conference on Robotics and Automation (ICRA)},
  pages={5155--5162},
  year={2023},
  organization={IEEE}
}

@article{jung2011empowerment,
  title={Empowerment for continuous agent—environment systems},
  author={Jung, Tobias and Polani, Daniel and Stone, Peter},
  journal={Adaptive Behavior},
  volume={19},
  number={1},
  pages={16--39},
  year={2011},
  publisher={SAGE Publications Sage UK: London, England}
}

@inproceedings{klyubin2005empowerment,
  title={Empowerment: A universal agent-centric measure of control},
  author={Klyubin, Alexander S and Polani, Daniel and Nehaniv, Chrystopher L},
  booktitle={2005 ieee congress on evolutionary computation},
  volume={1},
  pages={128--135},
  year={2005},
  organization={IEEE}
}

@article{kumar2023cascaded,
  title={Cascaded compositional residual learning for complex interactive behaviors},
  author={Kumar, K Niranjan and Essa, Irfan and Ha, Sehoon},
  journal={IEEE Robotics and Automation Letters},
  volume={8},
  number={8},
  pages={4601--4608},
  year={2023},
  publisher={IEEE}
}

@inproceedings{li2023multi,
  title={Multi-contact mpc for dynamic loco-manipulation on humanoid robots},
  author={Li, Junheng and Nguyen, Quan},
  booktitle={2023 American Control Conference (ACC)},
  pages={1215--1220},
  year={2023},
  organization={IEEE}
}

@article{lin2024locoman,
  title={LocoMan: Advancing Versatile Quadrupedal Dexterity with Lightweight Loco-Manipulators},
  author={Lin, Changyi and Liu, Xingyu and Yang, Yuxiang and Niu, Yaru and Yu, Wenhao and Zhang, Tingnan and Tan, Jie and Boots, Byron and Zhao, Ding},
  journal={arXiv preprint arXiv:2403.18197},
  year={2024}
}

@article{lindley1956measure,
  title={On a measure of the information provided by an experiment},
  author={Lindley, Dennis V},
  journal={The Annals of Mathematical Statistics},
  volume={27},
  number={4},
  pages={986--1005},
  year={1956},
  publisher={Institute of Mathematical Statistics}
}

@article{liu2024opt2skill,
  title={Opt2skill: Imitating dynamically-feasible whole-body trajectories for versatile humanoid loco-manipulation},
  author={Liu, Fukang and Gu, Zhaoyuan and Cai, Yilin and Zhou, Ziyi and Zhao, Shijie and Jung, Hyunyoung and Ha, Sehoon and Chen, Yue and Xu, Danfei and Zhao, Ye},
  journal={arXiv preprint arXiv:2409.20514},
  year={2024}
}

@article{lu2018deconfounding,
  title={Deconfounding reinforcement learning in observational settings},
  author={Lu, Chaochao and Sch{\"o}lkopf, Bernhard and Hern{\'a}ndez-Lobato, Jos{\'e} Miguel},
  journal={arXiv preprint arXiv:1812.10576},
  year={2018}
}

@article{mohamed2015variational,
  title={Variational information maximisation for intrinsically motivated reinforcement learning},
  author={Mohamed, Shakir and Jimenez Rezende, Danilo},
  journal={Advances in neural information processing systems},
  volume={28},
  year={2015}
}

@inproceedings{murooka2015whole,
  title={Whole-body pushing manipulation with contact posture planning of large and heavy object for humanoid robot},
  author={Murooka, Masaki and Nozawa, Shunichi and Kakiuchi, Yohei and Okada, Kei and Inaba, Masayuki},
  booktitle={2015 IEEE International Conference on Robotics and Automation (ICRA)},
  pages={5682--5689},
  year={2015},
  organization={IEEE}
}

@inproceedings{nachum2020multi,
  title={Multi-Agent Manipulation via Locomotion using Hierarchical Sim2Real},
  author={Nachum, Ofir and Ahn, Michael and Ponte, Hugo and Gu, Shixiang Shane and Kumar, Vikash},
  booktitle={Conference on Robot Learning},
  pages={110--121},
  year={2020},
  organization={PMLR}
}

@inproceedings{pathak2017curiosity,
  title={Curiosity-driven exploration by self-supervised prediction},
  author={Pathak, Deepak and Agrawal, Pulkit and Efros, Alexei A and Darrell, Trevor},
  booktitle={International conference on machine learning},
  pages={2778--2787},
  year={2017},
  organization={PMLR}
}

@inproceedings{pathak2019self,
  title={Self-supervised exploration via disagreement},
  author={Pathak, Deepak and Gandhi, Dhiraj and Gupta, Abhinav},
  booktitle={International conference on machine learning},
  pages={5062--5071},
  year={2019},
  organization={PMLR}
}

@inproceedings{pitis2020,
author = {Pitis, Silviu and Creager, Elliot and Garg, Animesh},
title = {Counterfactual Data Augmentation Using Locally Factored Dynamics},
year = {2020},
isbn = {9781713829546},
publisher = {Curran Associates Inc.},
address = {Red Hook, NY, USA},
booktitle = {Proceedings of the 34th International Conference on Neural Information Processing Systems},
articleno = {335},
numpages = {15},
location = {Vancouver, BC, Canada},
series = {NIPS'20}
}

@article{polverini2020multi,
  title={Multi-contact heavy object pushing with a centaur-type humanoid robot: Planning and control for a real demonstrator},
  author={Polverini, Matteo Parigi and Laurenzi, Arturo and Hoffman, Enrico Mingo and Ruscelli, Francesco and Tsagarakis, Nikos G},
  journal={IEEE Robotics and Automation Letters},
  volume={5},
  number={2},
  pages={859--866},
  year={2020},
  publisher={IEEE}
}

@article{rezende2020causally,
  title={Causally correct partial models for reinforcement learning},
  author={Rezende, Danilo J and Danihelka, Ivo and Papamakarios, George and Ke, Nan Rosemary and Jiang, Ray and Weber, Theophane and Gregor, Karol and Merzic, Hamza and Viola, Fabio and Wang, Jane and others},
  journal={arXiv preprint arXiv:2002.02836},
  year={2020}
}

@inproceedings{rigo2023contact,
  title={Contact optimization for non-prehensile loco-manipulation via hierarchical model predictive control},
  author={Rigo, Alberto and Chen, Yiyu and Gupta, Satyandra K and Nguyen, Quan},
  booktitle={2023 ieee international conference on robotics and automation (icra)},
  pages={9945--9951},
  year={2023},
  organization={IEEE}
}

@inproceedings{rigo2024hierarchical,
  title={Hierarchical optimization-based control for whole-body loco-manipulation of heavy objects},
  author={Rigo, Alberto and Hu, Muqun and Gupta, Satyandra K and Nguyen, Quan},
  booktitle={2024 IEEE International Conference on Robotics and Automation (ICRA)},
  pages={15322--15328},
  year={2024},
  organization={IEEE}
}

@article{rm2000intrinsic,
  title={Intrinsic and extrinsic motivations: Classic definitions and new directions},
  author={Rm, Ryan},
  journal={Contemporary educational psychology},
  volume={25},
  pages={54--67},
  year={2000}
}

@inproceedings{schakkal2024dynamic,
  title={Dynamic Object Catching with Quadruped Robot Front Legs},
  author={Schakkal, Andr{\'e} and Bellegarda, Guillaume and Ijspeert, Auke},
  booktitle={2024 IEEE/RSJ International Conference on Intelligent Robots and Systems (IROS)},
  pages={6848--6855},
  year={2024},
  organization={IEEE}
}

@inproceedings{schmidhuber1991possibility,
  title={A possibility for implementing curiosity and boredom in model-building neural controllers},
  author={Schmidhuber, J{\"u}rgen},
  booktitle={Proceedings of the first international conference on simulation of adaptive behavior on From animals to animats},
  pages={222--227},
  year={1991}
}

@article{schmidhuber2010formal,
  title={Formal theory of creativity, fun, and intrinsic motivation (1990--2010)},
  author={Schmidhuber, J{\"u}rgen},
  journal={IEEE transactions on autonomous mental development},
  volume={2},
  number={3},
  pages={230--247},
  year={2010},
  publisher={Ieee}
}

@inproceedings{schwarke2023curiosity,
  title={Curiosity-driven learning of joint locomotion and manipulation tasks},
  author={Schwarke, Clemens and Klemm, Victor and Van der Boon, Matthijs and Bjelonic, Marko and Hutter, Marco},
  booktitle={Proceedings of The 7th Conference on Robot Learning},
  volume={229},
  pages={2594--2610},
  year={2023},
  organization={PMLR}
}

@article{seitzer2021causal,
  title={Causal influence detection for improving efficiency in reinforcement learning},
  author={Seitzer, Maximilian and Sch{\"o}lkopf, Bernhard and Martius, Georg},
  journal={Advances in Neural Information Processing Systems},
  volume={34},
  pages={22905--22918},
  year={2021}
}

@inproceedings{shi2021circus,
  title={Circus anymal: A quadruped learning dexterous manipulation with its limbs},
  author={Shi, Fan and Homberger, Timon and Lee, Joonho and Miki, Takahiro and Zhao, Moju and Farshidian, Farbod and Okada, Kei and Inaba, Masayuki and Hutter, Marco},
  booktitle={2021 IEEE International Conference on Robotics and Automation (ICRA)},
  pages={2316--2323},
  year={2021},
  organization={IEEE}
}

@article{sleiman2021unified,
  title={A unified mpc framework for whole-body dynamic locomotion and manipulation},
  author={Sleiman, Jean-Pierre and Farshidian, Farbod and Minniti, Maria Vittoria and Hutter, Marco},
  journal={IEEE Robotics and Automation Letters},
  volume={6},
  number={3},
  pages={4688--4695},
  year={2021},
  publisher={IEEE}
}

@inproceedings{sleiman2024guided,
  title={Guided Reinforcement Learning for Robust Multi-Contact Loco-Manipulation},
  author={Sleiman, Jean-Pierre and Mittal, Mayank and Hutter, Marco},
  booktitle={8th Annual Conference on Robot Learning (CoRL 2024)},
  year={2024}
}

@article{smith2012dual,
  title={Dual arm manipulation—A survey},
  author={Smith, Christian and Karayiannidis, Yiannis and Nalpantidis, Lazaros and Gratal, Xavi and Qi, Peng and Dimarogonas, Dimos V and Kragic, Danica},
  journal={Robotics and Autonomous systems},
  volume={60},
  number={10},
  pages={1340--1353},
  year={2012},
  publisher={Elsevier}
}

@inproceedings{sontakke2021causal,
  title={Causal curiosity: Rl agents discovering self-supervised experiments for causal representation learning},
  author={Sontakke, Sumedh A and Mehrjou, Arash and Itti, Laurent and Sch{\"o}lkopf, Bernhard},
  booktitle={International conference on machine learning},
  pages={9848--9858},
  year={2021},
  organization={PMLR}
}

@inproceedings{urpicausal,
  title={Causal Action Influence Aware Counterfactual Data Augmentation},
  author={Urp{\'\i}, N{\'u}ria Armengol and Bagatella, Marco and Vlastelica, Marin and Martius, Georg},
  booktitle={Forty-first International Conference on Machine Learning},
  year={2024}
}

@inproceedings{wang2024hypermotion,
  title={HYPERmotion: Learning hybrid behavior planning for autonomous loco-manipulation},
  author={Wang, Jin and Dai, Rui and Wang, Weijie and Rossini, Luca and Ruscelli, Francesco and Tsagarakis, Nikos},
  booktitle={8th Annual Conference on Robot Learning},
  year={2024}
}

@article{zhang2024learning,
  title={Learning to open and traverse doors with a legged manipulator},
  author={Zhang, Mike and Ma, Yuntao and Miki, Takahiro and Hutter, Marco},
  journal={arXiv preprint arXiv:2409.04882},
  year={2024}
}

@article{zhang2024wococo,
  title={WoCoCo: Learning Whole-Body Humanoid Control with Sequential Contacts},
  author={Zhang, Chong and Xiao, Wenli and He, Tairan and Shi, Guanya},
  journal={arXiv preprint arXiv:2406.06005},
  year={2024}
}

@article{zhao2021mutual,
  title={Mutual information state intrinsic control},
  author={Zhao, Rui and Gao, Yang and Abbeel, Pieter and Tresp, Volker and Xu, Wei},
  journal={arXiv preprint arXiv:2103.08107},
  year={2021}
}

@inproceedings{zimmermann2021go,
  title={Go fetch!-dynamic grasps using boston dynamics spot with external robotic arm},
  author={Zimmermann, Simon and Poranne, Roi and Coros, Stelian},
  booktitle={2021 IEEE International Conference on Robotics and Automation (ICRA)},
  pages={4488--4494},
  year={2021},
  organization={IEEE}
}

