@article{mcgeer1990passive,
  title={Passive dynamic walking},
  author={McGeer, Tad},
  journal={The international journal of robotics research},
  volume={9},
  number={2},
  pages={62--82},
  year={1990},
  publisher={Sage Publications Sage CA: Thousand Oaks, CA}
}

@article{kalman1960new,
    author = {Kalman, Rudolph Emil},
    title = {A New Approach to Linear Filtering and Prediction Problems},
    journal = {Journal of Basic Engineering},
    volume = {82},
    number = {1},
    pages = {35-45},
    year = {1960},
    month = {03},
    issn = {0021-9223},
    doi = {10.1115/1.3662552},
    url = {https://doi.org/10.1115/1.3662552},
    eprint = {https://asmedigitalcollection.asme.org/fluidsengineering/article-pdf/82/1/35/5518977/35\_1.pdf},
}


@inproceedings{ji2023dribblebot,
  title={Dribblebot: Dynamic legged manipulation in the wild},
  author={Ji, Yandong and Margolis, Gabriel B and Agrawal, Pulkit},
  booktitle={2023 IEEE International Conference on Robotics and Automation (ICRA)},
  pages={5155--5162},
  year={2023},
  organization={IEEE}
}



@inproceedings{ji2022hierarchical,
  title={Hierarchical reinforcement learning for precise soccer shooting skills using a quadrupedal robot},
  author={Ji, Yandong and Li, Zhongyu and Sun, Yinan and Peng, Xue Bin and Levine, Sergey and Berseth, Glen and Sreenath, Koushil},
  booktitle={2022 IEEE/RSJ International Conference on Intelligent Robots and Systems (IROS)},
  pages={1479--1486},
  year={2022},
  organization={IEEE}
}


@article{haarnoja2024learning,
  title={Learning agile soccer skills for a bipedal robot with deep reinforcement learning},
  author={Haarnoja, Tuomas and Moran, Ben and Lever, Guy and Huang, Sandy H and Tirumala, Dhruva and Humplik, Jan and Wulfmeier, Markus and Tunyasuvunakool, Saran and Siegel, Noah Y and Hafner, Roland and others},
  journal={Science Robotics},
  volume={9},
  number={89},
  pages={eadi8022},
  year={2024},
  publisher={American Association for the Advancement of Science}
}

@article{ma2022combining,
  title={Combining learning-based locomotion policy with model-based manipulation for legged mobile manipulators},
  author={Ma, Yuntao and Farshidian, Farbod and Miki, Takahiro and Lee, Joonho and Hutter, Marco},
  journal={IEEE Robotics and Automation Letters},
  volume={7},
  number={2},
  pages={2377--2384},
  year={2022},
  publisher={IEEE}
}


@inproceedings{fu2023deep,
  title={Deep whole-body control: learning a unified policy for manipulation and locomotion},
  author={Fu, Zipeng and Cheng, Xuxin and Pathak, Deepak},
  booktitle={Conference on Robot Learning},
  pages={138--149},
  year={2023},
  organization={PMLR}
}


@article{he2024learning,
  title={Learning Visual Quadrupedal Loco-Manipulation from Demonstrations},
  author={He, Zhengmao and Lei, Kun and Ze, Yanjie and Sreenath, Koushil and Li, Zhongyu and Xu, Huazhe},
  journal={arXiv preprint arXiv:2403.20328},
  year={2024}
}

@article{wang2024arm,
  title={Arm-Constrained Curriculum Learning for Loco-Manipulation of the Wheel-Legged Robot},
  author={Wang, Zifan and Jia, Yufei and Shi, Lu and Wang, Haoyu and Zhao, Haizhou and Li, Xueyang and Zhou, Jinni and Ma, Jun and Zhou, Guyue},
  journal={arXiv preprint arXiv:2403.16535},
  year={2024}
}

@article{lee2020learning,
  title={Learning quadrupedal locomotion over challenging terrain},
  author={Lee, Joonho and Hwangbo, Jemin and Wellhausen, Lorenz and Koltun, Vladlen and Hutter, Marco},
  journal={Science robotics},
  volume={5},
  number={47},
  pages={eabc5986},
  year={2020},
  publisher={American Association for the Advancement of Science}
}


@article{hwangbo2019learning,
  title={Learning agile and dynamic motor skills for legged robots},
  author={Hwangbo, Jemin and Lee, Joonho and Dosovitskiy, Alexey and Bellicoso, Dario and Tsounis, Vassilios and Koltun, Vladlen and Hutter, Marco},
  journal={Science Robotics},
  volume={4},
  number={26},
  pages={eaau5872},
  year={2019},
  publisher={American Association for the Advancement of Science}
}


@article{miki2022learning,
  title={Learning robust perceptive locomotion for quadrupedal robots in the wild},
  author={Miki, Takahiro and Lee, Joonho and Hwangbo, Jemin and Wellhausen, Lorenz and Koltun, Vladlen and Hutter, Marco},
  journal={Science robotics},
  volume={7},
  number={62},
  pages={eabk2822},
  year={2022},
  publisher={American Association for the Advancement of Science}
}


@inproceedings{rudin2022learning,
  title={Learning to walk in minutes using massively parallel deep reinforcement learning},
  author={Rudin, Nikita and Hoeller, David and Reist, Philipp and Hutter, Marco},
  booktitle={Conference on Robot Learning},
  pages={91--100},
  year={2022},
  organization={PMLR}
}


@inproceedings{cheng2023legs,
  title={Legs as manipulator: Pushing quadrupedal agility beyond locomotion},
  author={Cheng, Xuxin and Kumar, Ashish and Pathak, Deepak},
  booktitle={2023 IEEE International Conference on Robotics and Automation (ICRA)},
  pages={5106--5112},
  year={2023},
  organization={IEEE}
}


@article{jeon2023learning,
  title={Learning whole-body manipulation for quadrupedal robot},
  author={Jeon, Seunghun and Jung, Moonkyu and Choi, Suyoung and Kim, Beomjoon and Hwangbo, Jemin},
  journal={IEEE Robotics and Automation Letters},
  volume={9},
  number={1},
  pages={699--706},
  year={2023},
  publisher={IEEE}
}

@inproceedings{nachum2020multi,
  title={Multi-Agent Manipulation via Locomotion using Hierarchical Sim2Real},
  author={Nachum, Ofir and Ahn, Michael and Ponte, Hugo and Gu, Shixiang Shane and Kumar, Vikash},
  booktitle={Conference on Robot Learning},
  pages={110--121},
  year={2020},
  organization={PMLR}
}



@article{kumar2023cascaded,
  title={Cascaded compositional residual learning for complex interactive behaviors},
  author={Kumar, K Niranjan and Essa, Irfan and Ha, Sehoon},
  journal={IEEE Robotics and Automation Letters},
  volume={8},
  number={8},
  pages={4601--4608},
  year={2023},
  publisher={IEEE}
}


@inproceedings{dao2024sim,
  title={Sim-to-real learning for humanoid box loco-manipulation},
  author={Dao, Jeremy and Duan, Helei and Fern, Alan},
  booktitle={2024 IEEE International Conference on Robotics and Automation (ICRA)},
  pages={16930--16936},
  year={2024},
  organization={IEEE}
}

@inproceedings{schmidhuber1991possibility,
  title={A possibility for implementing curiosity and boredom in model-building neural controllers},
  author={Schmidhuber, J{\"u}rgen},
  booktitle={Proceedings of the first international conference on simulation of adaptive behavior on From animals to animats},
  pages={222--227},
  year={1991}
}

@article{schmidhuber2010formal,
  title={Formal theory of creativity, fun, and intrinsic motivation (1990--2010)},
  author={Schmidhuber, J{\"u}rgen},
  journal={IEEE transactions on autonomous mental development},
  volume={2},
  number={3},
  pages={230--247},
  year={2010},
  publisher={Ieee}
}

@article{lindley1956measure,
  title={On a measure of the information provided by an experiment},
  author={Lindley, Dennis V},
  journal={The Annals of Mathematical Statistics},
  volume={27},
  number={4},
  pages={986--1005},
  year={1956},
  publisher={Institute of Mathematical Statistics}
}


@inproceedings{schwarke2023curiosity,
  title={Curiosity-driven learning of joint locomotion and manipulation tasks},
  author={Schwarke, Clemens and Klemm, Victor and Van der Boon, Matthijs and Bjelonic, Marko and Hutter, Marco},
  booktitle={Proceedings of The 7th Conference on Robot Learning},
  volume={229},
  pages={2594--2610},
  year={2023},
  organization={PMLR}
}

@inproceedings{burda2019exploration,
  title={Exploration by random network distillation},
  author={Burda, Yuri and Edwards, Harrison and Storkey, Amos and Klimov, Oleg},
  booktitle={Seventh International Conference on Learning Representations},
  pages={1--17},
  year={2019}
}

@article{blaes2019control,
  title={Control what you can: Intrinsically motivated task-planning agent},
  author={Blaes, Sebastian and Vlastelica Pogan{\v{c}}i{\'c}, Marin and Zhu, Jiajie and Martius, Georg},
  journal={Advances in Neural Information Processing Systems},
  volume={32},
  year={2019}
}

@article{houthooft2016vime,
  title={Vime: Variational information maximizing exploration},
  author={Houthooft, Rein and Chen, Xi and Duan, Yan and Schulman, John and De Turck, Filip and Abbeel, Pieter},
  journal={Advances in neural information processing systems},
  volume={29},
  year={2016}
}

@inproceedings{sontakke2021causal,
  title={Causal curiosity: Rl agents discovering self-supervised experiments for causal representation learning},
  author={Sontakke, Sumedh A and Mehrjou, Arash and Itti, Laurent and Sch{\"o}lkopf, Bernhard},
  booktitle={International conference on machine learning},
  pages={9848--9858},
  year={2021},
  organization={PMLR}
}

@article{little2013learning,
  title={Learning and exploration in action-perception loops},
  author={Little, Daniel Y and Sommer, Friedrich T},
  journal={Frontiers in neural circuits},
  volume={7},
  pages={37},
  year={2013},
  publisher={Frontiers Media SA}
}

@inproceedings{colas2019curious,
  title={Curious: intrinsically motivated modular multi-goal reinforcement learning},
  author={Colas, C{\'e}dric and Fournier, Pierre and Chetouani, Mohamed and Sigaud, Olivier and Oudeyer, Pierre-Yves},
  booktitle={International conference on machine learning},
  pages={1331--1340},
  year={2019},
  organization={PMLR}
}


@inproceedings{klyubin2005empowerment,
  title={Empowerment: A universal agent-centric measure of control},
  author={Klyubin, Alexander S and Polani, Daniel and Nehaniv, Chrystopher L},
  booktitle={2005 ieee congress on evolutionary computation},
  volume={1},
  pages={128--135},
  year={2005},
  organization={IEEE}
}

@article{mohamed2015variational,
  title={Variational information maximisation for intrinsically motivated reinforcement learning},
  author={Mohamed, Shakir and Jimenez Rezende, Danilo},
  journal={Advances in neural information processing systems},
  volume={28},
  year={2015}
}

@article{zhao2021mutual,
  title={Mutual information state intrinsic control},
  author={Zhao, Rui and Gao, Yang and Abbeel, Pieter and Tresp, Volker and Xu, Wei},
  journal={arXiv preprint arXiv:2103.08107},
  year={2021}
}



@article{seitzer2021causal,
  title={Causal influence detection for improving efficiency in reinforcement learning},
  author={Seitzer, Maximilian and Sch{\"o}lkopf, Bernhard and Martius, Georg},
  journal={Advances in Neural Information Processing Systems},
  volume={34},
  pages={22905--22918},
  year={2021}
}


@inproceedings{eberhard2023pink,
  title={Pink noise is all you need: Colored noise exploration in deep reinforcement learning},
  author={Eberhard, Onno and Hollenstein, Jakob and Pinneri, Cristina and Martius, Georg},
  booktitle={The Eleventh International Conference on Learning Representations},
  year={2023}
}


@inproceedings{hollenstein2024colored,
  title={Colored Noise in PPO: Improved Exploration and Performance Through Correlated Action Sampling},
  author={Hollenstein, Jakob and Martius, Georg and Piater, Justus},
  booktitle={Proceedings of the AAAI Conference on Artificial Intelligence},
  volume={38(11)},
  pages={12466--12472},
  year={2024}
}


@article{mittal2023orbit,
  title={Orbit: A unified simulation framework for interactive robot learning environments},
  author={Mittal, Mayank and Yu, Calvin and Yu, Qinxi and Liu, Jingzhou and Rudin, Nikita and Hoeller, David and Yuan, Jia Lin and Singh, Ritvik and Guo, Yunrong and Mazhar, Hammad and others},
  journal={IEEE Robotics and Automation Letters},
  volume={8},
  number={6},
  pages={3740--3747},
  year={2023},
  publisher={IEEE}
}


@inproceedings{sombolestan2023hierarchical,
  title={Hierarchical adaptive loco-manipulation control for quadruped robots},
  author={Sombolestan, Mohsen and Nguyen, Quan},
  booktitle={2023 IEEE International Conference on Robotics and Automation (ICRA)},
  pages={12156--12162},
  year={2023},
  organization={IEEE}
}

@inproceedings{dadiotis2023whole,
  title={Whole-body MPC for highly redundant legged manipulators: experimental evaluation with a 37 DoF dual-arm quadruped},
  author={Dadiotis, Ioannis and Laurenzi, Arturo and Tsagarakis, Nikos},
  booktitle={2023 IEEE-RAS 22nd International Conference on Humanoid Robots (Humanoids)},
  pages={1--8},
  year={2023},
  organization={IEEE}
}


@inproceedings{hevisual,
  title={Visual Manipulation with Legs},
  author={He, Xialin and Yuan, Chengjing and Zhou, Wenxuan and Yang, Ruihan and Held, David and Wang, Xiaolong},
  booktitle={8th Annual Conference on Robot Learning},
  year={2024},
}


@book{pearl2009causality,
  title={Causality},
  author={Pearl, Judea},
  year={2009},
  publisher={Cambridge university press}
}

@book{cover1999elements,
  title={Elements of information theory},
  author={Cover, Thomas M},
  year={1999},
  publisher={John Wiley \& Sons}
}


@book{sutton2018reinforcement,
  title={Reinforcement learning: An introduction},
  author={Sutton, Richard S and Barto, Andrew G},
  year={2018},
  publisher={MIT press}
}


@book{peters2017elements,
  title={Elements of causal inference: foundations and learning algorithms},
  author={Peters, Jonas and Janzing, Dominik and Sch{\"o}lkopf, Bernhard},
  year={2017},
  publisher={The MIT Press}
}


@article{pitis2020counterfactual,
  title={Counterfactual data augmentation using locally factored dynamics},
  author={Pitis, Silviu and Creager, Elliot and Garg, Animesh},
  journal={Advances in Neural Information Processing Systems},
  volume={33},
  pages={3976--3990},
  year={2020}
}

@inproceedings{urpicausal,
  title={Causal Action Influence Aware Counterfactual Data Augmentation},
  author={Urp{\'\i}, N{\'u}ria Armengol and Bagatella, Marco and Vlastelica, Marin and Martius, Georg},
  booktitle={Forty-first International Conference on Machine Learning},
  year={2024}
}


@inproceedings{durrieu2012lower,
  title={Lower and upper bounds for approximation of the Kullback-Leibler divergence between Gaussian mixture models},
  author={Durrieu, J-L and Thiran, J-Ph and Kelly, Finnian},
  booktitle={2012 IEEE International Conference on Acoustics, Speech and Signal Processing (ICASSP)},
  pages={4833--4836},
  year={2012},
  organization={Ieee}
}
@inproceedings{cheng2024extreme,
  title={Extreme parkour with legged robots},
  author={Cheng, Xuxin and Shi, Kexin and Agarwal, Ananye and Pathak, Deepak},
  booktitle={2024 IEEE International Conference on Robotics and Automation (ICRA)},
  pages={11443--11450},
  year={2024},
  organization={IEEE}
}

@article{hoeller2024anymal,
  title={Anymal parkour: Learning agile navigation for quadrupedal robots},
  author={Hoeller, David and Rudin, Nikita and Sako, Dhionis and Hutter, Marco},
  journal={Science Robotics},
  volume={9},
  number={88},
  pages={eadi7566},
  year={2024},
  publisher={American Association for the Advancement of Science}
}
@article{choi2023learning,
  title={Learning quadrupedal locomotion on deformable terrain},
  author={Choi, Suyoung and Ji, Gwanghyeon and Park, Jeongsoo and Kim, Hyeongjun and Mun, Juhyeok and Lee, Jeong Hyun and Hwangbo, Jemin},
  journal={Science Robotics},
  volume={8},
  number={74},
  pages={eade2256},
  year={2023},
  publisher={American Association for the Advancement of Science}
}

@article{ha2024learning,
  title={Learning-based legged locomotion; state of the art and future perspectives},
  author={Ha, Sehoon and Lee, Joonho and van de Panne, Michiel and Xie, Zhaoming and Yu, Wenhao and Khadiv, Majid},
  journal={arXiv preprint arXiv:2406.01152},
  year={2024}
}
@article{tang2024deep,
  title={Deep reinforcement learning for robotics: A survey of real-world successes},
  author={Tang, Chen and Abbatematteo, Ben and Hu, Jiaheng and Chandra, Rohan and Mart{\'\i}n-Mart{\'\i}n, Roberto and Stone, Peter},
  journal={Annual Review of Control, Robotics, and Autonomous Systems},
  volume={8},
  year={2024},
  publisher={Annual Reviews}
}
@inproceedings{bellicoso2019alma,
  title={Alma-articulated locomotion and manipulation for a torque-controllable robot},
  author={Bellicoso, C Dario and Kr{\"a}mer, Koen and St{\"a}uble, Markus and Sako, Dhionis and Jenelten, Fabian and Bjelonic, Marko and Hutter, Marco},
  booktitle={2019 International conference on robotics and automation (ICRA)},
  pages={8477--8483},
  year={2019},
  organization={IEEE}
}
@inproceedings{zimmermann2021go,
  title={Go fetch!-dynamic grasps using boston dynamics spot with external robotic arm},
  author={Zimmermann, Simon and Poranne, Roi and Coros, Stelian},
  booktitle={2021 IEEE International Conference on Robotics and Automation (ICRA)},
  pages={4488--4494},
  year={2021},
  organization={IEEE}
}
@inproceedings{schakkal2024dynamic,
  title={Dynamic Object Catching with Quadruped Robot Front Legs},
  author={Schakkal, Andr{\'e} and Bellegarda, Guillaume and Ijspeert, Auke},
  booktitle={2024 IEEE/RSJ International Conference on Intelligent Robots and Systems (IROS)},
  pages={6848--6855},
  year={2024},
  organization={IEEE}
}
@article{lin2024locoman,
  title={LocoMan: Advancing Versatile Quadrupedal Dexterity with Lightweight Loco-Manipulators},
  author={Lin, Changyi and Liu, Xingyu and Yang, Yuxiang and Niu, Yaru and Yu, Wenhao and Zhang, Tingnan and Tan, Jie and Boots, Byron and Zhao, Ding},
  journal={arXiv preprint arXiv:2403.18197},
  year={2024}
}
@inproceedings{arm2024pedipulate,
  title={Pedipulate: Enabling manipulation skills using a quadruped robot’s leg},
  author={Arm, Philip and Mittal, Mayank and Kolvenbach, Hendrik and Hutter, Marco},
  booktitle={41st IEEE Conference on Robotics and Automation (ICRA 2024)},
  year={2024}
}
@inproceedings{shi2021circus,
  title={Circus anymal: A quadruped learning dexterous manipulation with its limbs},
  author={Shi, Fan and Homberger, Timon and Lee, Joonho and Miki, Takahiro and Zhao, Moju and Farshidian, Farbod and Okada, Kei and Inaba, Masayuki and Hutter, Marco},
  booktitle={2021 IEEE International Conference on Robotics and Automation (ICRA)},
  pages={2316--2323},
  year={2021},
  organization={IEEE}
}

@inproceedings{huang2023creating,
  title={Creating a dynamic quadrupedal robotic goalkeeper with reinforcement learning},
  author={Huang, Xiaoyu and Li, Zhongyu and Xiang, Yanzhen and Ni, Yiming and Chi, Yufeng and Li, Yunhao and Yang, Lizhi and Peng, Xue Bin and Sreenath, Koushil},
  booktitle={2023 IEEE/RSJ International Conference on Intelligent Robots and Systems (IROS)},
  pages={2715--2722},
  year={2023},
  organization={IEEE}
}


@article{liu2024visual,
  title={Visual whole-body control for legged loco-manipulation},
  author={Liu, Minghuan and Chen, Zixuan and Cheng, Xuxin and Ji, Yandong and Qiu, Ri-Zhao and Yang, Ruihan and Wang, Xiaolong},
  journal={arXiv preprint arXiv:2403.16967},
  year={2024}
}
@article{sleiman2021unified,
  title={A unified mpc framework for whole-body dynamic locomotion and manipulation},
  author={Sleiman, Jean-Pierre and Farshidian, Farbod and Minniti, Maria Vittoria and Hutter, Marco},
  journal={IEEE Robotics and Automation Letters},
  volume={6},
  number={3},
  pages={4688--4695},
  year={2021},
  publisher={IEEE}
}
@inproceedings{farnioli2016toward,
  title={Toward whole-body loco-manipulation: Experimental results on multi-contact interaction with the walk-man robot},
  author={Farnioli, Edoardo and Gabiccini, Marco and Bicchi, Antonio},
  booktitle={2016 IEEE/RSJ International Conference on Intelligent Robots and Systems (IROS)},
  pages={1372--1379},
  year={2016},
  organization={IEEE}
}



@article{gu2025humanoid,
  title={Humanoid Locomotion and Manipulation: Current Progress and Challenges in Control, Planning, and Learning},
  author={Gu, Zhaoyuan and Li, Junheng and Shen, Wenlan and Yu, Wenhao and Xie, Zhaoming and McCrory, Stephen and Cheng, Xianyi and Shamsah, Abdulaziz and Griffin, Robert and Liu, C Karen and others},
  journal={arXiv preprint arXiv:2501.02116},
  year={2025}
}

@article{cheng2023enhancing,
  title={Enhancing dexterity in robotic manipulation via hierarchical contact exploration},
  author={Cheng, Xianyi and Patil, Sarvesh and Temel, Zeynep and Kroemer, Oliver and Mason, Matthew T},
  journal={IEEE Robotics and Automation Letters},
  volume={9},
  number={1},
  pages={390--397},
  year={2023},
  publisher={IEEE}
}
@article{smith2012dual,
  title={Dual arm manipulation—A survey},
  author={Smith, Christian and Karayiannidis, Yiannis and Nalpantidis, Lazaros and Gratal, Xavi and Qi, Peng and Dimarogonas, Dimos V and Kragic, Danica},
  journal={Robotics and Autonomous systems},
  volume={60},
  number={10},
  pages={1340--1353},
  year={2012},
  publisher={Elsevier}
}


@inproceedings{murooka2015whole,
  title={Whole-body pushing manipulation with contact posture planning of large and heavy object for humanoid robot},
  author={Murooka, Masaki and Nozawa, Shunichi and Kakiuchi, Yohei and Okada, Kei and Inaba, Masayuki},
  booktitle={2015 IEEE International Conference on Robotics and Automation (ICRA)},
  pages={5682--5689},
  year={2015},
  organization={IEEE}
}
@article{polverini2020multi,
  title={Multi-contact heavy object pushing with a centaur-type humanoid robot: Planning and control for a real demonstrator},
  author={Polverini, Matteo Parigi and Laurenzi, Arturo and Hoffman, Enrico Mingo and Ruscelli, Francesco and Tsagarakis, Nikos G},
  journal={IEEE Robotics and Automation Letters},
  volume={5},
  number={2},
  pages={859--866},
  year={2020},
  publisher={IEEE}
}


@inproceedings{rigo2023contact,
  title={Contact optimization for non-prehensile loco-manipulation via hierarchical model predictive control},
  author={Rigo, Alberto and Chen, Yiyu and Gupta, Satyandra K and Nguyen, Quan},
  booktitle={2023 ieee international conference on robotics and automation (icra)},
  pages={9945--9951},
  year={2023},
  organization={IEEE}
}


@inproceedings{li2023multi,
  title={Multi-contact mpc for dynamic loco-manipulation on humanoid robots},
  author={Li, Junheng and Nguyen, Quan},
  booktitle={2023 American Control Conference (ACC)},
  pages={1215--1220},
  year={2023},
  organization={IEEE}
}
@article{hu2024dexdribbler,
  title={DexDribbler: Learning Dexterous Soccer Manipulation via Dynamic Supervision},
  author={Hu, Yutong and Wen, Kehan and Yu, Fisher},
  journal={arXiv preprint arXiv:2403.14300},
  year={2024}
}

@article{zhang2024learning,
  title={Learning to open and traverse doors with a legged manipulator},
  author={Zhang, Mike and Ma, Yuntao and Miki, Takahiro and Hutter, Marco},
  journal={arXiv preprint arXiv:2409.04882},
  year={2024}
}

@inproceedings{sleiman2024guided,
  title={Guided Reinforcement Learning for Robust Multi-Contact Loco-Manipulation},
  author={Sleiman, Jean-Pierre and Mittal, Mayank and Hutter, Marco},
  booktitle={8th Annual Conference on Robot Learning (CoRL 2024)},
  year={2024}
}@inproceedings{rigo2024hierarchical,
  title={Hierarchical optimization-based control for whole-body loco-manipulation of heavy objects},
  author={Rigo, Alberto and Hu, Muqun and Gupta, Satyandra K and Nguyen, Quan},
  booktitle={2024 IEEE International Conference on Robotics and Automation (ICRA)},
  pages={15322--15328},
  year={2024},
  organization={IEEE}
}
@inproceedings{wang2024hypermotion,
  title={HYPERmotion: Learning hybrid behavior planning for autonomous loco-manipulation},
  author={Wang, Jin and Dai, Rui and Wang, Weijie and Rossini, Luca and Ruscelli, Francesco and Tsagarakis, Nikos},
  booktitle={8th Annual Conference on Robot Learning},
  year={2024}
}

@article{liu2024opt2skill,
  title={Opt2skill: Imitating dynamically-feasible whole-body trajectories for versatile humanoid loco-manipulation},
  author={Liu, Fukang and Gu, Zhaoyuan and Cai, Yilin and Zhou, Ziyi and Zhao, Shijie and Jung, Hyunyoung and Ha, Sehoon and Chen, Yue and Xu, Danfei and Zhao, Ye},
  journal={arXiv preprint arXiv:2409.20514},
  year={2024}
}
@inproceedings{katz2019mini,
  title={Mini cheetah: A platform for pushing the limits of dynamic quadruped control},
  author={Katz, Benjamin and Di Carlo, Jared and Kim, Sangbae},
  booktitle={2019 international conference on robotics and automation (ICRA)},
  pages={6295--6301},
  year={2019},
  organization={IEEE}
}
@article{zhang2024wococo,
  title={WoCoCo: Learning Whole-Body Humanoid Control with Sequential Contacts},
  author={Zhang, Chong and Xiao, Wenli and He, Tairan and Shi, Guanya},
  journal={arXiv preprint arXiv:2406.06005},
  year={2024}
}

@inproceedings{pertsch2021accelerating,
  title={Accelerating reinforcement learning with learned skill priors},
  author={Pertsch, Karl and Lee, Youngwoon and Lim, Joseph},
  booktitle={Conference on robot learning},
  pages={188--204},
  year={2021},
  organization={PMLR}
}

   @article{pertsch2021skild,
            title={Demonstration-Guided Reinforcement Learning with Learned Skills},
            author={Karl Pertsch and Youngwoon Lee and Yue Wu and Joseph J. Lim},
            journal={5th Conference on Robot Learning},
            year={2021},
          }

@inproceedings{urpi2023efficient,
  title={Efficient Learning of High Level Plans from Play},
  author={Urp{\'\i}, N{\'u}ria Armengol and Bagatella, Marco and Hilliges, Otmar and Martius, Georg and Coros, Stelian},
  booktitle={2023 IEEE International Conference on Robotics and Automation (ICRA)},
  pages={10189--10196},
  year={2023},
  organization={IEEE}
}

@inproceedings{singhparrot,
  title={Parrot: Data-Driven Behavioral Priors for Reinforcement Learning},
  author={Singh, Avi and Liu, Huihan and Zhou, Gaoyue and Yu, Albert and Rhinehart, Nicholas and Levine, Sergey},
  booktitle={International Conference on Learning Representations},
   year={2021},
}

@article{schulman2017proximal,
  title={Proximal policy optimization algorithms},
  author={Schulman, John and Wolski, Filip and Dhariwal, Prafulla and Radford, Alec and Klimov, Oleg},
  journal={arXiv preprint arXiv:1707.06347},
  year={2017}
}


@article{rm2000intrinsic,
  title={Intrinsic and extrinsic motivations: Classic definitions and new directions},
  author={Rm, Ryan},
  journal={Contemporary educational psychology},
  volume={25},
  pages={54--67},
  year={2000}
}
@article{silvia2012curiosity,
  title={Curiosity and motivation},
  author={Silvia, Paul J},
  journal={The Oxford handbook of human motivation},
  pages={157--166},
  year={2012},
  publisher={Oxford University Press New York}
}


@article{jung2011empowerment,
  title={Empowerment for continuous agent—environment systems},
  author={Jung, Tobias and Polani, Daniel and Stone, Peter},
  journal={Adaptive Behavior},
  volume={19},
  number={1},
  pages={16--39},
  year={2011},
  publisher={SAGE Publications Sage UK: London, England}
}

@inproceedings{pathak2017curiosity,
  title={Curiosity-driven exploration by self-supervised prediction},
  author={Pathak, Deepak and Agrawal, Pulkit and Efros, Alexei A and Darrell, Trevor},
  booktitle={International conference on machine learning},
  pages={2778--2787},
  year={2017},
  organization={PMLR}
}

@inproceedings{pathak2019self,
  title={Self-supervised exploration via disagreement},
  author={Pathak, Deepak and Gandhi, Dhiraj and Gupta, Abhinav},
  booktitle={International conference on machine learning},
  pages={5062--5071},
  year={2019},
  organization={PMLR}
}
@inproceedings{pitis2020,
author = {Pitis, Silviu and Creager, Elliot and Garg, Animesh},
title = {Counterfactual Data Augmentation Using Locally Factored Dynamics},
year = {2020},
isbn = {9781713829546},
publisher = {Curran Associates Inc.},
address = {Red Hook, NY, USA},
booktitle = {Proceedings of the 34th International Conference on Neural Information Processing Systems},
articleno = {335},
numpages = {15},
location = {Vancouver, BC, Canada},
series = {NIPS'20}
}
s
@article{buesing2018woulda,
  title={Woulda, coulda, shoulda: Counterfactually-guided policy search},
  author={Buesing, Lars and Weber, Theophane and Zwols, Yori and Racaniere, Sebastien and Guez, Arthur and Lespiau, Jean-Baptiste and Heess, Nicolas},
  journal={arXiv preprint arXiv:1811.06272},
  year={2018}
}
@article{bareinboim2015bandits,
  title={Bandits with unobserved confounders: A causal approach},
  author={Bareinboim, Elias and Forney, Andrew and Pearl, Judea},
  journal={Advances in Neural Information Processing Systems},
  volume={28},
  year={2015}
}
@article{lu2018deconfounding,
  title={Deconfounding reinforcement learning in observational settings},
  author={Lu, Chaochao and Sch{\"o}lkopf, Bernhard and Hern{\'a}ndez-Lobato, Jos{\'e} Miguel},
  journal={arXiv preprint arXiv:1812.10576},
  year={2018}
}
@article{rezende2020causally,
  title={Causally correct partial models for reinforcement learning},
  author={Rezende, Danilo J and Danihelka, Ivo and Papamakarios, George and Ke, Nan Rosemary and Jiang, Ray and Weber, Theophane and Gregor, Karol and Merzic, Hamza and Viola, Fabio and Wang, Jane and others},
  journal={arXiv preprint arXiv:2002.02836},
  year={2020}
}