@inproceedings{10,
	location = {Cham},
	title = {Skills Requirements for Cyber Security Professionals: A Content Analysis of Job Descriptions in South Africa},
	booktitle = {Information Security},
	author = {Parker, Amaanullah and Brown, Irwin},
	date = {2019},
}

@inproceedings{12,
	location = {New York, {NY}, {USA}},
	title = {What Skills Do You Need to Work in Cyber Security? A Look at the Australian Market},
	booktitle = {Proceedings of the 2015 {ACM} {SIGMIS} Conference on Computers and People Research},
	author = {Potter, Leigh Ellen and Vickers, Gregory},
	date = {2015},
}

@inproceedings{15,
	title = {Exploration Study of Skillsets Needed in Cyber Security Field},
	booktitle = {International Conference on Information Technology and Multimedia ({ICIMU})},
	author = {Sohime, Fatin Hamizah and Ramli, Ramona and Rahim, Fiza Abdul and Bakar, Asmidar Abu},
	date = {2020},
}

@article{2,
  title={Effects of cyber security knowledge on attack detection},
  author={Ben-Asher, Noam and Gonzalez, Cleotilde},
  journal={Computers in Human Behavior},
  volume={48},
  pages={51--61},
  year={2015},
  publisher={Elsevier}
}

@article{29,
	title = {Key competencies for critical infrastructure cyber-security: a systematic literature review},
	journal = {Information \& Computer Security},
	author = {Chowdhury, Nabin et al.},
	year = {2021},
}

@article{3,
	title = {The Future Cybersecurity Workforce: Going Beyond Technical Skills for Successful Cyber Performance},
	journal = {Frontiers in Psychology},
	author = {Dawson, Jessica and Thomson, Robert},
	year = {2018},
}

@article{5,
	title = {The Core Cyber-Defense Knowledge, Skills, and Abilities That Cybersecurity Students Should Learn in School: Results from Interviews with Cybersecurity Professionals},
	journal = {Trans. Comput. Educ.},
	author = {Jones, Keith S. and Namin, Akbar Siami and Armstrong, Miriam E.},
	year = {2018},
}

@article{abbas2024robust,
  title={Robust partial least squares using low rank and sparse decomposition},
  author={Abbas, Farwa and Ahmad, Hussain},
  journal={arXiv preprint arXiv:2407.06936},
  year={2024}
}

@inproceedings{caulkins2019cybersecurity,
  title={Cybersecurity skills to address todayâ€™s threats},
  author={Caulkins, Bruce and Marlowe, Tiffani and Reardon, Ashley},
  booktitle={Human Factors in Cybersecurity},
  year={2019},
}

@incollection{daneva2019understanding,
  title={Understanding the most in-demand soft skills in requirements engineering practice: Insights from two focus groups},
  author={Daneva, Maya et al.},
  booktitle={EASE},
  year={2019}
}

@incollection{goel2018overview,
  title={Overview of smartphone security: Attack and defense techniques},
  author={Goel, Diksha and Jain, Ankit Kumar},
  booktitle={Computer and Cyber Security},
  pages={249--279},
  year={2018},
  publisher={Auerbach Publications}
}

@inproceedings{goel2021maintenance,
  title={Maintenance of structural hole spanners in dynamic networks},
  author={Goel, Diksha and Shen, Hong and Tian, Hui and Guo, Mingyu},
  booktitle={2021 IEEE 46th Conference on Local Computer Networks (LCN)},
  pages={339--342},
  year={2021},
  organization={IEEE}
}

@article{jain2024comprehensive,
  title={A comprehensive survey on DDoS detection, mitigation, and defense strategies in software-defined networks},
  author={Jain, Ankit Kumar and Shukla, Hariom and Goel, Diksha},
  journal={Cluster Computing},
  pages={1--36},
  year={2024},
  publisher={Springer}
}

@article{jerman2022cybersecurity,
  title={Cybersecurity skills among European high-school students: A new approach in the design of sustainable educational development in cybersecurity},
  author={Jerman Bla{\v{z}}i{\v{c}}, Borka and Jerman Bla{\v{z}}i{\v{c}}, Andrej},
  journal={Sustainability},
  volume={14},
  number={8},
  pages={4763},
  year={2022},
  publisher={MDPI}
}

@article{khaouja2021survey,
  title={A survey on skill identification from online job ads},
  author={Khaouja, Imane and Kassou, Ismail and Ghogho, Mounir},
  journal={IEEE Access},
  volume={9},
  pages={118134--118153},
  year={2021},
  publisher={IEEE}
}

@article{matturro2019systematic,
  title={A Systematic Mapping Study on Soft Skills in Software Engineering.},
  author={Matturro, Gerardo and Raschetti, Florencia and Font{\'a}n, Carina},
  journal={J. Univers. Comput. Sci.},
  year={2019}
}

@article{peslak2019cybersecurity,
  title={What is cybersecurity and what cybersecurity skills are employers seeking?},
  author={Peslak, Alan and Hunsinger, D Scott},
  journal={Issues in Information Systems},
  volume={20},
  number={2},
  year={2019}
}

