@article{alayrac2022flamingo,
  title={Flamingo: a visual language model for few-shot learning},
  author={Alayrac, Jean-Baptiste and Donahue, Jeff and Luc, Pauline and Miech, Antoine and Barr, Iain and Hasson, Yana and Lenc, Karel and Mensch, Arthur and Millican, Katherine and Reynolds, Malcolm and others},
  journal={Advances in neural information processing systems},
  volume={35},
  pages={23716--23736},
  year={2022}
}

@inproceedings{azuma2022scanqa,
  title={Scanqa: 3d question answering for spatial scene understanding},
  author={Azuma, Daichi and Miyanishi, Taiki and Kurita, Shuhei and Kawanabe, Motoaki},
  booktitle={proceedings of the IEEE/CVF conference on computer vision and pattern recognition},
  pages={19129--19139},
  year={2022}
}

@article{choudhary2023talk2bev,
  title={Talk2bev: Language-enhanced bird's-eye view maps for autonomous driving},
  author={Choudhary, Tushar and Dewangan, Vikrant and Chandhok, Shivam and Priyadarshan, Shubham and Jain, Anushka and Singh, Arun K and Srivastava, Siddharth and Jatavallabhula, Krishna Murthy and Krishna, K Madhava},
  journal={arXiv preprint arXiv:2310.02251},
  year={2023}
}

@inproceedings{das2018embodied,
  title={Embodied question answering},
  author={Das, Abhishek and Datta, Samyak and Gkioxari, Georgia and Lee, Stefan and Parikh, Devi and Batra, Dhruv},
  booktitle={Proceedings of the IEEE conference on computer vision and pattern recognition},
  pages={1--10},
  year={2018}
}

@article{fukui2016multimodal,
  title={Multimodal compact bilinear pooling for visual question answering and visual grounding},
  author={Fukui, Akira and Park, Dong Huk and Yang, Daylen and Rohrbach, Anna and Darrell, Trevor and Rohrbach, Marcus},
  journal={arXiv preprint arXiv:1606.01847},
  year={2016}
}

@inproceedings{goyal2017making,
  title={Making the v in vqa matter: Elevating the role of image understanding in visual question answering},
  author={Goyal, Yash and Khot, Tejas and Summers-Stay, Douglas and Batra, Dhruv and Parikh, Devi},
  booktitle={Proceedings of the IEEE conference on computer vision and pattern recognition},
  pages={6904--6913},
  year={2017}
}

@inproceedings{jang2017tgif,
  title={Tgif-qa: Toward spatio-temporal reasoning in visual question answering},
  author={Jang, Yunseok and Song, Yale and Yu, Youngjae and Kim, Youngjin and Kim, Gunhee},
  booktitle={Proceedings of the IEEE conference on computer vision and pattern recognition},
  pages={2758--2766},
  year={2017}
}

@inproceedings{johnson2017clevr,
  title={Clevr: A diagnostic dataset for compositional language and elementary visual reasoning},
  author={Johnson, Justin and Hariharan, Bharath and Van Der Maaten, Laurens and Fei-Fei, Li and Lawrence Zitnick, C and Girshick, Ross},
  booktitle={Proceedings of the IEEE conference on computer vision and pattern recognition},
  pages={2901--2910},
  year={2017}
}

@article{lei2018tvqa,
  title={Tvqa: Localized, compositional video question answering},
  author={Lei, Jie and Yu, Licheng and Bansal, Mohit and Berg, Tamara L},
  journal={arXiv preprint arXiv:1809.01696},
  year={2018}
}

@inproceedings{li2023blip,
  title={Blip-2: Bootstrapping language-image pre-training with frozen image encoders and large language models},
  author={Li, Junnan and Li, Dongxu and Savarese, Silvio and Hoi, Steven},
  booktitle={International conference on machine learning},
  pages={19730--19742},
  year={2023},
  organization={PMLR}
}

@article{lin2023video,
  title={Video-llava: Learning united visual representation by alignment before projection},
  author={Lin, Bin and Ye, Yang and Zhu, Bin and Cui, Jiaxi and Ning, Munan and Jin, Peng and Yuan, Li},
  journal={arXiv preprint arXiv:2311.10122},
  year={2023}
}

@inproceedings{liu2024improved,
  title={Improved baselines with visual instruction tuning},
  author={Liu, Haotian and Li, Chunyuan and Li, Yuheng and Lee, Yong Jae},
  booktitle={Proceedings of the IEEE/CVF Conference on Computer Vision and Pattern Recognition},
  pages={26296--26306},
  year={2024}
}

@article{ma2022sqa3d,
  title={Sqa3d: Situated question answering in 3d scenes},
  author={Ma, Xiaojian and Yong, Silong and Zheng, Zilong and Li, Qing and Liang, Yitao and Zhu, Song-Chun and Huang, Siyuan},
  journal={arXiv preprint arXiv:2210.07474},
  year={2022}
}

@article{tan2019lxmert,
  title={Lxmert: Learning cross-modality encoder representations from transformers},
  author={Tan, Hao and Bansal, Mohit},
  journal={arXiv preprint arXiv:1908.07490},
  year={2019}
}

@article{tian2024drivevlm,
  title={Drivevlm: The convergence of autonomous driving and large vision-language models},
  author={Tian, Xiaoyu and Gu, Junru and Li, Bailin and Liu, Yicheng and Wang, Yang and Zhao, Zhiyong and Zhan, Kun and Jia, Peng and Lang, Xianpeng and Zhao, Hang},
  journal={arXiv preprint arXiv:2402.12289},
  year={2024}
}

@article{wu2023language,
  title={Language prompt for autonomous driving},
  author={Wu, Dongming and Han, Wencheng and Wang, Tiancai and Liu, Yingfei and Zhang, Xiangyu and Shen, Jianbing},
  journal={arXiv preprint arXiv:2309.04379},
  year={2023}
}

@article{xu2024drivegpt4,
  title={Drivegpt4: Interpretable end-to-end autonomous driving via large language model},
  author={Xu, Zhenhua and Zhang, Yujia and Xie, Enze and Zhao, Zhen and Guo, Yong and Wong, Kwan-Yee K and Li, Zhenguo and Zhao, Hengshuang},
  journal={IEEE Robotics and Automation Letters},
  year={2024},
  publisher={IEEE}
}

@article{ye2022visatlas,
  title={VISAtlas: An image-based exploration and query system for large visualization collections via neural image embedding},
  author={Ye, Yilin and Huang, Rong and Zeng, Wei},
  journal={IEEE Transactions on Visualization and Computer Graphics},
  year={2022},
  publisher={IEEE}
}

@inproceedings{yu2019activitynet,
  title={Activitynet-qa: A dataset for understanding complex web videos via question answering},
  author={Yu, Zhou and Xu, Dejing and Yu, Jun and Yu, Ting and Zhao, Zhou and Zhuang, Yueting and Tao, Dacheng},
  booktitle={Proceedings of the AAAI Conference on Artificial Intelligence},
  volume={33},
  number={01},
  pages={9127--9134},
  year={2019}
}

@article{yuan2024rag,
  title={Rag-driver: Generalisable driving explanations with retrieval-augmented in-context learning in multi-modal large language model},
  author={Yuan, Jianhao and Sun, Shuyang and Omeiza, Daniel and Zhao, Bo and Newman, Paul and Kunze, Lars and Gadd, Matthew},
  journal={arXiv preprint arXiv:2402.10828},
  year={2024}
}

@inproceedings{zhang2021vinvl,
  title={Vinvl: Revisiting visual representations in vision-language models},
  author={Zhang, Pengchuan and Li, Xiujun and Hu, Xiaowei and Yang, Jianwei and Zhang, Lei and Wang, Lijuan and Choi, Yejin and Gao, Jianfeng},
  booktitle={Proceedings of the IEEE/CVF conference on computer vision and pattern recognition},
  pages={5579--5588},
  year={2021}
}

@article{zhang2023video,
  title={Video-llama: An instruction-tuned audio-visual language model for video understanding},
  author={Zhang, Hang and Li, Xin and Bing, Lidong},
  journal={arXiv preprint arXiv:2306.02858},
  year={2023}
}

@article{zhu2023minigpt,
  title={Minigpt-4: Enhancing vision-language understanding with advanced large language models},
  author={Zhu, Deyao and Chen, Jun and Shen, Xiaoqian and Li, Xiang and Elhoseiny, Mohamed},
  journal={arXiv preprint arXiv:2304.10592},
  year={2023}
}

