
\cite{dhariwal2021diffusion,graikos2022diffusion,ho2020denoising,saharia2022photorealistic,song2021denoising}

% DDPM
@article{ho2020denoising,
  title={Denoising diffusion probabilistic models},
  author={Ho, Jonathan and Jain, Ajay and Abbeel, Pieter},
  journal={Advances in neural information processing systems},
  volume={33},
  pages={6840--6851},
  year={2020}
}

@inproceedings{
graikos2022diffusion,
title={Diffusion Models as Plug-and-Play Priors},
author={Alexandros Graikos and Nikolay Malkin and Nebojsa Jojic and Dimitris Samaras},
booktitle={Advances in Neural Information Processing Systems},
year={2022},
}

@inproceedings{
song2021denoising,
title={Denoising Diffusion Implicit Models},
author={Jiaming Song and Chenlin Meng and Stefano Ermon},
booktitle={International Conference on Learning Representations},
year={2021},
}

%text to image
@inproceedings{gafni2022make,
  title={Make-a-scene:Scene-based text-to-image generation with human priors},
  author={Gafni, Oran and Polyak, Adam and Ashual, Oron and Sheynin, Shelly and Parikh, Devi and Taigman, Yaniv},
  booktitle={European Conference on Computer Vision},
  pages={89--106},
  year={2022},
}

@article{Ramesh:2022esg,
  title={Hierarchical Text-Conditional Image Generation with CLIP Latents},
  author={Aditya Ramesh and Prafulla Dhariwal and Alex Nichol and Casey Chu and Mark Chen},
  journal={ArXiv},
  year={2022},
  volume={abs/2204.06125},
}

@InProceedings{shirakawa2024noisecollage,
    author    = {Shirakawa, Takahiro and Uchida, Seiichi},
    title     = {NoiseCollage: A Layout-Aware Text-to-Image Diffusion Model Based on Noise Cropping and Merging},
    booktitle = {Proceedings of the IEEE/CVF Conference on Computer Vision and Pattern Recognition},
    year      = {2024},
    pages     = {8921-8930}
}



% palette
@inproceedings{saharia2022palette,
  title={Palette: Image-to-image diffusion models},
  author={Saharia, Chitwan and Chan, William and Chang, Huiwen and Lee, Chris and Ho, Jonathan and Salimans, Tim and Fleet, David and Norouzi, Mohammad},
  booktitle={ACM SIGGRAPH 2022 conference proceedings},
  pages={1--10},
  year={2022}
}

% sr3
@article{saharia2022image,
  title={Image super-resolution via iterative refinement},
  author={Saharia, Chitwan and Ho, Jonathan and Chan, William and Salimans, Tim and Fleet, David J and Norouzi, Mohammad},
  journal={IEEE transactions on pattern analysis and machine intelligence},
  volume={45},
  number={4},
  pages={4713--4726},
  year={2022},
  publisher={IEEE}
}

% ddpm-med-seg
@inproceedings{rahman2023ambiguous,
  title={Ambiguous medical image segmentation using diffusion models},
  author={Rahman, Aimon and Valanarasu, Jeya and Maria, Jose and Hacihaliloglu, Ilker and Patel, Vishal M},
  booktitle={Proceedings of the IEEE/CVF Conference on Computer Vision and Pattern Recognition},
  pages={11536--11546},
  year={2023}
}

% dncnn
@article{zhang2017beyond,
  title={Beyond a gaussian denoiser: Residual learning of deep cnn for image denoising},
  author={Zhang, Kai and Zuo, Wangmeng and Chen, Yunjin and Meng, Deyu and Zhang, Lei},
  journal={IEEE transactions on image processing},
  volume={26},
  number={7},
  pages={3142--3155},
  year={2017},
  publisher={IEEE}
}

% restormer
@inproceedings{zamir2022restormer,
  title={Restormer: Efficient transformer for high-resolution image restoration},
  author={Zamir, Syed Waqas and Arora, Aditya and Khan, Salman and Hayat, Munawar and Khan, Fahad Shahbaz and Yang, Ming-Hsuan},
  booktitle={Proceedings of the IEEE/CVF conference on computer vision and pattern recognition},
  pages={5728--5739},
  year={2022}
}

% ir-sde
@InProceedings{pmlr-v202-luo23b,
  title = 	 {Image Restoration with Mean-Reverting Stochastic Differential Equations},
  author =       {Luo, Ziwei and Gustafsson, Fredrik K. and Zhao, Zheng and Sj\"{o}lund, Jens and Sch\"{o}n, Thomas B.},
  booktitle = 	 {Proceedings of the 40th International Conference on Machine Learning},
  pages = 	 {23045--23066},
  volume={202},
  year = 	 {2023},
}

% classifier guidance
@article{dhariwal2021diffusion,
  title={Diffusion models beat gans on image synthesis},
  author={Dhariwal, Prafulla and Nichol, Alexander},
  journal={Advances in neural information processing systems},
  volume={34},
  pages={8780--8794},
  year={2021}
}

@inproceedings{
song2021scorebased,
title={Score-Based Generative Modeling through Stochastic Differential Equations},
author={Yang Song and Jascha Sohl-Dickstein and Diederik P Kingma and Abhishek Kumar and Stefano Ermon and Ben Poole},
booktitle={International Conference on Learning Representations},
year={2021},
}

@inproceedings{
s2021glide,
title={Glide: Towards photorealistic image generation and editing
with text-guided diffusion models},
author={Alex Nichol and Prafulla Dhariwal and Aditya Ramesh and Pranav Shyam and Pamela Mishkin and Bob McGrew and Ilya Sutskever and Mark Chen},
booktitle={International Conference on Machine Learning},
year={2022}
}

@inproceedings{
bansal2024universal,
title={Universal Guidance for Diffusion Models},
author={Arpit Bansal and Hong-Min Chu and Avi Schwarzschild and Soumyadip Sengupta and Micah Goldblum and Jonas Geiping and Tom Goldstein},
booktitle={The Twelfth International Conference on Learning Representations},
year={2024},
}

@INPROCEEDINGS {10484388,
author = {Minghao Chen, Iro Laina, Andrea Vedaldi},
booktitle = {IEEE/CVF Winter Conference on Applications of Computer Vision},
title = {Training-Free Layout Control with Cross-Attention Guidance},
year = {2024},
pages = {5331-5341},
keywords = {training;visualization;computer vision;layout;semantics;noise;benchmark testing},
}

@InProceedings{hu2023selfguided,
    author = {Hu, Vincent Tao and Zhang, David W. and Asano, Yuki M. and Burghouts, Gertjan J. and Snoek, Cees G. M.},
    title     = {Self-Guided Diffusion Models},
    booktitle = {Proceedings of the IEEE/CVF Conference on Computer Vision and Pattern Recognition},
    year      = {2023},
    pages     = {18413-18422}
}



% medical diffusion
@ARTICLE{corediff10268250,
  author={Gao, Qi and Li, Zilong and Zhang, Junping and Zhang, Yi and Shan, Hongming},
  journal={IEEE Transactions on Medical Imaging}, 
  title={CoreDiff: Contextual Error-Modulated Generalized Diffusion Model for Low-Dose CT Denoising and Generalization}, 
  volume={43},
  number={2},
  pages={745-759},
  keywords={Computed tomography;Noise reduction;Degradation;Image restoration;Diffusion processes;Context modeling;Computational modeling;Low-dose CT;denoising;diffusion model;one-shot learning},
  year={2024},
  }

@inproceedings{ultra10.1007/978-3-031-53767-7_19,
author = {Zhang, Yuxin and Huneau, Cl\'{e}ment and Idier, J\'{e}r\^{o}me and Mateus, Diana},
title = {Ultrasound Image Reconstruction with Denoising Diffusion Restoration Models},
booktitle = {Deep Generative Models: Third MICCAI Workshop},
pages = {193â€“203},
numpages = {11},
keywords = {Ultrasound imaging, Inverse Problems, Diffusion models},
year = {2023},

}
#url = {https://doi.org/10.1007/978-3-031-53767-7_19},
#doi = {10.1007/978-3-031-53767-7_19},

@InProceedings{pet10.1007/978-3-031-43907-0_26,
author= {Shen, Chenyu
and Yang, Ziyuan
and Zhang, Yi},

title={ PET Image Denoising with Score-Based Diffusion Probabilistic Models},
booktitle="Medical Image Computing and Computer Assisted Intervention",
pages="270--278",
year="2023",

}



% classifier free guidance
@inproceedings{
ho2021classifierfree,
title="Classifier-Free Diffusion Guidance",
author={Jonathan Ho and Tim Salimans},
booktitle={NeurIPS 2021 Workshop on Deep Generative Models and Downstream Applications},
year={2021},
}

% ldm
@inproceedings{rombach2022high,
  title={High-resolution image synthesis with latent diffusion models},
  author={Rombach, Robin and Blattmann, Andreas and Lorenz, Dominik and Esser, Patrick and Ommer, Bj{\"o}rn},
  booktitle={Proceedings of the IEEE/CVF conference on computer vision and pattern recognition},
  pages={10684--10695},
  year={2022}
}

# consistency model
@inproceedings{Song2023ConsistencyM,
  title={Consistency Models},
  author={Yang Song and Prafulla Dhariwal and Mark Chen and Ilya Sutskever},
  booktitle={International Conference on Machine Learning},
  year={2023},
}

@inproceedings{
song2024improved,
title={Improved Techniques for Training Consistency Models},
author={Yang Song and Prafulla Dhariwal},
booktitle={The Twelfth International Conference on Learning Representations},
year={2024},

}

@inproceedings{
liu2023flow,
title={Flow Straight and Fast: Learning to Generate and Transfer Data with Rectified Flow},
author={Xingchao, Liu and Chengyue, Gong and Qiang, Liu},
booktitle={The Eleventh International Conference on Learning Representations },
year={2023},

}

% imagen
@article{saharia2022photorealistic,
  title={Photorealistic text-to-image diffusion models with deep language understanding},
  author={Saharia, Chitwan and Chan, William and Saxena, Saurabh and Li, Lala and Whang, Jay and Denton, Emily L and Ghasemipour, Kamyar and Gontijo Lopes, Raphael and Karagol Ayan, Burcu and Salimans, Tim and others},
  journal={Advances in neural information processing systems},
  volume={35},
  pages={36479--36494},
  year={2022}
}

% percep
@inproceedings{choi2022perception,
  title={Perception prioritized training of diffusion models},
  author={Choi, Jooyoung and Lee, Jungbeom and Shin, Chaehun and Kim, Sungwon and Kim, Hyunwoo and Yoon, Sungroh},
  booktitle={Proceedings of the IEEE/CVF Conference on Computer Vision and Pattern Recognition},
  pages={11472--11481},
  year={2022}
}

%asyrp
@inproceedings{
diffusion2023,
title={Diffusion Models Already Have A Semantic Latent Space},
author={Mingi Kwon and Jaeseok Jeong and Youngjung Uh},
booktitle={The Eleventh International Conference on Learning Representations },
year={2023},
}

%U-net
@inproceedings{Ronneberger2015,
  title={U-net: Convolutional networks for biomedical image segmentation},
  author={Ronneberger, Olaf and Fischer, Philipp and Brox, Thomas},
  booktitle={Medical Image Computing and Computer Assisted Intervention},
  pages={234--241},
  year={2015}
}


% PAI
@article{li2009photoacoustic,
  title={Photoacoustic tomography and sensing in biomedicine},
  author={Li, Changhui and Wang, Lihong V},
  journal={Physics in Medicine \& Biology},
  volume={54},
  number={19},
  pages={R59},
  year={2009},
  publisher={IOP Publishing}
}

@InProceedings{biseMiccai2016,
author="Bise, Ryoma
and Zheng, Yingqiang
and Sato, Imari
and Toi, Masakazu",
title="Vascular Registration in Photoacoustic Imaging by Low-Rank Alignment via Foreground, Background and Complement Decomposition",
booktitle="Medical Image Computing and Computer-Assisted Intervention",
pages="326--334",
year="2016",
}


@InProceedings{asanomiMiccai2022,
author="Asanomi, Takanori
and Nishimura, Kazuya
and Song, Heon
and Hayashida, Junya
and Sekiguchi, Hiroyuki
and Yagi, Takayuki
and Sato, Imari
and Bise, Ryoma",
title="Unsupervised Deep Non-rigid Alignment by Low-Rank Loss and Multi-input Attention",
booktitle="Medical Image Computing and Computer Assisted Intervention",
year="2022",
pages="185--195",
}

@INPROCEEDINGS{BiseR2016vessel,
  author={Bise, Ryoma and Imari, Sato and Kentaro, Kajiya and Toyonobu, Yamashita},
  booktitle={IEEE Conference on Computer Vision and Pattern Recognition Workshops (CVMI)}, 
  title={3D structure modeling of dense capillaries by multi-objects tracking}, 
  year={2016},
  volume={},
  number={},
  pages={29-37},
}

@article{SaitoS2019,
  title={Digital artery deformation on movement of the proximal interphalangeal joint},
  author={Susumu, Saito and Ryoma, Bise and Aya, Yoshikawa and Hiroyuki, Sekiguchi and Itaru, Tsuge and Masakazu, Toi},
  journal={Journal of Hand Surgery (European Volume)},
  volume={44},
  number={2},
  pages={187--195},
  year={2019},
  publisher={SAGE Publications}
}

@inproceedings{kikkawa2019ssl,
  title={Semi-Supervised Learning with Structured Knowledge for Body Hair Detection in Photoacoustic Image},
  author={Kikkawa, Ryo and Sekiguchi, Hiroyuki and Tsuge, Itaru and Saito, Susumu and Bise, Ryoma},
  booktitle={ISBI},
  year={2019}
}

@INPROCEEDINGS{KikkawaR2021,
  author={Kikkawa, Ryo and others},
  booktitle={2021 43rd Annual International Conference of the IEEE Engineering in Medicine \& Biology Society (EMBC)}, 
  title={Unsupervised Body Hair Detection by Positive-Unlabeled Learning in Photoacoustic Image}, 
  year={2021},
  volume={},
  number={},
  pages={3349-3352},
}



