@misc{essakineWhereWeStand2024,
  title = {Where {{Do We Stand}} with {{Implicit Neural Representations}}? {{A Technical}} and {{Performance Survey}}},
  shorttitle = {Where {{Do We Stand}} with {{Implicit Neural Representations}}?},
  author = {Essakine, Amer and Cheng, Yanqi and Cheng, Chun-Wun and Zhang, Lipei and Deng, Zhongying and Zhu, Lei and Sch{\"o}nlieb, Carola-Bibiane and {Aviles-Rivero}, Angelica I.},
  year = {2024},
  month = nov,
  number = {arXiv:2411.03688},
  eprint = {2411.03688},
  primaryclass = {cs},
  publisher = {arXiv},
  doi = {10.48550/arXiv.2411.03688},
}

@article{gainzaDecipheringInteractionFingerprints2020,
  title = {Deciphering Interaction Fingerprints from Protein Molecular Surfaces Using Geometric Deep Learning},
  author = {Gainza, P. and Sverrisson, F. and Monti, F. and Rodol{\`a}, E. and Boscaini, D. and Bronstein, M. M. and Correia, B. E.},
  year = {2020},
  month = feb,
  journal = {Nature Methods},
  volume = {17},
  number = {2},
  pages = {184--192},
  publisher = {Nature Publishing Group},
  issn = {1548-7105},
  doi = {10.1038/s41592-019-0666-6},
}

@misc{kilgourMultiTypePointCloud2024,
  title = {Multi-{{Type Point Cloud Autoencoder}}: {{A Complete Equivariant Embedding}} for {{Molecule Conformation}} and {{Pose}}},
  shorttitle = {Multi-{{Type Point Cloud Autoencoder}}},
  author = {Kilgour, Michael and Tuckerman, Mark and Rogal, Jutta},
  year = {2024},
  month = jul,
  number = {arXiv:2405.13791},
  eprint = {2405.13791},
  primaryclass = {cs},
  publisher = {arXiv},
  doi = {10.48550/arXiv.2405.13791},
}

@misc{mehtaModulatedPeriodicActivations2021,
  title = {Modulated {{Periodic Activations}} for {{Generalizable Local Functional Representations}}},
  author = {Mehta, Ishit and Gharbi, Micha{\"e}l and Barnes, Connelly and Shechtman, Eli and Ramamoorthi, Ravi and Chandraker, Manmohan},
  year = {2021},
  month = apr,
  number = {arXiv:2104.03960},
  eprint = {2104.03960},
  primaryclass = {cs},
  publisher = {arXiv},
  doi = {10.48550/arXiv.2104.03960},
}

@article{moon3DGraphContrastive2023,
  title = {{{3D}} Graph Contrastive Learning for Molecular Property Prediction},
  author = {Moon, Kisung and Im, Hyeon-Jin and Kwon, Sunyoung},
  year = {2023},
  month = jun,
  journal = {Bioinformatics},
  volume = {39},
  number = {6},
  pages = {btad371},
  issn = {1367-4811},
  doi = {10.1093/bioinformatics/btad371},
}

@misc{sitzmannImplicitNeuralRepresentations2020,
  title = {Implicit {{Neural Representations}} with {{Periodic Activation Functions}}},
  author = {Sitzmann, Vincent and Martel, Julien N. P. and Bergman, Alexander W. and Lindell, David B. and Wetzstein, Gordon},
  year = {2020},
  month = jun,
  number = {arXiv:2006.09661},
  eprint = {2006.09661},
  primaryclass = {cs, eess},
  publisher = {arXiv},
  doi = {10.48550/arXiv.2006.09661},
}

@inproceedings{zhouUniMolUniversal3D2022,
  title = {Uni-{{Mol}}: {{A Universal 3D Molecular Representation Learning Framework}}},
  shorttitle = {Uni-{{Mol}}},
  booktitle = {The {{Eleventh International Conference}} on {{Learning Representations}}},
  author = {Zhou, Gengmo and Gao, Zhifeng and Ding, Qiankun and Zheng, Hang and Xu, Hongteng and Wei, Zhewei and Zhang, Linfeng and Ke, Guolin},
  year = {2022},
  month = sep,
}

