@misc{sitzmannImplicitNeuralRepresentations2020,
  title = {Implicit {{Neural Representations}} with {{Periodic Activation Functions}}},
  author = {Sitzmann, Vincent and Martel, Julien N. P. and Bergman, Alexander W. and Lindell, David B. and Wetzstein, Gordon},
  year = {2020},
  month = jun,
  number = {arXiv:2006.09661},
  eprint = {2006.09661},
  primaryclass = {cs, eess},
  publisher = {arXiv},
  doi = {10.48550/arXiv.2006.09661},
}

@misc{mehtaModulatedPeriodicActivations2021,
  title = {Modulated {{Periodic Activations}} for {{Generalizable Local Functional Representations}}},
  author = {Mehta, Ishit and Gharbi, Micha{\"e}l and Barnes, Connelly and Shechtman, Eli and Ramamoorthi, Ravi and Chandraker, Manmohan},
  year = {2021},
  month = apr,
  number = {arXiv:2104.03960},
  eprint = {2104.03960},
  primaryclass = {cs},
  publisher = {arXiv},
  doi = {10.48550/arXiv.2104.03960},
}

@misc{kilgourMultiTypePointCloud2024,
  title = {Multi-{{Type Point Cloud Autoencoder}}: {{A Complete Equivariant Embedding}} for {{Molecule Conformation}} and {{Pose}}},
  shorttitle = {Multi-{{Type Point Cloud Autoencoder}}},
  author = {Kilgour, Michael and Tuckerman, Mark and Rogal, Jutta},
  year = {2024},
  month = jul,
  number = {arXiv:2405.13791},
  eprint = {2405.13791},
  primaryclass = {cs},
  publisher = {arXiv},
  doi = {10.48550/arXiv.2405.13791},
}

@article{gainzaDecipheringInteractionFingerprints2020,
  title = {Deciphering Interaction Fingerprints from Protein Molecular Surfaces Using Geometric Deep Learning},
  author = {Gainza, P. and Sverrisson, F. and Monti, F. and Rodol{\`a}, E. and Boscaini, D. and Bronstein, M. M. and Correia, B. E.},
  year = {2020},
  month = feb,
  journal = {Nature Methods},
  volume = {17},
  number = {2},
  pages = {184--192},
  publisher = {Nature Publishing Group},
  issn = {1548-7105},
  doi = {10.1038/s41592-019-0666-6},
}

@article{moon3DGraphContrastive2023,
  title = {{{3D}} Graph Contrastive Learning for Molecular Property Prediction},
  author = {Moon, Kisung and Im, Hyeon-Jin and Kwon, Sunyoung},
  year = {2023},
  month = jun,
  journal = {Bioinformatics},
  volume = {39},
  number = {6},
  pages = {btad371},
  issn = {1367-4811},
  doi = {10.1093/bioinformatics/btad371},
}

@inproceedings{zhouUniMolUniversal3D2022,
  title = {Uni-{{Mol}}: {{A Universal 3D Molecular Representation Learning Framework}}},
  shorttitle = {Uni-{{Mol}}},
  booktitle = {The {{Eleventh International Conference}} on {{Learning Representations}}},
  author = {Zhou, Gengmo and Gao, Zhifeng and Ding, Qiankun and Zheng, Hang and Xu, Hongteng and Wei, Zhewei and Zhang, Linfeng and Ke, Guolin},
  year = {2022},
  month = sep,
}

@article{parkMultimodalConditionalDiffusion2025a,
  title = {Multi-Modal Conditional Diffusion Model Using Signed Distance Functions for Metal-Organic Frameworks Generation},
  author = {Park, Junkil and Lee, Youhan and Kim, Jihan},
  year = {2025},
  month = jan,
  journal = {Nature Communications},
  volume = {16},
  number = {1},
  pages = {34},
  publisher = {Nature Publishing Group},
  issn = {2041-1723},
  doi = {10.1038/s41467-024-55390-9},
}

@misc{heExplainingGraphNeural2024,
  title = {Explaining {{Graph Neural Networks}} with {{Large Language Models}}: {{A Counterfactual Perspective}} for {{Molecular Property Prediction}}},
  shorttitle = {Explaining {{Graph Neural Networks}} with {{Large Language Models}}},
  author = {He, Yinhan and Zheng, Zaiyi and Soga, Patrick and Zhu, Yaozhen and Dong, yushun and Li, Jundong},
  year = {2024},
  month = oct,
  number = {arXiv:2410.15165},
  eprint = {2410.15165},
  primaryclass = {cs},
  publisher = {arXiv},
  doi = {10.48550/arXiv.2410.15165},
}

@article{serraLinearRegressionComputational2001,
  title = {Linear {{Regression}} and {{Computational Neural Network Prediction}} of {{Tetrahymena Acute Toxicity}} for {{Aromatic Compounds}} from {{Molecular Structure}}},
  author = {Serra, J. R. and Jurs, P. C. and Kaiser, K. L. E.},
  year = {2001},
  month = nov,
  journal = {Chemical Research in Toxicology},
  volume = {14},
  number = {11},
  pages = {1535--1545},
  publisher = {American Chemical Society},
  issn = {0893-228X},
  doi = {10.1021/tx010101q},
}

@article{lombardiNeuralVolumesLearning2019,
  title = {Neural {{Volumes}}: {{Learning Dynamic Renderable Volumes}} from {{Images}}},
  shorttitle = {Neural {{Volumes}}},
  author = {Lombardi, Stephen and Simon, Tomas and Saragih, Jason and Schwartz, Gabriel and Lehrmann, Andreas and Sheikh, Yaser},
  year = {2019},
  month = aug,
  journal = {ACM Transactions on Graphics},
  volume = {38},
  number = {4},
  eprint = {1906.07751},
  primaryclass = {cs},
  pages = {1--14},
  issn = {0730-0301, 1557-7368},
  doi = {10.1145/3306346.3323020},

}

@misc{sitzmannDeepVoxelsLearningPersistent2019,
  title = {{{DeepVoxels}}: {{Learning Persistent 3D Feature Embeddings}}},
  shorttitle = {{{DeepVoxels}}},
  author = {Sitzmann, Vincent and Thies, Justus and Heide, Felix and Nie{\ss}ner, Matthias and Wetzstein, Gordon and Zollh{\"o}fer, Michael},
  year = {2019},
  month = apr,
  number = {arXiv:1812.01024},
  eprint = {1812.01024},
  primaryclass = {cs},
  publisher = {arXiv},
  doi = {10.48550/arXiv.1812.01024},
}

@misc{jiangLocalImplicitGrid2020,
  title = {Local {{Implicit Grid Representations}} for {{3D Scenes}}},
  author = {Jiang, Chiyu Max and Sud, Avneesh and Makadia, Ameesh and Huang, Jingwei and Nie{\ss}ner, Matthias and Funkhouser, Thomas},
  year = {2020},
  month = mar,
  number = {arXiv:2003.08981},
  eprint = {2003.08981},
  primaryclass = {cs},
  publisher = {arXiv},
  doi = {10.48550/arXiv.2003.08981},
}

@article{wangDeepLearningImage2021,
  title = {Deep {{Learning}} for {{Image Super-Resolution}}: {{A Survey}}},
  shorttitle = {Deep {{Learning}} for {{Image Super-Resolution}}},
  author = {Wang, Zhihao and Chen, Jian and Hoi, Steven C. H.},
  year = {2021},
  month = oct,
  journal = {IEEE Transactions on Pattern Analysis and Machine Intelligence},
  volume = {43},
  number = {10},
  pages = {3365--3387},
  issn = {1939-3539},
  doi = {10.1109/TPAMI.2020.2982166},
}

@misc{essakineWhereWeStand2024,
  title = {Where {{Do We Stand}} with {{Implicit Neural Representations}}? {{A Technical}} and {{Performance Survey}}},
  shorttitle = {Where {{Do We Stand}} with {{Implicit Neural Representations}}?},
  author = {Essakine, Amer and Cheng, Yanqi and Cheng, Chun-Wun and Zhang, Lipei and Deng, Zhongying and Zhu, Lei and Sch{\"o}nlieb, Carola-Bibiane and {Aviles-Rivero}, Angelica I.},
  year = {2024},
  month = nov,
  number = {arXiv:2411.03688},
  eprint = {2411.03688},
  primaryclass = {cs},
  publisher = {arXiv},
  doi = {10.48550/arXiv.2411.03688},
}
