@article{Crane:2013:RFC,
author = {Crane, Keenan and Pinkall, Ulrich and Schr\"{o}der, Peter},
title = {Robust Fairing via Conformal Curvature Flow},
journal = tog,
volume = {32},
number = {4},
year = {2013},
publisher = {ACM},
address = {New York, NY, USA},
}

@article{Soliman:2018:OCS,
author = {Soliman, Yousuf and Slep\v{c}ev, Dejan and Crane, Keenan},
title = {Optimal Cone Singularities for Conformal Flattening},
journal = tog,
volume = {37},
number = {4},
year = {2018},
publisher = {ACM},
address = {New York, NY, USA},
}

@inproceedings{boscaini2016learning,
  title={Learning shape correspondence with anisotropic convolutional neural networks},
  author={Boscaini, Davide and Masci, Jonathan and Rodol{\`a}, Emanuele and Bronstein, Michael},
  booktitle=nips,
  pages={3189--3197},
  year={2016}
}

@inproceedings{bouritsas2019neural,
  title={Neural 3d morphable models: Spiral convolutional networks for 3d shape representation learning and generation},
  author={Bouritsas, Giorgos and Bokhnyak, Sergiy and Ploumpis, Stylianos and Bronstein, Michael and Zafeiriou, Stefanos},
  booktitle=iccv,
  pages={7213--7222},
  year={2019}
}

@article{bronstein2017geometric,
  title={Geometric deep learning: going beyond euclidean data},
  author={Bronstein, Michael M and Bruna, Joan and LeCun, Yann and Szlam, Arthur and Vandergheynst, Pierre},
  journal={IEEE Signal Processing Magazine},
  volume={34},
  number={4},
  pages={18--42},
  year={2017},
  publisher={IEEE}
}

@article{choi2015fast,
  title={Fast disk conformal parameterization of simply-connected open surfaces},
  author={Choi, Pui Tung and Lui, Lok Ming},
  journal={Journal of Scientific Computing},
  volume={65},
  number={3},
  pages={1065--1090},
  year={2015},
  publisher={Springer}
}

@inproceedings{dai2017deformable,
  title={Deformable convolutional networks},
  author={Dai, Jifeng and Qi, Haozhi and Xiong, Yuwen and Li, Yi and Zhang, Guodong and Hu, Han and Wei, Yichen},
  booktitle=iccv,
  pages={764--773},
  year={2017}
}

@inproceedings{gong2019spiralnet++,
  title={Spiralnet++: A fast and highly efficient mesh convolution operator},
  author={Gong, Shunwang and Chen, Lei and Bronstein, Michael and Zafeiriou, Stefanos},
  booktitle=iccvw,
  pages={0--0},
  year={2019}
}

@inproceedings{gu2003global,
  title={Global conformal surface parameterization},
  author={Gu, Xianfeng and Yau, Shing-Tung},
  booktitle={Proceedings of the 2003 Eurographics/ACM SIGGRAPH symposium on Geometry processing},
  pages={127--137},
  year={2003},
  organization={Eurographics Association}
}

@article{gu2004genus,
  title={Genus zero surface conformal mapping and its application to brain surface mapping},
  author={Gu, Xianfeng and Wang, Yalin and Chan, Tony F and Thompson, Paul M and Yau, Shing-Tung},
  journal=tmi,
  volume={23},
  number={8},
  pages={949--958},
  year={2004},
  publisher={IEEE}
}

@article{hanocka2019meshcnn,
  title={Meshcnn: a network with an edge},
  author={Hanocka, Rana and Hertz, Amir and Fish, Noa and Giryes, Raja and Fleishman, Shachar and Cohen-Or, Daniel},
  journal=tog,
  volume={38},
  number={4},
  pages={1--12},
  year={2019},
  publisher={ACM New York, NY, USA}
}

@article{jaderberg2015spatial,
  title={Spatial transformer networks},
  author={Jaderberg, Max and Simonyan, Karen and Zisserman, Andrew and others},
  journal=nips,
  volume={28},
  year={2015}
}

@inproceedings{jeon2017active,
  title={Active convolution: Learning the shape of convolution for image classification},
  author={Jeon, Yunho and Kim, Junmo},
  booktitle=cvpr,
  pages={4201--4209},
  year={2017}
}

@article{lam2014landmark,
  title={Landmark-and intensity-based registration with large deformations via quasi-conformal maps},
  author={Lam, Ka Chun and Lui, Lok Ming},
  journal=sjis,
  volume={7},
  number={4},
  pages={2364--2392},
  year={2014},
  publisher={SIAM}
}

@article{levy2002least,
  title={Least squares conformal maps for automatic texture atlas generation},
  author={L{\'e}vy, Bruno and Petitjean, Sylvain and Ray, Nicolas and Maillot, J{\'e}rome},
  journal=tog,
  volume={21},
  number={3},
  pages={362--371},
  year={2002},
  publisher={ACM New York, NY, USA}
}

@inproceedings{luo2016understanding,
  title={Understanding the effective receptive field in deep convolutional neural networks},
  author={Luo, Wenjie and Li, Yujia and Urtasun, Raquel and Zemel, Richard},
  booktitle=nips,
  pages={4905--4913},
  year={2016}
}

@inproceedings{masci2015geodesic,
  title={Geodesic convolutional neural networks on riemannian manifolds},
  author={Masci, Jonathan and Boscaini, Davide and Bronstein, Michael and Vandergheynst, Pierre},
  booktitle=iccvw,
  pages={37--45},
  year={2015}
}

@article{panetta2019x,
  title={X-shells: A new class of deployable beam structures},
  author={Panetta, Julian and Konakovi{\'c}-Lukovi{\'c}, MINA and Isvoranu, Florin and Bouleau, Etienne and Pauly, Mark},
  journal=tog,
  volume={38},
  number={4},
  pages={1--15},
  year={2019},
  publisher={ACM New York, NY, USA}
}

@article{schonsheck2022parallel,
  title={Parallel transport convolution: Deformable convolutional networks on manifold-structured data},
  author={Schonsheck, Stefan C and Dong, Bin and Lai, Rongjie},
  journal=sjis,
  volume={15},
  number={1},
  pages={367--386},
  year={2022},
  publisher={SIAM}
}

@article{zhang2021topology,
  title={Topology-Preserving 3D Image Segmentation Based On Hyperelastic Regularization},
  author={Zhang, Daoping and Lui, Lok Ming},
  journal=jsc,
  volume={87},
  number={3},
  pages={1--33},
  year={2021},
  publisher={Springer}
}

@article{zhang2022new,
  title={A new framework for deformation analysis with uncertainties using Beltrami Fourier descriptors},
  author={Zhang, Han and Lui, Lok Ming},
  journal={Mathematics, Computation and Geometry of Data},
  volume={2},
  number={1},
  pages={67--88},
  year={2022},
  publisher={International Press of Boston}
}

@inproceedings{zhang2022nondeterministic,
  title={Nondeterministic Deformation Analysis Using Quasiconformal Geometry},
  author={Zhang, Han and Lui, Lok Ming},
  booktitle=icip,
  pages={1616--1620},
  year={2022},
  organization={IEEE}
}

@article{zhang2023deformation,
  title={Deformation-Invariant Neural Network and Its Applications in Distorted Image Restoration and Analysis},
  author={Zhang, Han and Chen, Qiguang and Lui, Lok Ming},
  journal={arXiv preprint arXiv:2310.02641},
  year={2023}
}

@article{zhang2024learning,
  title={A learning-based framework for topology-preserving segmentation using quasiconformal mappings},
  author={Zhang, Han and Lui, Lok Ming},
  journal={Neurocomputing},
  volume={600},
  pages={128124},
  year={2024},
  publisher={Elsevier}
}

@article{zhang2024qis,
  title={QIS: Interactive Segmentation via Quasi-Conformal Mappings},
  author={Zhang, Han and Zhang, Daoping and Lui, Lok Ming},
  journal={arXiv preprint arXiv:2402.14695},
  year={2024}
}

@inproceedings{zhu2019deformable,
  title={Deformable convnets v2: More deformable, better results},
  author={Zhu, Xizhou and Hu, Han and Lin, Stephen and Dai, Jifeng},
  booktitle=cvpr,
  pages={9308--9316},
  year={2019}
}

