@string{aaai = {Proc. AAAI Conf. on Artificial Intelligence}}
@string{nips = {Proc. of Int. Conf. on Neural Information Processing Systems}}
@string{cgf = {Computer Graphics Forum}}
@string{cgf_eg = {Computer Graphics Forum (Proc. of Eurographics)}}
@string{cgf_pg = {Computer Graphics Forum (Proc. of Pacific Conf. on Computer Graphics \& Applications)}}
@string{cgf_sgp = {Computer Graphics Forum (Proc. of Eurographics Symp. on Geometry Processing)}}
@string{crv = {Proc. of Canadian Conf. on Computer \& Robot Vision}}
@string{wccv = {Proc. of IEEE/CVF Winter Conf. on Applications of Computer Vision}}
@string{cvpr = {Proc. of IEEE/CVF Conf. on Computer Vision \& Pattern Recognition}}
@string{eccv = {Proc. of Euro. Conf. on Computer Vision}}
@string{bmvc = {Proc. of British Machine Vision Conference}}
@string{eg = {Proc. of Eurographics}}
@string{fgr = {Proc. of IEEE Conf. on Automatic Face \& Gesture Recognition}}
@string{gi = {Proc. of Graphics Interface}}
@string{icassp = {Proc. of Int. Conf. on Acoustics, Speech \& Signal Processing}}
@string{iccv = {Proc. of Int. Conf. on Computer Vision}}
@string{iccvw = {Proc. of Int. Conf. on Computer Vision Workshops}}
@string{icip = {Proc. of IEEE Int. Conf. on Image Processing}}
@string{icpr = {Proc. of IEEE Int. Conf. on Pattern Recognition}}
@string{icra = {Proc. of IEEE Int. Conf. on Robotics \& Automation}}
@string{ijcv = {Int. J. of Computer Vision.}}
@string{iros = {Proc. of IEEE Int. Conf. on Intelligent Robots \& Systems}}
@string{ismar = {Proc. of IEEE Int. Symp. on Mixed and Augmented Reality}}
@string{jeb = {J. of Experimental Botany}}
@string{jmiv = {Journal of Mathematical Imaging and Vision}}
@string{pami = {IEEE Trans. Pattern Analysis \& Machine Intelligence}}
@string{pg = {Proc. of Pacific Conf. on Computer Graphics \& Applications}}
@string{pnas = {Proc. of National Academy of Sciences}}
@string{rss = {Proc. of Robotics: Science and Systems}}
@string{sbim = {Proc. of Eurographics Symp. on Sketch-Based Interfaces and Modeling}}
@string{sgp = {Proc. of Eurographics Symp. on Geometry Processing}}
@string{siggraph = {Proc. of SIGGRAPH}}
@string{smi = {Proc. of IEEE Int. Conf. on Shape Modeling \& Applications}}
@string{sgp = {IEEE Signal Processing Magazine}}
@string{sjis = {SIAM Journal on Imaging Sciences}}
@string{isbi = {Proc. of IEEE Int. Symp. on Biomedical Imaging}}
@string{threedpvt = {Proc. of IEEE Int. Conf. on 3D Data Processing, Visualization and Transmission}}
@string{tmi = {IEEE Trans. on Medical Imaging}}
@string{tip = {IEEE Trans. on Image Processing}}
@string{tpami = {IEEE Trans. on Pattern Analysis and Machine Intelligence}}
@string{tog = {ACM Trans. on Graphics}}
@string{tog_sig = {ACM Trans. on Graphics (Proc. of SIGGRAPH)}}
@string{tog_siga = {ACM Trans. on Graphics (Proc. of SIGGRAPH Asia)}}
@string{tvc = {The Visual Computer}}
@string{tvcg = {IEEE Trans. Visualization \& Computer Graphics}}
@string{cviu = {Computer Vision and Image Understanding}}
@string{pr = {Pattern Recognition}}
@string{prl = {Pattern Recognition Letters}}
@string{jsc = {Journal of Scientific Computing}}
@string{i3dv = {Proc. of Int. Conf. on 3D Vision (3DV)}}
@string{mia = {Medical Image Analysis}}
@string{miccai = {Proc. of Int. Conf. on Medical Image Computing and Computer-Assisted Intervention}}

@article{kass1988snakes,
  title={Snakes: Active contour models},
  author={Kass, Michael and Witkin, Andrew and Terzopoulos, Demetri},
  journal=ijcv,
  volume={1},
  number={4},
  pages={321--331},
  year={1988},
  publisher={Springer}
}
@article{cootes1995active,
  title={Active shape models-their training and application},
  author={Cootes, Timothy F and Taylor, Christopher J and Cooper, David H and Graham, Jim},
  journal=cviu,
  volume={61},
  number={1},
  pages={38--59},
  year={1995},
  publisher={Elsevier}
}
@article{chan2001active,
  title={Active contours without edges},
  author={Chan, Tony F and Vese, Luminita A},
  journal=tip,
  volume={10},
  number={2},
  pages={266--277},
  year={2001},
  publisher={IEEE}
}
@article{chan2018topology,
  title={Topology-preserving image segmentation by Beltrami representation of shapes},
  author={Chan, Hei-Long and Yan, Shi and Lui, Lok-Ming and Tai, Xue-Cheng},
  journal=jmiv,
  volume={60},
  number={3},
  pages={401--421},
  year={2018},
  publisher={Springer}
}
@article{chen2021generalized,
  title={A generalized asymmetric dual-front model for active contours and image segmentation},
  author={Chen, Da and Spencer, Jack and Mirebeau, Jean-Marie and Chen, Ke and Shu, Minglei and Cohen, Laurent D},
  journal=tip,
  volume={30},
  pages={5056--5071},
  year={2021},
  publisher={IEEE}
}
@article{zhang2021topology,
  title={Topology-Preserving 3D Image Segmentation Based On Hyperelastic Regularization},
  author={Zhang, Daoping and Lui, Lok Ming},
  journal=jsc,
  volume={87},
  number={3},
  pages={1--33},
  year={2021},
  publisher={Springer}
}
@inproceedings{dinsdale2019spatial,
  title={Spatial warping network for 3D segmentation of the hippocampus in MR images},
  author={Dinsdale, Nicola K and Jenkinson, Mark and Namburete, Ana IL},
  booktitle=miccai,
  pages={284--291},
  year={2019},
  organization={Springer}
}
@inproceedings{zeng2019liver,
  title={Liver segmentation in magnetic resonance imaging via mean shape fitting with fully convolutional neural networks},
  author={Zeng, Qi and Karimi, Davood and Pang, Emily HT and Mohammed, Shahed and Schneider, Caitlin and Honarvar, Mohammad and Salcudean, Septimiu E},
  booktitle=miccai,
  pages={246--254},
  year={2019},
  organization={Springer}
}
@article{lee2019tetris,
  title={TETRIS: Template transformer networks for image segmentation with shape priors},
  author={Lee, Matthew Chung Hai and Petersen, Kersten and Pawlowski, Nick and Glocker, Ben and Schaap, Michiel},
  journal=tmi,
  volume={38},
  number={11},
  pages={2596--2606},
  year={2019},
  publisher={IEEE}
}
@article{zhang2021topoconv,
  title={Topology-and convexity-preserving image segmentation based on image registration},
  author={Zhang, Daoping and Tai, Xue-cheng and Lui, Lok Ming},
  journal={Applied Mathematical Modelling},
  volume={100},
  pages={218--239},
  year={2021},
  publisher={Elsevier}
}
@inproceedings{chen2022focalclick,
  title={FocalClick: towards practical interactive image segmentation},
  author={Chen, Xi and Zhao, Zhiyan and Zhang, Yilei and Duan, Manni and Qi, Donglian and Zhao, Hengshuang},
  booktitle=cvpr,
  pages={1300--1309},
  year={2022}
}
@inproceedings{sofiiuk2022reviving,
  title={Reviving iterative training with mask guidance for interactive segmentation},
  author={Sofiiuk, Konstantin and Petrov, Ilya A and Konushin, Anton},
  booktitle=icip,
  pages={3141--3145},
  year={2022},
  organization={IEEE}
}
@inproceedings{chen2021conditional,
  title={Conditional diffusion for interactive segmentation},
  author={Chen, Xi and Zhao, Zhiyan and Yu, Feiwu and Zhang, Yilei and Duan, Manni},
  booktitle=iccv,
  pages={7345--7354},
  year={2021}
}
@inproceedings{lin2020interactive,
  title={Interactive image segmentation with first click attention},
  author={Lin, Zheng and Zhang, Zhao and Chen, Lin-Zhuo and Cheng, Ming-Ming and Lu, Shao-Ping},
  booktitle=cvpr,
  pages={13339--13348},
  year={2020}
}
@inproceedings{jang2019interactive,
  title={Interactive image segmentation via backpropagating refinement scheme},
  author={Jang, Won-Dong and Kim, Chang-Su},
  booktitle=cvpr,
  pages={5297--5306},
  year={2019}
}
@inproceedings{sofiiuk2020f,
  title={f-brs: Rethinking backpropagating refinement for interactive segmentation},
  author={Sofiiuk, Konstantin and Petrov, Ilia and Barinova, Olga and Konushin, Anton},
  booktitle=cvpr,
  pages={8623--8632},
  year={2020}
}
@inproceedings{liew2019multiseg,
  title={Multiseg: Semantically meaningful, scale-diverse segmentations from minimal user input},
  author={Liew, Jun Hao and Cohen, Scott and Price, Brian and Mai, Long and Ong, Sim-Heng and Feng, Jiashi},
  booktitle=iccv,
  pages={662--670},
  year={2019}
}
@inproceedings{li2018interactive,
  title={Interactive image segmentation with latent diversity},
  author={Li, Zhuwen and Chen, Qifeng and Koltun, Vladlen},
  booktitle=cvpr,
  pages={577--585},
  year={2018}
}
@inproceedings{xu2016deep,
  title={Deep interactive object selection},
  author={Xu, Ning and Price, Brian and Cohen, Scott and Yang, Jimei and Huang, Thomas S},
  booktitle=cvpr,
  pages={373--381},
  year={2016}
}
@article{rother2004grabcut,
  title={" GrabCut" interactive foreground extraction using iterated graph cuts},
  author={Rother, Carsten and Kolmogorov, Vladimir and Blake, Andrew},
  journal=tog,
  volume={23},
  number={3},
  pages={309--314},
  year={2004},
  publisher={ACM New York, NY, USA}
}
@article{grady2006random,
  title={Random walks for image segmentation},
  author={Grady, Leo},
  journal=tpami,
  volume={28},
  number={11},
  pages={1768--1783},
  year={2006},
  publisher={IEEE}
}
@inproceedings{gulshan2010geodesic,
  title={Geodesic star convexity for interactive image segmentation},
  author={Gulshan, Varun and Rother, Carsten and Criminisi, Antonio and Blake, Andrew and Zisserman, Andrew},
  booktitle=cvpr,
  pages={3129--3136},
  year={2010},
  organization={IEEE}
}
@inproceedings{kim2010nonparametric,
  title={Nonparametric higher-order learning for interactive segmentation},
  author={Kim, Tae Hoon and Lee, Kyoung Mu and Lee, Sang Uk},
  booktitle=cvpr,
  pages={3201--3208},
  year={2010},
  organization={IEEE}
}
@article{jaderberg2015spatial,
  title={Spatial transformer networks},
  author={Jaderberg, Max and Simonyan, Karen and Zisserman, Andrew and others},
  journal=nips,
  volume={28},
  year={2015}
}

@book{gardiner2000quasiconformal,
  title={Quasiconformal teichmuller theory},
  author={Gardiner, Frederick P and Lakic, Nikola},
  number={76},
  year={2000},
  publisher={American Mathematical Soc.}
}

@book{lehto1973quasiconformal,
  title={Quasiconformal mappings in the plane},
  author={Lehto, Olli and Virtanen, Kaarlo Ilmari},
  volume={126},
  year={1973},
  publisher={Citeseer}
}

@article{bers1977quasiconformal,
  title={Quasiconformal mappings, with applications to differential equations, function theory and topology},
  author={Bers, Lipman},
  journal={Bulletin of the American Mathematical Society},
  volume={83},
  number={6},
  pages={1083--1100},
  year={1977}
}

@book{remmert1991theory,
  title={Theory of complex functions},
  author={Remmert, Reinhold},
  volume={122},
  year={1991},
  publisher={Springer Science \& Business Media}
}

@book{lang2012calculus,
  title={Calculus of several variables},
  author={Lang, Serge},
  year={2012},
  publisher={Springer Science \& Business Media}
}

@book{gehring2017introduction,
  title={An introduction to the theory of higher-dimensional quasiconformal mappings},
  author={Gehring, Frederick W and Martin, Gaven J and Palka, Bruce P},
  volume={216},
  year={2017},
  publisher={American Mathematical Soc.}
}

@book{iwaniec2001geometric,
  title={Geometric function theory and non-linear analysis},
  author={Iwaniec, Tadeusz and Martin, Gaven},
  year={2001},
  publisher={Clarendon press}
}

@article{lee2016landmark,
  title={Landmark-matching transformation with large deformation via n-dimensional quasi-conformal maps},
  author={Lee, Yin Tat and Lam, Ka Chun and Lui, Lok Ming},
  journal={Journal of Scientific Computing},
  volume={67},
  pages={926--954},
  year={2016},
  publisher={Springer}
}

@inproceedings{dai2017deformable,
  title={Deformable convolutional networks},
  author={Dai, Jifeng and Qi, Haozhi and Xiong, Yuwen and Li, Yi and Zhang, Guodong and Hu, Han and Wei, Yichen},
  booktitle=iccv,
  pages={764--773},
  year={2017}
}
@inproceedings{zhu2019deformable,
  title={Deformable convnets v2: More deformable, better results},
  author={Zhu, Xizhou and Hu, Han and Lin, Stephen and Dai, Jifeng},
  booktitle=cvpr,
  pages={9308--9316},
  year={2019}
}
@inproceedings{wang2019edvr,
  title={Edvr: Video restoration with enhanced deformable convolutional networks},
  author={Wang, Xintao and Chan, Kelvin CK and Yu, Ke and Dong, Chao and Change Loy, Chen},
  booktitle=cvpr,
  pages={0--0},
  year={2019}
}
@inproceedings{liu2019adcrowdnet,
  title={Adcrowdnet: An attention-injective deformable convolutional network for crowd understanding},
  author={Liu, Ning and Long, Yongchao and Zou, Changqing and Niu, Qun and Pan, Li and Wu, Hefeng},
  booktitle=cvpr,
  pages={3225--3234},
  year={2019}
}
@inproceedings{li2018learning,
  title={Learning to see through turbulent water},
  author={Li, Zhengqin and Murez, Zak and Kriegman, David and Ramamoorthi, Ravi and Chandraker, Manmohan},
  booktitle=wacv,
  pages={512--520},
  year={2018},
  organization={IEEE}
}
@inproceedings{hu2018squeeze,
  title={Squeeze-and-excitation networks},
  author={Hu, Jie and Shen, Li and Sun, Gang},
  booktitle=cvpr,
  pages={7132--7141},
  year={2018}
}
@inproceedings{guo2016ms,
  title={Ms-celeb-1m: A dataset and benchmark for large-scale face recognition},
  author={Guo, Yandong and Zhang, Lei and Hu, Yuxiao and He, Xiaodong and Gao, Jianfeng},
  booktitle=eccv,
  pages={87--102},
  year={2016},
  organization={Springer}
}
@inproceedings{schwartzman2017turbulence,
  title={Turbulence-induced 2d correlated image distortion},
  author={Schwartzman, Armin and Alterman, Marina and Zamir, Rotem and Schechner, Yoav Y},
  booktitle=iccp,
  pages={1--13},
  year={2017},
  organization={IEEE}
}
@inproceedings{li2021unsupervised,
  title={Unsupervised non-rigid image distortion removal via grid deformation},
  author={Li, Nianyi and Thapa, Simron and Whyte, Cameron and Reed, Albert W and Jayasuriya, Suren and Ye, Jinwei},
  booktitle=iccv,
  pages={2522--2532},
  year={2021}
}
@inproceedings{luo2016understanding,
  title={Understanding the effective receptive field in deep convolutional neural networks},
  author={Luo, Wenjie and Li, Yujia and Urtasun, Raquel and Zemel, Richard},
  booktitle=nips,
  pages={4905--4913},
  year={2016}
}
@article{chen2021deep,
  title={A Deep Learning Framework for Diffeomorphic Mapping Problems via Quasi-conformal Geometry applied to Imaging},
  author={Chen, Qiguang and Li, Zhiwen and Lui, Lok Ming},
  journal={arXiv preprint arXiv:2110.10580},
  year={2021}
}
@inproceedings{ouyang2015deepid,
  title={Deepid-net: Deformable deep convolutional neural networks for object detection},
  author={Ouyang, Wanli and Wang, Xiaogang and Zeng, Xingyu and Qiu, Shi and Luo, Ping and Tian, Yonglong and Li, Hongsheng and Yang, Shuo and Wang, Zhe and Loy, Chen-Change and others},
  booktitle=cvpr,
  pages={2403--2412},
  year={2015}
}
@inproceedings{thapa2020dynamic,
  title={Dynamic fluid surface reconstruction using deep neural network},
  author={Thapa, Simron and Li, Nianyi and Ye, Jinwei},
  booktitle=cvpr,
  pages={21--30},
  year={2020}
}
@inproceedings{kupyn2018deblurgan,
  title={Deblurgan: Blind motion deblurring using conditional adversarial networks},
  author={Kupyn, Orest and Budzan, Volodymyr and Mykhailych, Mykola and Mishkin, Dmytro and Matas, Ji{\v{r}}{\'\i}},
  booktitle=cvpr,
  pages={8183--8192},
  year={2018}
}
@inproceedings{kupyn2019deblurgan,
  title={Deblurgan-v2: Deblurring (orders-of-magnitude) faster and better},
  author={Kupyn, Orest and Martyniuk, Tetiana and Wu, Junru and Wang, Zhangyang},
  booktitle=cvpr,
  pages={8878--8887},
  year={2019}
}@inproceedings{zhu2017unpaired,
  title={Unpaired image-to-image translation using cycle-consistent adversarial networks},
  author={Zhu, Jun-Yan and Park, Taesung and Isola, Phillip and Efros, Alexei A},
  booktitle=iccv,
  pages={2223--2232},
  year={2017}
}
@inproceedings{isola2017image,
  title={Image-to-image translation with conditional adversarial networks},
  author={Isola, Phillip and Zhu, Jun-Yan and Zhou, Tinghui and Efros, Alexei A},
  booktitle=cvpr,
  pages={1125--1134},
  year={2017}
}
@article{QCRN,
  author    = {Qiguang Chen and
               Zhiwen Li and
               Lok Ming Lui},
  title     = {A Learning Framework for Diffeomorphic Image Registration based on
               Quasi-conformal Geometry},
  journal   = {CoRR},
  volume    = {abs/2110.10580},
  year      = {2021},
  url       = {https://arxiv.org/abs/2110.10580},
  eprinttype = {arXiv},
  eprint    = {2110.10580},
  timestamp = {Thu, 28 Oct 2021 15:25:31 +0200},
  biburl    = {https://dblp.org/rec/journals/corr/abs-2110-10580.bib},
  bibsource = {dblp computer science bibliography, https://dblp.org}
}
@inproceedings{gu2003global,
  title={Global conformal surface parameterization},
  author={Gu, Xianfeng and Yau, Shing-Tung},
  booktitle={Proceedings of the 2003 Eurographics/ACM SIGGRAPH symposium on Geometry processing},
  pages={127--137},
  year={2003},
  organization={Eurographics Association}
}
@article{choi2020free,
  title={Free-boundary conformal parameterization of point clouds},
  author={Choi, Gary and Liu, Yechen and Lui, Lok Ming},
  journal={arXiv preprint arXiv:2010.15399},
  year={2020}
}
@article{choi2015fast,
  title={Fast disk conformal parameterization of simply-connected open surfaces},
  author={Choi, Pui Tung and Lui, Lok Ming},
  journal={Journal of Scientific Computing},
  volume={65},
  number={3},
  pages={1065--1090},
  year={2015},
  publisher={Springer}
}
@article{choi2018linear,
  title={A linear formulation for disk conformal parameterization of simply-connected open surfaces},
  author={Choi, Gary Pui-Tung and Lui, Lok Ming},
  journal={Advances in Computational Mathematics},
  volume={44},
  number={1},
  pages={87--114},
  year={2018},
  publisher={Springer}
}
@article{choi2016spherical,
  title={Spherical conformal parameterization of genus-0 point clouds for meshing},
  author={Choi, Gary Pui-Tung and Ho, Kin Tat and Lui, Lok Ming},
  journal=sjis,
  volume={9},
  number={4},
  pages={1582--1618},
  year={2016},
  publisher={SIAM}
}
@article{choi2015flash,
  title={FLASH: Fast landmark aligned spherical harmonic parameterization for genus-0 closed brain surfaces},
  author={Choi, Pui Tung and Lam, Ka Chun and Lui, Lok Ming},
  journal=sjis,
  volume={8},
  number={1},
  pages={67--94},
  year={2015},
  publisher={SIAM}
}
@article{lui2013texture,
  title={Texture map and video compression using Beltrami representation},
  author={Lui, Lok Ming and Lam, Ka Chun and Wong, Tsz Wai and Gu, Xianfeng},
  journal=sjis,
  volume={6},
  number={4},
  pages={1880--1902},
  year={2013},
  publisher={SIAM}
}

@inproceedings{yu2018deep,
  title={Deep layer aggregation},
  author={Yu, Fisher and Wang, Dequan and Shelhamer, Evan and Darrell, Trevor},
  booktitle=cvpr,
  pages={2403--2412},
  year={2018}
}
@article{lui2014teichmuller,
  title={Teichmuller mapping (t-map) and its applications to landmark matching registration},
  author={Lui, Lok Ming and Lam, Ka Chun and Yau, Shing-Tung and Gu, Xianfeng},
  journal=sjis,
  volume={7},
  number={1},
  pages={391--426},
  year={2014},
  publisher={SIAM}
}
@TECHREPORT{Krizhevsky09learningmultiple,
    author = {Alex Krizhevsky},
    title = {Learning multiple layers of features from tiny images},
    year = {2009}
}
@article{lecun2010mnist,
  title={MNIST handwritten digit database},
  author={LeCun, Yann and Cortes, Corinna and Burges, CJ},
  journal={ATT Labs [Online]. Available: http://yann.lecun.com/exdb/mnist},
  volume={2},
  year={2010}
}
@article{DBLP:journals/corr/abs-1708-07747,
  author    = {Han Xiao and
               Kashif Rasul and
               Roland Vollgraf},
  title     = {Fashion-MNIST: a Novel Image Dataset for Benchmarking Machine Learning
               Algorithms},
  journal   = {CoRR},
  volume    = {abs/1708.07747},
  year      = {2017},
  url       = {http://arxiv.org/abs/1708.07747},
  archivePrefix = {arXiv},
  eprint    = {1708.07747},
  timestamp = {Mon, 13 Aug 2018 16:47:27 +0200},
  biburl    = {https://dblp.org/rec/bib/journals/corr/abs-1708-07747},
  bibsource = {dblp computer science bibliography, https://dblp.org}
}
@inproceedings{he2016deep,
  title={Deep residual learning for image recognition},
  author={He, Kaiming and Zhang, Xiangyu and Ren, Shaoqing and Sun, Jian},
  booktitle=cvpr,
  pages={770--778},
  year={2016}
}
@book{foley1994introduction,
  title={Introduction to computer graphics},
  author={Foley, James D and Van Dam, Andries and Feiner, Steven K and Hughes, John F and Phillips, Richard L},
  volume={55},
  year={1994},
  publisher={Addison-Wesley Reading}
}
@article{lam2014landmark,
  title={Landmark-and intensity-based registration with large deformations via quasi-conformal maps},
  author={Lam, Ka Chun and Lui, Lok Ming},
  journal=sjis,
  volume={7},
  number={4},
  pages={2364--2392},
  year={2014},
  publisher={SIAM}
}
@article{lam2015landmark,
title={Landmark constrained genus-one surface Teichmüller map applied to surface registration in medical imaging},
author={Lam, Ka Chun and Gu, Xianfeng and Lui, Lok Ming},
journal={Medical Image Analysis},
volume={25},
number={1},
pages={45--55},
year={2015},
publisher={Elsevier}
} 
@article{panetta2019x,
  title={X-shells: A new class of deployable beam structures},
  author={Panetta, Julian and Konakovi{\'c}-Lukovi{\'c}, MINA and Isvoranu, Florin and Bouleau, Etienne and Pauly, Mark},
  journal=tog,
  volume={38},
  number={4},
  pages={1--15},
  year={2019},
  publisher={ACM New York, NY, USA}
}
@article{Soliman:2018:OCS,
author = {Soliman, Yousuf and Slep\v{c}ev, Dejan and Crane, Keenan},
title = {Optimal Cone Singularities for Conformal Flattening},
journal = tog,
volume = {37},
number = {4},
year = {2018},
publisher = {ACM},
address = {New York, NY, USA},
}
@article{Crane:2013:RFC,
author = {Crane, Keenan and Pinkall, Ulrich and Schr\"{o}der, Peter},
title = {Robust Fairing via Conformal Curvature Flow},
journal = tog,
volume = {32},
number = {4},
year = {2013},
publisher = {ACM},
address = {New York, NY, USA},
}
@article{gu2004genus,
  title={Genus zero surface conformal mapping and its application to brain surface mapping},
  author={Gu, Xianfeng and Wang, Yalin and Chan, Tony F and Thompson, Paul M and Yau, Shing-Tung},
  journal=tmi,
  volume={23},
  number={8},
  pages={949--958},
  year={2004},
  publisher={IEEE}
}
@article{levy2002least,
  title={Least squares conformal maps for automatic texture atlas generation},
  author={L{\'e}vy, Bruno and Petitjean, Sylvain and Ray, Nicolas and Maillot, J{\'e}rome},
  journal=tog,
  volume={21},
  number={3},
  pages={362--371},
  year={2002},
  publisher={ACM New York, NY, USA}
}
@misc{pascal-voc-2012,
	author = "Everingham, M. and Van~Gool, L. and Williams, C. K. I. and Winn, J. and Zisserman, A.",
	title = "The {PASCAL} {V}isual {O}bject {C}lasses {C}hallenge 2012 {(VOC2012)} {R}esults",
	howpublished = "http://www.pascal-network.org/challenges/VOC/voc2012/workshop/index.html"}
@inproceedings{jeon2017active,
  title={Active convolution: Learning the shape of convolution for image classification},
  author={Jeon, Yunho and Kim, Junmo},
  booktitle=cvpr,
  pages={4201--4209},
  year={2017}
}
@article{ng2003sift,
  title={SIFT: Predicting amino acid changes that affect protein function},
  author={Ng, Pauline C and Henikoff, Steven},
  journal={Nucleic acids research},
  volume={31},
  number={13},
  pages={3812--3814},
  year={2003},
  publisher={Oxford University Press}
}
@article{krizhevsky2012imagenet,
  title={Imagenet classification with deep convolutional neural networks},
  author={Krizhevsky, Alex and Sutskever, Ilya and Hinton, Geoffrey E},
  journal=nips,
  volume={25},
  pages={1097--1105},
  year={2012}
}
@inproceedings{lau2020atfacegan,
  title={ATFaceGAN: Single face image restoration and recognition from atmospheric turbulence},
  author={Lau, Chun Pong and Souri, Hossein and Chellappa, Rama},
  booktitle={icafgr},
  pages={32--39},
  year={2020},
  organization={IEEE}
}
@article{lau2019restoration,
  title={Restoration of atmospheric turbulence-distorted images via RPCA and quasiconformal maps},
  author={Lau, Chun Pong and Lai, Yu Hin and Lui, Lok Ming},
  journal={Inverse Problems},
  volume={35},
  number={7},
  pages={074002},
  year={2019},
  publisher={IOP Publishing}
}
@inproceedings{szegedy2015going,
  title={Going deeper with convolutions},
  author={Szegedy, Christian and Liu, Wei and Jia, Yangqing and Sermanet, Pierre and Reed, Scott and Anguelov, Dragomir and Erhan, Dumitru and Vanhoucke, Vincent and Rabinovich, Andrew},
  booktitle=cvpr,
  pages={1--9},
  year={2015}
}
@article{simonyan2014very,
  title={Very deep convolutional networks for large-scale image recognition},
  author={Simonyan, Karen and Zisserman, Andrew},
  journal={arXiv preprint arXiv:1409.1556},
  year={2014}
}
@article{rai2022removing,
  title={Removing atmospheric turbulence via deep adversarial learning},
  author={Rai, Shyam Nandan and Jawahar, CV},
  journal=tip,
  volume={31},
  pages={2633--2646},
  year={2022},
  publisher={IEEE}
}
@article{lecun1998gradient,
  title={Gradient-based learning applied to document recognition},
  author={LeCun, Yann and Bottou, L{\'e}on and Bengio, Yoshua and Haffner, Patrick},
  journal={Proceedings of the IEEE},
  volume={86},
  number={11},
  pages={2278--2324},
  year={1998},
  publisher={Ieee}
}
@article{lecun1995convolutional,
  title={Convolutional networks for images, speech, and time series},
  author={LeCun, Yann and Bengio, Yoshua and others},
  journal={The handbook of brain theory and neural networks},
  volume={3361},
  number={10},
  pages={1995},
  year={1995}
}
@article{kanopoulos1988design,
  title={Design of an image edge detection filter using the Sobel operator},
  author={Kanopoulos, Nick and Vasanthavada, Nagesh and Baker, Robert L},
  journal={IEEE Journal of solid-state circuits},
  volume={23},
  number={2},
  pages={358--367},
  year={1988},
  publisher={IEEE}
}
@article{prewitt1970object,
  title={Object enhancement and extraction},
  author={Prewitt, Judith MS},
  journal={Picture processing and Psychopictorics},
  volume={10},
  number={1},
  pages={15--19},
  year={1970},
  publisher={Academic Press New York}
}
@inproceedings{deng2019arcface,
  title={Arcface: Additive angular margin loss for deep face recognition},
  author={Deng, Jiankang and Guo, Jia and Xue, Niannan and Zafeiriou, Stefanos},
  booktitle=cvpr,
  pages={4690--4699},
  year={2019}
}
@inproceedings{xu2017high,
  title={High performance large scale face recognition with multi-cognition softmax and feature retrieval},
  author={Xu, Yan and Cheng, Yu and Zhao, Jian and Wang, Zhecan and Xiong, Lin and Jayashree, Karlekar and Tamura, Hajime and Kagaya, Tomoyuki and Shen, Shengmei and Pranata, Sugiri and others},
  booktitle=iccv,
  pages={1898--1906},
  year={2017}
}

@inproceedings{boscaini2016learning,
  title={Learning shape correspondence with anisotropic convolutional neural networks},
  author={Boscaini, Davide and Masci, Jonathan and Rodol{\`a}, Emanuele and Bronstein, Michael},
  booktitle=nips,
  pages={3189--3197},
  year={2016}
}

@inproceedings{masci2015geodesic,
  title={Geodesic convolutional neural networks on riemannian manifolds},
  author={Masci, Jonathan and Boscaini, Davide and Bronstein, Michael and Vandergheynst, Pierre},
  booktitle=iccvw,
  pages={37--45},
  year={2015}
}
@article{bronstein2017geometric,
  title={Geometric deep learning: going beyond euclidean data},
  author={Bronstein, Michael M and Bruna, Joan and LeCun, Yann and Szlam, Arthur and Vandergheynst, Pierre},
  journal={IEEE Signal Processing Magazine},
  volume={34},
  number={4},
  pages={18--42},
  year={2017},
  publisher={IEEE}
}
@inproceedings{gong2019spiralnet++,
  title={Spiralnet++: A fast and highly efficient mesh convolution operator},
  author={Gong, Shunwang and Chen, Lei and Bronstein, Michael and Zafeiriou, Stefanos},
  booktitle=iccvw,
  pages={0--0},
  year={2019}
}
@article{hanocka2019meshcnn,
  title={Meshcnn: a network with an edge},
  author={Hanocka, Rana and Hertz, Amir and Fish, Noa and Giryes, Raja and Fleishman, Shachar and Cohen-Or, Daniel},
  journal=tog,
  volume={38},
  number={4},
  pages={1--12},
  year={2019},
  publisher={ACM New York, NY, USA}
}
@inproceedings{bouritsas2019neural,
  title={Neural 3d morphable models: Spiral convolutional networks for 3d shape representation learning and generation},
  author={Bouritsas, Giorgos and Bokhnyak, Sergiy and Ploumpis, Stylianos and Bronstein, Michael and Zafeiriou, Stefanos},
  booktitle=iccv,
  pages={7213--7222},
  year={2019}
}
@article{schonsheck2022parallel,
  title={Parallel transport convolution: Deformable convolutional networks on manifold-structured data},
  author={Schonsheck, Stefan C and Dong, Bin and Lai, Rongjie},
  journal=sjis,
  volume={15},
  number={1},
  pages={367--386},
  year={2022},
  publisher={SIAM}
}
@article{zhang2023deformation,
  title={Deformation-Invariant Neural Network and Its Applications in Distorted Image Restoration and Analysis},
  author={Zhang, Han and Chen, Qiguang and Lui, Lok Ming},
  journal={arXiv preprint arXiv:2310.02641},
  year={2023}
}
@article{zhang2024learning,
  title={A learning-based framework for topology-preserving segmentation using quasiconformal mappings},
  author={Zhang, Han and Lui, Lok Ming},
  journal={Neurocomputing},
  volume={600},
  pages={128124},
  year={2024},
  publisher={Elsevier}
}
@inproceedings{zhang2022nondeterministic,
  title={Nondeterministic Deformation Analysis Using Quasiconformal Geometry},
  author={Zhang, Han and Lui, Lok Ming},
  booktitle=icip,
  pages={1616--1620},
  year={2022},
  organization={IEEE}
}
@article{zhang2022new,
  title={A new framework for deformation analysis with uncertainties using Beltrami Fourier descriptors},
  author={Zhang, Han and Lui, Lok Ming},
  journal={Mathematics, Computation and Geometry of Data},
  volume={2},
  number={1},
  pages={67--88},
  year={2022},
  publisher={International Press of Boston}
}
@article{zhang2024qis,
  title={QIS: Interactive Segmentation via Quasi-Conformal Mappings},
  author={Zhang, Han and Zhang, Daoping and Lui, Lok Ming},
  journal={arXiv preprint arXiv:2402.14695},
  year={2024}
}
@article{cetinoglu2019three,
  title={Three-dimensional analysis of craniofacial shape in obstructive sleep apnea syndrome using geometric morphometrics},
  author={Cetinoglu, Ezgi Demirdogen and Ursavas, Ahmet and Ozdemir, S and Ercan, I and Can, F and Ocakoglu, G and Cetinoglu, E and Ursavas, A},
  journal={International Journal of Morphology},
  volume={37},
  pages={338--343},
  year={2019}
}
@article{tschandl2018ham10000,
  title={The HAM10000 dataset, a large collection of multi-source dermatoscopic images of common pigmented skin lesions},
  author={Tschandl, Philipp and Rosendahl, Cliff and Kittler, Harald},
  journal={Scientific data},
  volume={5},
  number={1},
  pages={1--9},
  year={2018},
  publisher={Nature Publishing Group}
}
@article{blanz2003face,
  title={Face recognition based on fitting a 3D morphable model},
  author={Blanz, Volker and Vetter, Thomas},
  journal=pami,
  volume={25},
  number={9},
  pages={1063--1074},
  year={2003},
  publisher={IEEE}
}
@article{nehra2009nasal,
  title={Nasal morphology as an indicator of vertical maxillary skeletal pattern},
  author={Nehra, Karan and Sharma, Vineet},
  journal={Journal of Orthodontics},
  volume={36},
  number={3},
  pages={160--166},
  year={2009},
  publisher={SAGE Publications Sage UK: London, England}
}
@article{burstone1958integumental,
  title={The integumental profile},
  author={Burstone, Charles J},
  journal={American journal of orthodontics},
  volume={44},
  number={1},
  pages={1--25},
  year={1958},
  publisher={Elsevier}
}
@article{matthews2022static,
  title={Static and motion facial analysis for craniofacial assessment and diagnosing diseases},
  author={Matthews, Harold and de Jong, Guido and Maal, Thomas and Claes, Peter},
  journal={Annual Review of Biomedical Data Science},
  volume={5},
  number={1},
  pages={19--42},
  year={2022},
  publisher={Annual Reviews}
}
@inproceedings{bruna2014spectral,
  title={Spectral networks and deep locally connected networks on graphs},
  author={Bruna, Joan and Zaremba, Wojciech and Szlam, Arthur and LeCun, Yann},
  booktitle={2nd International Conference on Learning Representations, ICLR 2014},
  year={2014}
}
@book{schoen1994lectures,
  title={Lectures on differential geometry},
  author={Schoen, Richard M and Yau, Shing-Tung},
  volume={1},
  year={1994},
  publisher={International press Cambridge, MA}
}

@article{meng2016conformal,
  title={TEMPO: Feature-Endowed Teichmüller Extremal Mappings of Point Clouds},
  author={Meng, Ting Wei and Choi, Gary Pui-Tung and Lui, Lok Ming},
  journal=sjis,
  volume={9},
  number={4},
  pages={1922--1962},
  year={2016},
  publisher={SIAM}
}
@misc{Dastan2025,
  author       = {Alireza Dastan},
  year         = {2024},
  title        = {Gaussian and mean curvatures calculation on a triangulated 3D surface},
  howpublished = {\textit{MATLAB Central File Exchange}},
  url          = {https://www.mathworks.com/matlabcentral/fileexchange/61136-gaussian-and-mean-curvatures-calculation-on-a-triangulated-3d-surface}
}
