@book{hartenberger2016cambridge,
  title={The Cambridge companion to percussion},
  author={Hartenberger, Russell},
  year={2016},
  publisher={Cambridge University Press}
}

@article{clapping,
 ISSN = {00316016},
 URL = {http://www.jstor.org/stable/25652402},
 author = {Justin Colannino and Francisco Gómez and Godfried T. Toussaint},
 journal = {Perspectives of New Music},
 number = {1},
 pages = {111--134},
 publisher = {Perspectives of New Music},
 title = {Analysis of Emergent Beat-Class Sets in Steve Reich's "Clapping Music" and the Yoruba Bell Timeline},
 urldate = {2023-02-22},
 volume = {47},
 year = {2009}
}

@article{reich,
 ISSN = {00316016},
 URL = {http://www.jstor.org/stable/832600},
 author = {K. Robert Schwarz},
 journal = {Perspectives of New Music},
 number = {1/2},
 pages = {373--392},
 publisher = {Perspectives of New Music},
 title = {Steve Reich: Music as a Gradual Process: Part I},
 urldate = {2023-02-22},
 volume = {19},
 year = {1980}
}

@online{glass,
  author = {John Liberatore},
  title = {Music in All Directions: An Examination of Style in Music of Philip Glass},
  url = {https://performingarts.nd.edu/news-announcements/music-in-all-directions-an-examination-of-style-in-music-of-philip-glass/}
}

@online{cage,
  author = {Sam Z. Solomon},
  title = {John Cage, composed Improvisation for snare drum (1987)},
  url = {http://szsolomon.com/john-cage-composed-improvisation-snare-drum-1987/}
}
@incollection{wu_ai_2021,
	title = {{AI} {Creativity} and the {Human}-{AI} {Co}-creation {Model}},
	isbn = {978-3-030-78461-4},
	abstract = {Artificial intelligence (AI) is bringing new possibilities to numerous fields. There have been a lot of discussions about the development of AI technologies and the challenges caused by AI such as job replacement and ethical issues. However, it’s far from enough to systematically discuss how to use AI creatively and how AI can enhance human creativity. After studying over 1,600 application cases across more than 45 areas, and analyzing related academic publications, we believe that focusing on the collaboration with AI will benefit us far more than dwelling on the competing against AI. “AI Creativity” is the concept we want to introduce here: the ability for human and AI to co-live and co-create by playing to each other’s strengths to achieve more. AI is a complement to human intelligence, and it consolidates wisdom from all achievements of mankind, making collaboration across time and space possible. AI empowers us throughout the entire creative process, and makes creativity more accessible and more inclusive than ever. The corresponding Human-AI Co-Creation Model we proposed explains the creative process in the era of AI, with new possibilities brought by AI in each phase. In addition, this model allows any “meaning-making” action to be enhanced by AI and delivered in a more efficient way. The emphasis on collaboration is not only an echo to the importance of teamwork, but is also a push for co-creation between human and AI. The study of application cases shows that AI Creativity has been making significant impact in various fields, bringing new possibilities to human society and individuals, as well as new opportunities and challenges in technology, society and education.},
	author = {Wu, Zhuohao and Ji, Danwen and Yu, Kaiwen and Zeng, Xianxu and Wu, Dingming and Shidujaman, Mohammad},
	month = jul,
	year = {2021},
	doi = {10.1007/978-3-030-78462-1_13},
	pages = {171--190},
	file = {Wu et al_2021_AI Creativity and the Human-AI Co-creation Model.pdf:/Users/jocelynshen/Zotero/storage/8BEZXRBR/Wu et al_2021_AI Creativity and the Human-AI Co-creation Model.pdf:application/pdf},
}
@article{benzon1993stages,
  title={Stages in the Evolution of Music},
  author={Benzon, William L},
  journal={Journal of Social and Evolutionary Systems},
  volume={16},
  number={3},
  pages={273--296},
  year={1993},
  publisher={Elsevier}
}
@article{mcalpine1999making,
  title={Making music with algorithms: A case-study system},
  author={McAlpine, Kenneth and Miranda, Eduardo and Hoggar, Stuart},
  journal={Computer Music Journal},
  volume={23},
  number={2},
  pages={19--30},
  year={1999},
  publisher={JSTOR}
}
@article{adler1999mathematics,
  title={Mathematics, automation and intuition in Signals Intelligence for percussion},
  author={Adler, Christopher},
  journal={System},
  volume={23},
  number={2},
  pages={19--30},
  year={1999}
}

@book{hartenberger2016performance,
  title={Performance practice in the music of steve reich},
  author={Hartenberger, Russell},
  year={2016},
  publisher={Cambridge University Press}
}
@article{isac2020repetitive,
  title={Repetitive minimalism in the work of Philip Glass. Composition techniques},
  author={Isac, Iuliana},
  journal={Bulletin of the Transilvania University of Bra{\c{s}}ov, Series VIII: Performing Arts},
  volume={13},
  number={2-Suppl},
  pages={141--148},
  year={2020},
  publisher={Editura Universitatii Transilvania din Brasov}
}
@article{feisst2009john,
  title={John Cage and improvisation: an unresolved relationship},
  author={Feisst, Sabine M and Solis, Gabriel and Nettl, Bruno},
  journal={Musical improvisation: Art, education, and society},
  volume={2},
  number={5},
  year={2009},
  publisher={Champaign, IL: University of Illinois Press}
}

@book{guest_applied_2012,
	address = {2455 Teller Road, Thousand Oaks California 91320 United States},
	title = {Applied {Thematic} {Analysis}},
	isbn = {978-1-4129-7167-6 978-1-4833-8443-6},
	url = {https://methods.sagepub.com/book/applied-thematic-analysis},
	urldate = {2024-08-14},
	publisher = {SAGE Publications, Inc.},
	author = {Guest, Greg and MacQueen, Kathleen and Namey, Emily},
	year = {2012},
	doi = {10.4135/9781483384436},
}
@article{daly_design_2012,
	title = {Design {Heuristics} in {Engineering} {Concept} {Generation}},
	volume = {101},
	copyright = {http://onlinelibrary.wiley.com/termsAndConditions\#vor},
	issn = {1069-4730, 2168-9830},
	url = {https://onlinelibrary.wiley.com/doi/10.1002/j.2168-9830.2012.tb01121.x},
	doi = {10.1002/j.2168-9830.2012.tb01121.x},
	language = {en},
	number = {4},
	urldate = {2024-08-14},
	journal = {Journal of Engineering Education},
	author = {Daly, Shanna R. and Yilmaz, Seda and Christian, James L. and Seifert, Colleen M. and Gonzalez, Richard},
	month = oct,
	year = {2012},
	pages = {601--629},
	file = {Full Text:/Users/isabellapu/Zotero/storage/3ULW8WZD/Daly et al. - 2012 - Design Heuristics in Engineering Concept Generatio.pdf:application/pdf},
}
@inproceedings{ostrowski2022mixed,
  title={Mixed-method long-term robot usage: Older adults' lived experience of social robots},
  author={Ostrowski, Anastasia K and Breazeal, Cynthia and Park, Hae Won},
  booktitle={2022 17th ACM/IEEE International Conference on Human-Robot Interaction (HRI)},
  pages={33--42},
  year={2022},
  organization={IEEE}
}
@article{steen2013co,
  title={Co-design as a process of joint inquiry and imagination},
  author={Steen, Marc},
  journal={Design issues},
  volume={29},
  number={2},
  pages={16--28},
  year={2013},
  publisher={MIT Press One Rogers Street, Cambridge, MA 02142-1209, USA journals-info~…}
}
@article{kujala2003user,
  title={User involvement: a review of the benefits and challenges},
  author={Kujala, Sari},
  journal={Behaviour \& information technology},
  volume={22},
  number={1},
  pages={1--16},
  year={2003},
  publisher={Taylor \& Francis}
}
@article{sanders2008co,
  title={Co-creation and the new landscapes of design},
  author={Sanders, Elizabeth B-N and Stappers, Pieter Jan},
  journal={Co-design},
  volume={4},
  number={1},
  pages={5--18},
  year={2008},
  publisher={Taylor \& Francis}
}
@article{halloran2009value,
  title={The value of values: Resourcing co-design of ubiquitous computing},
  author={Halloran, John and Hornecker, Eva and Stringer, Mark and Harris, Eric and Fitzpatrick, Geraldine},
  journal={CoDesign},
  volume={5},
  number={4},
  pages={245--273},
  year={2009},
  publisher={Taylor \& Francis}
}
@book{zamenopoulos2018co,
  title={Co-design as collaborative research},
  author={Zamenopoulos, Theodore and Alexiou, Katerina},
  year={2018},
  publisher={Bristol University/AHRC Connected Communities Programme}
}
@inproceedings{langston1989six,
  title={Six techniques for algorithmic music composition},
  author={Langston, Peter},
  booktitle={Proceedings of the International Computer Music Conference},
  volume={60},
  pages={59},
  year={1989},
  organization={Citeseer}
}
@article{tucker2017emergence,
  title={Emergence and Complexity in Music},
  author={Tucker, Zoe},
  year={2017}
}
@inproceedings{popoff2011indeterminate,
  title={Indeterminate music and probability spaces: the case of John Cage’s number pieces},
  author={Popoff, Alexandre},
  booktitle={Mathematics and Computation in Music: Third International Conference, MCM 2011, Paris, France, June 15-17, 2011. Proceedings 3},
  pages={220--229},
  year={2011},
  organization={Springer}
}
@article{mchugh_interrater_2012,
  title={Interrater reliability: the kappa statistic},
  author={McHugh, Mary L},
  journal={Biochemia medica},
  volume={22},
  number={3},
  pages={276--282},
  year={2012},
  publisher={Medicinska naklada}
}
@inproceedings{gemeinboeck2013creative,
  title={Creative Machine Performance: Computational Creativity and Robotic Art.},
  author={Gemeinboeck, Petra and Saunders, Rob},
  booktitle={ICCC},
  pages={215--219},
  year={2013},
  organization={Citeseer}
}
@article{jeon2017robotic,
  title={Robotic arts: Current practices, potentials, and implications},
  author={Jeon, Myounghoon},
  journal={Multimodal Technologies and Interaction},
  volume={1},
  number={2},
  pages={5},
  year={2017},
  publisher={MDPI}
}
@incollection{gubenko2023towards,
  title={Towards a framework for human-robot co-creation},
  author={Gubenko, Alla and Houssemand, Claude},
  booktitle={Social Robots in Social Institutions},
  pages={749--754},
  year={2023},
  publisher={IOS Press}
}
@inproceedings{thorn2020human,
  title={Human-robot artistic co-creation: a study in improvised robot dance},
  author={Th{\"o}rn, Oscar and Knudsen, Peter and Saffiotti, Alessandro},
  booktitle={2020 29th IEEE International conference on robot and human interactive communication (RO-MAN)},
  pages={845--850},
  year={2020},
  organization={IEEE}
}
@misc{cone2019robots,
  title={How robots change the world},
  author={Cone, Edward and Lambert, James},
  year={2019},
  publisher={Oxford Economics}
}
@article{jimeno2019fewer,
  title={Fewer babies and more robots: economic growth in a new era of demographic and technological changes},
  author={Jimeno, Juan F},
  journal={SERIEs},
  volume={10},
  number={2},
  pages={93--114},
  year={2019},
  publisher={Springer}
}
@article{hoffman2011interactive,
  title={Interactive improvisation with a robotic marimba player},
  author={Hoffman, Guy and Weinberg, Gil},
  journal={Autonomous Robots},
  volume={31},
  pages={133--153},
  year={2011},
  publisher={Springer}
}
@article{savery2021shimon,
  title={Shimon sings-robotic musicianship finds its voice},
  author={Savery, Richard and Zahray, Lisa and Weinberg, Gil},
  journal={Handbook of Artificial Intelligence for Music: Foundations, Advanced Approaches, and Developments for Creativity},
  pages={823--847},
  year={2021},
  publisher={Springer}
}
@inproceedings{tang2022human,
  title={Human and machine symbiosis-an experiment of human and robot co-creation of calligraphy-style drawing},
  author={Tang, Ming},
  booktitle={International Conference on Human-Computer Interaction},
  pages={462--467},
  year={2022},
  organization={Springer}
}
@inproceedings{zhuo2021human,
  title={Human-machine co-creation on artistic paintings},
  author={Zhuo, Fan},
  booktitle={2021 IEEE 1st International Conference on Digital Twins and Parallel Intelligence (DTPI)},
  pages={316--319},
  year={2021},
  organization={IEEE}
}
@inproceedings{saffiotti2020human,
  title={On human-AI collaboration in artistic performance},
  author={Saffiotti, Alessandro and Fogel, Peter and Knudsen, Peter and de Miranda, Luis and Th{\"o}rn, Oscar},
  booktitle={First International Workshop on New Foundations for Human-Centered AI (NeHuAI) co-located with 24th European Conference on Artificial Intelligence (ECAI 2020), Santiago de Compostella, Spain, September 4, 2020},
  pages={38--43},
  year={2020},
  organization={CEUR-WS}
}
@book{weinberg2020robotic,
  title={Robotic musicianship: embodied artificial creativity and mechatronic musical expression},
  author={Weinberg, Gil and Bretan, Mason and Hoffman, Guy and Driscoll, Scott},
  volume={8},
  year={2020},
  publisher={Springer Nature}
}
@article{cohen2016harold,
  title={Harold cohen and AARON},
  author={Cohen, Paul},
  journal={Ai Magazine},
  volume={37},
  number={4},
  pages={63--66},
  year={2016}
}
@article{cohen1995further,
  title={The further exploits of AARON, painter},
  author={Cohen, Harold},
  journal={Stanford Humanities Review},
  volume={4},
  number={2},
  pages={141--158},
  year={1995}
}
@article{bruun2020human,
  title={Human--robot collaboration: a fabrication framework for the sequential design and construction of unplanned spatial structures},
  author={Bruun, Edvard PG and Ting, Ian and Adriaenssens, Sigrid and Parascho, Stefana},
  journal={Digital Creativity},
  volume={31},
  number={4},
  pages={320--336},
  year={2020},
  publisher={Taylor \& Francis}
}
@article{candy2002integrating,
  title={Integrating computers as explorers in art practice},
  author={Candy, Linda and Edmonds, Ernest and Quantrill, Michael},
  journal={Explorations in Art and Technology},
  pages={225--230},
  year={2002},
  publisher={Springer}
}
@article{gomez2021robot,
  title={The robot is present: Creative approaches for artistic expression with robots},
  author={Gomez Cubero, Carlos and Pekarik, Maros and Rizzo, Valeria and Jochum, Elizabeth},
  journal={Frontiers in Robotics and AI},
  volume={8},
  pages={662249},
  year={2021},
  publisher={Frontiers Media SA}
}
@inproceedings{kapur2007integrating,
  title={Integrating hyperinstruments, musical robots \& machine musicianship for North Indian classical music},
  author={Kapur, Ajay and Singer, Eric and Benning, Manjinder S and Tzanetakis, George and Trimpin},
  booktitle={Proceedings of the 7th international conference on New interfaces for musical expression},
  pages={238--241},
  year={2007}
}
@inproceedings{crick2006synchronization,
  title={Synchronization in social tasks: Robotic drumming},
  author={Crick, Christopher and Munz, Matthew and Scassellati, Brian},
  booktitle={ROMAN 2006-The 15th IEEE international symposium on robot and human interactive communication},
  pages={97--102},
  year={2006},
  organization={IEEE}
}
@article{weinberg2006toward,
  title={Toward robotic musicianship},
  author={Weinberg, Gil and Driscoll, Scott},
  journal={Computer Music Journal},
  pages={28--45},
  year={2006},
  publisher={JSTOR}
}
@article{drake2000development,
  title={The development of rhythmic attending in auditory sequences: attunement, referent period, focal attending},
  author={Drake, Carolyn and Jones, Mari Riess and Baruch, Clarisse},
  journal={Cognition},
  volume={77},
  number={3},
  pages={251--288},
  year={2000},
  publisher={Elsevier}
}
@inproceedings{weinberg2007robotic,
  title={Robotic musicianship-musical interactions between humans and machines},
  author={Weinberg, Gil},
  booktitle={Human Robot Interaction},
  year={2007},
  organization={IntechOpen}
}
@article{fortuna2023creators,
  title={Creators matter. perception and pricing of art made by human, cyborgs and humanoid robots},
  author={Fortuna, Pawe{\l} and Modli{\'n}ski, Artur and McNeill, Monika},
  journal={Empirical Studies of the Arts},
  volume={41},
  number={2},
  pages={331--351},
  year={2023},
  publisher={Sage Publications Sage CA: Los Angeles, CA}
}
@article{coeckelbergh2017can,
  title={Can machines create art?},
  author={Coeckelbergh, Mark},
  journal={Philosophy \& Technology},
  volume={30},
  number={3},
  pages={285--303},
  year={2017},
  publisher={Springer}
}
@article{jucker2014just,
  title={“I just don't get it”: perceived artists' intentions affect art evaluations},
  author={Jucker, Jean-Luc and Barrett, Justin L and Wlodarski, Rafael},
  journal={Empirical Studies of the Arts},
  volume={32},
  number={2},
  pages={149--182},
  year={2014},
  publisher={SAGE Publications Sage CA: Los Angeles, CA}
}
@article{petridou2020ai,
  title={Ai-Da: The World's First Humanoid AI Artist. Will AI Become Art's Next Medium?},
  author={Petridou, Aikaterini},
  year={2020}
}
@book{turkle2005second,
  title={The second self: Computers and the human spirit},
  author={Turkle, Sherry},
  year={2005},
  publisher={Mit Press}
}
@article{demmer2023does,
  title={Does an emotional connection to art really require a human artist? Emotion and intentionality responses to AI-versus human-created art and impact on aesthetic experience},
  author={Demmer, Theresa Rahel and K{\"u}hnapfel, Corinna and Fingerhut, Joerg and Pelowski, Matthew},
  journal={Computers in Human Behavior},
  volume={148},
  pages={107875},
  year={2023},
  publisher={Elsevier}
}
@misc{aidaPounds,
	author = {Chris Young},
	title = {{N}ew {E}xhibition {E}xplores {W}hether {A}{I} {R}obots {S}hould {O}wn {I}ntellectual {P}roperty --- interestingengineering.com},
	howpublished = {\url{https://interestingengineering.com/innovation/new-exhibition-explores-whether-ai-robots-should-own-intellectual-property}},
	year = {2020},
	note = {[Accessed 21-09-2024]},
}
@article{terzidis2023unintentional,
  title={Unintentional intentionality: art and design in the age of artificial intelligence},
  author={Terzidis, Kostas and Fabrocini, Filippo and Lee, Hyejin},
  journal={AI \& SOCIETY},
  volume={38},
  number={4},
  pages={1715--1724},
  year={2023},
  publisher={Springer}
}
@inproceedings{weinberg2008robotic,
  title={Robotic musicianship.},
  author={Weinberg, Gil and Bretan, Mason and Hoffman, Guz and Driscoll, Scott},
  booktitle={RO-MAN},
  year={2008},
  organization={Springer}
}
@book{rowe2004machine,
  title={Machine musicianship},
  author={Rowe, Robert},
  year={2004},
  publisher={MIT press}
}
@article{kusuda2008toyota,
  title={Toyota's violin-playing robot},
  author={Kusuda, Yoshihiro},
  journal={Industrial Robot: An International Journal},
  volume={35},
  number={6},
  pages={504--506},
  year={2008},
  publisher={Emerald Group Publishing Limited}
}
@book{ice2012percussion,
  title={The percussion quartet: A chronological listing and performance guide of six selected works},
  author={Ice, Stefan Patrick},
  year={2012},
  publisher={The University of Oklahoma}
}
@inproceedings{albin2012musical,
  title={Musical abstractions in distributed multi-robot systems},
  author={Albin, Aaron and Weinberg, Gil and Egerstedt, Magnus},
  booktitle={2012 IEEE/RSJ International Conference on Intelligent Robots and Systems},
  pages={451--458},
  year={2012},
  organization={IEEE}
}
@article{hoffmann2021emotions,
  title={Emotions, creativity, and the arts: Evaluating a course for children},
  author={Hoffmann, Jessica D and Ivcevic, Zorana and Maliakkal, Nadine},
  journal={Empirical Studies of the Arts},
  volume={39},
  number={2},
  pages={123--148},
  year={2021},
  publisher={Sage Publications Sage CA: Los Angeles, CA}
}
@inproceedings{pu2024heartfelt,
  title={A HeARTfelt Robot: Social Robot-Driven Deep Emotional Art Reflection with Children},
  author={Pu, Isabella and Nguyen, Golda and Alsultan, Lama and Picard, Rosalind and Breazeal, Cynthia and Alghowinem, Sharifa},
  booktitle={2024 33rd IEEE International Conference on Robot and Human Interactive Communication (ROMAN)},
  pages={1828--1835},
  year={2024},
  organization={IEEE}
}

@article{turchet2018smart,
  title={Smart Musical Instruments: vision, design principles, and future directions},
  author={Turchet, Luca},
  journal={IEEE Access},
  volume={7},
  pages={8944--8963},
  year={2018},
  publisher={IEEE}
}
@article{sellen2009reflecting,
  title={Reflecting human values in the digital age},
  author={Sellen, Abigail and Rogers, Yvonne and Harper, Richard and Rodden, Tom},
  journal={Communications of the ACM},
  volume={52},
  number={3},
  pages={58--66},
  year={2009},
  publisher={ACM New York, NY, USA}
}
@article{friedman1996value,
  title={Value-sensitive design},
  author={Friedman, Batya},
  journal={interactions},
  volume={3},
  number={6},
  pages={16--23},
  year={1996},
  publisher={ACM New York, NY, USA}
}
@inproceedings{benford2012supporting,
  title={Supporting traditional music-making: designing for situated discretion},
  author={Benford, Steve and Tolmie, Peter and Ahmed, Ahmed Y and Crabtree, Andy and Rodden, Tom},
  booktitle={Proceedings of the ACM 2012 conference on Computer Supported Cooperative Work},
  pages={127--136},
  year={2012}
}
@article{poirson2007integration,
  title={Integration of user perceptions in the design process: application to musical instrument optimization},
  author={Poirson, Emilie and Petiot, Jean-Fran{\c{c}}ois and Gilbert, Jo{\"e}l},
  year={2007}
}
@article{camburn2017design,
  title={Design prototyping methods: state of the art in strategies, techniques, and guidelines},
  author={Camburn, Bradley and Viswanathan, Vimal and Linsey, Julie and Anderson, David and Jensen, Daniel and Crawford, Richard and Otto, Kevin and Wood, Kristin},
  journal={Design Science},
  volume={3},
  pages={e13},
  year={2017},
  publisher={Cambridge University Press}
}
@article{solis2006waseda,
  title={The Waseda flutist robot WF-4RII in comparison with a professional flutist},
  author={Solis, Jorge and Chida, Keisuke and Taniguchi, Koichi and Hashimoto, Shinichiro Michael and Suefuji, Kei and Takanishi, Atsuo},
  journal={Computer Music Journal},
  pages={12--27},
  year={2006},
  publisher={JSTOR}
}
@inproceedings{uchiyama2023development,
  title={Development of an anthropomorphic saxophonist robot using a human-like holding method},
  author={Uchiyama, Jun and Hashimoto, Tomoyuki and Ohta, Hina and Nishio, Yuya and Lin, J-Y and Cosentino, Sarah and Takanishi, Atsuo},
  booktitle={2023 IEEE/SICE International Symposium on System Integration (SII)},
  pages={1--6},
  year={2023},
  organization={IEEE}
}
@inproceedings{vear2024jess,
  title={Jess+: AI and robotics with inclusive music-making},
  author={Vear, Craig and Hazzard, Adrian and Moroz, Solomiya and Benerradi, Johann},
  booktitle={Proceedings of the CHI Conference on Human Factors in Computing Systems},
  pages={1--17},
  year={2024}
}
@article{bretan2016survey,
  title={A survey of robotic musicianship},
  author={Bretan, Mason and Weinberg, Gil},
  journal={Communications of the ACM},
  volume={59},
  number={5},
  pages={100--109},
  year={2016},
  publisher={ACM New York, NY, USA}
}
@inproceedings{flo2015doppelganger,
  title={Doppelg{\"a}nger: A solenoid-based large scale sound installation.},
  author={Fl{\o}, Asbj{\o}rn Blokkum and Wilmers, Hans},
  booktitle={NIME},
  pages={61--64},
  year={2015}
}
@inproceedings{kapur2005history,
  title={A history of robotic musical instruments},
  author={Kapur, Ajay},
  booktitle={ICMC},
  volume={10},
  number={1.88},
  pages={4599},
  year={2005}
}
@inproceedings{jorda2002afasia,
  title={Afasia: the Ultimate Homeric One-man-multimedia-band},
  author={Jord{\`a}, Sergi},
  booktitle={Proceedings of the 2002 conference on New interfaces for musical expression},
  pages={1--6},
  year={2002}
}
@inproceedings{weinberg2006robot,
  title={Robot-human interaction with an anthropomorphic percussionist},
  author={Weinberg, Gil and Driscoll, Scott},
  booktitle={Proceedings of the SIGCHI conference on Human Factors in computing systems},
  pages={1229--1232},
  year={2006}
}
@inproceedings{zhang2011musical,
  title={Musical piano performance by the ACT Hand},
  author={Zhang, Ada and Malhotra, Mark and Matsuoka, Yoky},
  booktitle={2011 IEEE international conference on robotics and automation},
  pages={3536--3541},
  year={2011},
  organization={IEEE}
}
@article{dannenberg2011mcblare,
  title={McBlare: a robotic bagpipe player},
  author={Dannenberg, Roger B and Brown, H Ben and Lupish, Ron},
  journal={Musical Robots and Interactive Multimodal Systems},
  pages={165--178},
  year={2011},
  publisher={Springer}
}
@inproceedings{wu2010towards,
  title={Towards anthropomorphic robot thereminist},
  author={Wu, Yan and Kuvinichkul, Polake and Cheung, Peter YK and Demiris, Yiannis},
  booktitle={2010 IEEE International Conference on Robotics and Biomimetics},
  pages={235--240},
  year={2010},
  organization={IEEE}
}
@incollection{hoffman2010shimon,
  title={Shimon: an interactive improvisational robotic marimba player},
  author={Hoffman, Guy and Weinberg, Gil},
  booktitle={CHI'10 Extended Abstracts on Human Factors in Computing Systems},
  pages={3097--3102},
  year={2010}
}
@article{auslander2009lucille,
  title={Lucille meets Guitarbot: Instrumentality, agency, and technology in musical performance},
  author={Auslander, Philip},
  journal={Theatre Journal},
  volume={61},
  number={4},
  pages={603--616},
  year={2009},
  publisher={Johns Hopkins University Press}
}
@incollection{solis2011musical,
  title={Musical robots and interactive multimodal systems: An introduction},
  author={Solis, Jorge and Ng, Kia},
  booktitle={Musical Robots and Interactive Multimodal Systems},
  pages={1--12},
  year={2011},
  publisher={Springer}
}
@inproceedings{pessanha2021virtual,
  title={Virtual robotic musicianship: Challenges and opportunities},
  author={Pessanha, Thales Roel P and Camporez, Higor and Manzolli, J{\^o}natas and Masiero, Bruno Sanches and Costalonga, Leandro and Tavares, Tiago Fernandes},
  booktitle={Proceedings of the Sound and Music Computing Conference (SMC’21)},
  year={2021},
  organization={Sound and Music Computing Network}
}
@inproceedings{benford2024negotiating,
  title={Negotiating Autonomy and Trust when Performing with an AI Musician},
  author={Benford, Steve and Amerotti, Marco and Sturm, Bob and Martinez Avila, Juan},
  booktitle={Proceedings of the Second International Symposium on Trustworthy Autonomous Systems},
  pages={1--10},
  year={2024}
}
@article{schutz2008seeing,
  title={Seeing music? What musicians need to know about vision},
  author={Schutz, Michael},
  year={2008},
  publisher={Empirical Musicology Review}
}
