@article{adler1999mathematics,
  title={Mathematics, automation and intuition in Signals Intelligence for percussion},
  author={Adler, Christopher},
  journal={System},
  volume={23},
  number={2},
  pages={19--30},
  year={1999}
}

@article{auslander2009lucille,
  title={Lucille meets Guitarbot: Instrumentality, agency, and technology in musical performance},
  author={Auslander, Philip},
  journal={Theatre Journal},
  volume={61},
  number={4},
  pages={603--616},
  year={2009},
  publisher={Johns Hopkins University Press}
}

@article{benzon1993stages,
  title={Stages in the Evolution of Music},
  author={Benzon, William L},
  journal={Journal of Social and Evolutionary Systems},
  volume={16},
  number={3},
  pages={273--296},
  year={1993},
  publisher={Elsevier}
}

@article{bretan2016survey,
  title={A survey of robotic musicianship},
  author={Bretan, Mason and Weinberg, Gil},
  journal={Communications of the ACM},
  volume={59},
  number={5},
  pages={100--109},
  year={2016},
  publisher={ACM New York, NY, USA}
}

@article{bruun2020human,
  title={Human--robot collaboration: a fabrication framework for the sequential design and construction of unplanned spatial structures},
  author={Bruun, Edvard PG and Ting, Ian and Adriaenssens, Sigrid and Parascho, Stefana},
  journal={Digital Creativity},
  volume={31},
  number={4},
  pages={320--336},
  year={2020},
  publisher={Taylor \& Francis}
}

@online{cage,
  author = {Sam Z. Solomon},
  title = {John Cage, composed Improvisation for snare drum (1987)},
  url = {http://szsolomon.com/john-cage-composed-improvisation-snare-drum-1987/}
}

@article{clapping,
 ISSN = {00316016},
 URL = {http://www.jstor.org/stable/25652402},
 author = {Justin Colannino and Francisco Gómez and Godfried T. Toussaint},
 journal = {Perspectives of New Music},
 number = {1},
 pages = {111--134},
 publisher = {Perspectives of New Music},
 title = {Analysis of Emergent Beat-Class Sets in Steve Reich's "Clapping Music" and the Yoruba Bell Timeline},
 urldate = {2023-02-22},
 volume = {47},
 year = {2009}
}

@misc{cone2019robots,
  title={How robots change the world},
  author={Cone, Edward and Lambert, James},
  year={2019},
  publisher={Oxford Economics}
}

@article{dannenberg2011mcblare,
  title={McBlare: a robotic bagpipe player},
  author={Dannenberg, Roger B and Brown, H Ben and Lupish, Ron},
  journal={Musical Robots and Interactive Multimodal Systems},
  pages={165--178},
  year={2011},
  publisher={Springer}
}

@article{feisst2009john,
  title={John Cage and improvisation: an unresolved relationship},
  author={Feisst, Sabine M and Solis, Gabriel and Nettl, Bruno},
  journal={Musical improvisation: Art, education, and society},
  volume={2},
  number={5},
  year={2009},
  publisher={Champaign, IL: University of Illinois Press}
}

@inproceedings{flo2015doppelganger,
  title={Doppelg{\"a}nger: A solenoid-based large scale sound installation.},
  author={Fl{\o}, Asbj{\o}rn Blokkum and Wilmers, Hans},
  booktitle={NIME},
  pages={61--64},
  year={2015}
}

@inproceedings{gemeinboeck2013creative,
  title={Creative Machine Performance: Computational Creativity and Robotic Art.},
  author={Gemeinboeck, Petra and Saunders, Rob},
  booktitle={ICCC},
  pages={215--219},
  year={2013},
  organization={Citeseer}
}

@online{glass,
  author = {John Liberatore},
  title = {Music in All Directions: An Examination of Style in Music of Philip Glass},
  url = {https://performingarts.nd.edu/news-announcements/music-in-all-directions-an-examination-of-style-in-music-of-philip-glass/}
}

@book{hartenberger2016cambridge,
  title={The Cambridge companion to percussion},
  author={Hartenberger, Russell},
  year={2016},
  publisher={Cambridge University Press}
}

@book{hartenberger2016performance,
  title={Performance practice in the music of steve reich},
  author={Hartenberger, Russell},
  year={2016},
  publisher={Cambridge University Press}
}

@incollection{hoffman2010shimon,
  title={Shimon: an interactive improvisational robotic marimba player},
  author={Hoffman, Guy and Weinberg, Gil},
  booktitle={CHI'10 Extended Abstracts on Human Factors in Computing Systems},
  pages={3097--3102},
  year={2010}
}

@article{hoffman2011interactive,
  title={Interactive improvisation with a robotic marimba player},
  author={Hoffman, Guy and Weinberg, Gil},
  journal={Autonomous Robots},
  volume={31},
  pages={133--153},
  year={2011},
  publisher={Springer}
}

@article{isac2020repetitive,
  title={Repetitive minimalism in the work of Philip Glass. Composition techniques},
  author={Isac, Iuliana},
  journal={Bulletin of the Transilvania University of Bra{\c{s}}ov, Series VIII: Performing Arts},
  volume={13},
  number={2-Suppl},
  pages={141--148},
  year={2020},
  publisher={Editura Universitatii Transilvania din Brasov}
}

@article{jeon2017robotic,
  title={Robotic arts: Current practices, potentials, and implications},
  author={Jeon, Myounghoon},
  journal={Multimodal Technologies and Interaction},
  volume={1},
  number={2},
  pages={5},
  year={2017},
  publisher={MDPI}
}

@article{jimeno2019fewer,
  title={Fewer babies and more robots: economic growth in a new era of demographic and technological changes},
  author={Jimeno, Juan F},
  journal={SERIEs},
  volume={10},
  number={2},
  pages={93--114},
  year={2019},
  publisher={Springer}
}

@inproceedings{jorda2002afasia,
  title={Afasia: the Ultimate Homeric One-man-multimedia-band},
  author={Jord{\`a}, Sergi},
  booktitle={Proceedings of the 2002 conference on New interfaces for musical expression},
  pages={1--6},
  year={2002}
}

@inproceedings{kapur2005history,
  title={A history of robotic musical instruments},
  author={Kapur, Ajay},
  booktitle={ICMC},
  volume={10},
  number={1.88},
  pages={4599},
  year={2005}
}

@inproceedings{kapur2007integrating,
  title={Integrating hyperinstruments, musical robots \& machine musicianship for North Indian classical music},
  author={Kapur, Ajay and Singer, Eric and Benning, Manjinder S and Tzanetakis, George and Trimpin},
  booktitle={Proceedings of the 7th international conference on New interfaces for musical expression},
  pages={238--241},
  year={2007}
}

@article{kusuda2008toyota,
  title={Toyota's violin-playing robot},
  author={Kusuda, Yoshihiro},
  journal={Industrial Robot: An International Journal},
  volume={35},
  number={6},
  pages={504--506},
  year={2008},
  publisher={Emerald Group Publishing Limited}
}

@inproceedings{langston1989six,
  title={Six techniques for algorithmic music composition},
  author={Langston, Peter},
  booktitle={Proceedings of the International Computer Music Conference},
  volume={60},
  pages={59},
  year={1989},
  organization={Citeseer}
}

@article{mcalpine1999making,
  title={Making music with algorithms: A case-study system},
  author={McAlpine, Kenneth and Miranda, Eduardo and Hoggar, Stuart},
  journal={Computer Music Journal},
  volume={23},
  number={2},
  pages={19--30},
  year={1999},
  publisher={JSTOR}
}

@inproceedings{pessanha2021virtual,
  title={Virtual robotic musicianship: Challenges and opportunities},
  author={Pessanha, Thales Roel P and Camporez, Higor and Manzolli, J{\^o}natas and Masiero, Bruno Sanches and Costalonga, Leandro and Tavares, Tiago Fernandes},
  booktitle={Proceedings of the Sound and Music Computing Conference (SMC’21)},
  year={2021},
  organization={Sound and Music Computing Network}
}

@inproceedings{popoff2011indeterminate,
  title={Indeterminate music and probability spaces: the case of John Cage’s number pieces},
  author={Popoff, Alexandre},
  booktitle={Mathematics and Computation in Music: Third International Conference, MCM 2011, Paris, France, June 15-17, 2011. Proceedings 3},
  pages={220--229},
  year={2011},
  organization={Springer}
}

@article{reich,
 ISSN = {00316016},
 URL = {http://www.jstor.org/stable/832600},
 author = {K. Robert Schwarz},
 journal = {Perspectives of New Music},
 number = {1/2},
 pages = {373--392},
 publisher = {Perspectives of New Music},
 title = {Steve Reich: Music as a Gradual Process: Part I},
 urldate = {2023-02-22},
 volume = {19},
 year = {1980}
}

@book{rowe2004machine,
  title={Machine musicianship},
  author={Rowe, Robert},
  year={2004},
  publisher={MIT press}
}

@article{savery2021shimon,
  title={Shimon sings-robotic musicianship finds its voice},
  author={Savery, Richard and Zahray, Lisa and Weinberg, Gil},
  journal={Handbook of Artificial Intelligence for Music: Foundations, Advanced Approaches, and Developments for Creativity},
  pages={823--847},
  year={2021},
  publisher={Springer}
}

@article{schutz2008seeing,
  title={Seeing music? What musicians need to know about vision},
  author={Schutz, Michael},
  year={2008},
  publisher={Empirical Musicology Review}
}

@article{solis2006waseda,
  title={The Waseda flutist robot WF-4RII in comparison with a professional flutist},
  author={Solis, Jorge and Chida, Keisuke and Taniguchi, Koichi and Hashimoto, Shinichiro Michael and Suefuji, Kei and Takanishi, Atsuo},
  journal={Computer Music Journal},
  pages={12--27},
  year={2006},
  publisher={JSTOR}
}

@incollection{solis2011musical,
  title={Musical robots and interactive multimodal systems: An introduction},
  author={Solis, Jorge and Ng, Kia},
  booktitle={Musical Robots and Interactive Multimodal Systems},
  pages={1--12},
  year={2011},
  publisher={Springer}
}

@inproceedings{thorn2020human,
  title={Human-robot artistic co-creation: a study in improvised robot dance},
  author={Th{\"o}rn, Oscar and Knudsen, Peter and Saffiotti, Alessandro},
  booktitle={2020 29th IEEE International conference on robot and human interactive communication (RO-MAN)},
  pages={845--850},
  year={2020},
  organization={IEEE}
}

@article{tucker2017emergence,
  title={Emergence and Complexity in Music},
  author={Tucker, Zoe},
  year={2017}
}

@inproceedings{uchiyama2023development,
  title={Development of an anthropomorphic saxophonist robot using a human-like holding method},
  author={Uchiyama, Jun and Hashimoto, Tomoyuki and Ohta, Hina and Nishio, Yuya and Lin, J-Y and Cosentino, Sarah and Takanishi, Atsuo},
  booktitle={2023 IEEE/SICE International Symposium on System Integration (SII)},
  pages={1--6},
  year={2023},
  organization={IEEE}
}

@inproceedings{vear2024jess,
  title={Jess+: AI and robotics with inclusive music-making},
  author={Vear, Craig and Hazzard, Adrian and Moroz, Solomiya and Benerradi, Johann},
  booktitle={Proceedings of the CHI Conference on Human Factors in Computing Systems},
  pages={1--17},
  year={2024}
}

@inproceedings{weinberg2006robot,
  title={Robot-human interaction with an anthropomorphic percussionist},
  author={Weinberg, Gil and Driscoll, Scott},
  booktitle={Proceedings of the SIGCHI conference on Human Factors in computing systems},
  pages={1229--1232},
  year={2006}
}

@article{weinberg2006toward,
  title={Toward robotic musicianship},
  author={Weinberg, Gil and Driscoll, Scott},
  journal={Computer Music Journal},
  pages={28--45},
  year={2006},
  publisher={JSTOR}
}

@inproceedings{weinberg2007robotic,
  title={Robotic musicianship-musical interactions between humans and machines},
  author={Weinberg, Gil},
  booktitle={Human Robot Interaction},
  year={2007},
  organization={IntechOpen}
}

@inproceedings{wu2010towards,
  title={Towards anthropomorphic robot thereminist},
  author={Wu, Yan and Kuvinichkul, Polake and Cheung, Peter YK and Demiris, Yiannis},
  booktitle={2010 IEEE International Conference on Robotics and Biomimetics},
  pages={235--240},
  year={2010},
  organization={IEEE}
}

@inproceedings{zhang2011musical,
  title={Musical piano performance by the ACT Hand},
  author={Zhang, Ada and Malhotra, Mark and Matsuoka, Yoky},
  booktitle={2011 IEEE international conference on robotics and automation},
  pages={3536--3541},
  year={2011},
  organization={IEEE}
}

@inproceedings{zhuo2021human,
  title={Human-machine co-creation on artistic paintings},
  author={Zhuo, Fan},
  booktitle={2021 IEEE 1st International Conference on Digital Twins and Parallel Intelligence (DTPI)},
  pages={316--319},
  year={2021},
  organization={IEEE}
}

