@article{chen2019new,
  title={A new reversible data hiding in encrypted image based on multi-secret sharing and lightweight cryptographic algorithms},
  author={Chen, Yu-Chi and Hung, Tsung-Hsuan and Hsieh, Sung-Hsien and Shiu, Chih-Wei},
  journal={IEEE Transactions on Information Forensics and Security},
  volume={14},
  number={12},
  pages={3332--3343},
  year={2019},
  publisher={IEEE}
}

@article{chen_secret_2020,
  title={Secret sharing based reversible data hiding in encrypted images with multiple data-hiders},
  author={Chen, Bing and Lu, Wei and Huang, Jiwu and Weng, Jian and Zhou, Yicong},
  journal={IEEE Transactions on Dependable and Secure Computing},
  volume={19},
  number={2},
  pages={978--991},
  year={2020},
  publisher={IEEE}
}

@ARTICLE{hua2022matrix,
  author={Hua, Zhongyun and Wang, Yanxiang and Yi, Shuang and Zheng, Yifeng and Liu, Xingyu and Chen, Yongyong and Zhang, Xinpeng},
  journal={IEEE Transactions on Dependable and Secure Computing}, 
  title={Matrix-Based Secret Sharing for Reversible Data Hiding in Encrypted Images}, 
  year={2023},
  volume={20},
  number={5},
  pages={3669-3686},
  keywords={Cryptography;Biomedical imaging;Cloud computing;Servers;Internet of Things;Redundancy;Receivers;Encrypted image;information processing in encrypted domain;multiple data-hiders;reversible data hiding;secret sharing},
  doi={10.1109/TDSC.2022.3218570}}

@article{hua_reversible_2023,
  author={Hua, Zhongyun and Liu, Xingyu and Zheng, Yifeng and Yi, Shuang and Zhang, Yushu},
  journal={IEEE Transactions on Circuits and Systems for Video Technology}, 
  title={Reversible Data Hiding Over Encrypted Images via Preprocessing-Free Matrix Secret Sharing}, 
  year={2024},
  volume={34},
  number={3},
  pages={1799-1814},
  keywords={Cryptography;Servers;Encryption;Redundancy;Image coding;Biomedical imaging;Prediction methods;Reversible data hiding;encrypted image;multiple data hiders;secret sharing},
  doi={10.1109/TCSVT.2023.3298803}}

@article{ke2021reversible,
  title={A reversible data hiding scheme in encrypted domain for secret image sharing based on Chinese remainder theorem},
  author={Ke, Yan and Zhang, Minqing and Zhang, Xinpeng and Liu, Jia and Su, Tingting and Yang, Xiaoyuan},
  journal={IEEE Transactions on Circuits and Systems for Video Technology},
  volume={32},
  number={4},
  pages={2469--2481},
  year={2021},
  publisher={IEEE}
}

@article{qin2021reversible,
  title={Reversible Data Hiding in Encrypted Image via Secret Sharing Based on {GF(p)} and {GF($2^8$)}},
  author={Qin, Chuan and Jiang, Chanyu and Mo, Qun and Yao, Heng and Chang, Chin-Chen},
  journal={IEEE Transactions on Circuits and Systems for Video Technology},
  volume={32},
  number={4},
  pages={1928--1941},
  year={2021},
  publisher={IEEE}
}

@article{wu2018adopting,
  title={Adopting secret sharing for reversible data hiding in encrypted images},
  author={Wu, Xiaotian and Weng, Jian and Yan, WeiQi},
  journal={Signal Processing},
  volume={143},
  pages={269--281},
  year={2018},
  publisher={Elsevier}
}

@article{yu_reversible_2023,
  author={Yu, Chunqiang and Zhang, Xianquan and Qin, Chuan and Tang, Zhenjun},
  journal={IEEE Transactions on Circuits and Systems for Video Technology}, 
  title={Reversible Data Hiding in Encrypted Images With Secret Sharing and Hybrid Coding}, 
  year={2023},
  volume={33},
  number={11},
  pages={6443-6458},
  keywords={Cryptography;Encryption;Image coding;Encoding;Cloud computing;Payloads;Correlation;Reversible image hiding;iterative encryption;image sharing;high payload;hybrid coding},
  doi={10.1109/TCSVT.2023.3270882}}

