@misc{horn2013matrix,
  title={Matrix Analysis, 2nd edn Cambridge University Press},
  author={Horn, RA and Johnson, CR},
  year={2013},
  publisher={Cambridge}
}

@article{robinson1970short,
  title={A short proof of Cramer's rule},
  author={Robinson, Stephen M},
  journal={Mathematics Magazine},
  volume={43},
  number={2},
  pages={94--95},
  year={1970},
  publisher={Taylor \& Francis}
}

@article{yuan2024reversible,
  title={Reversible Data Hiding With Pattern Adaptive Prediction},
  author={Yuan, Junying and Zheng, Huicheng and Ni, Jiangqun},
  journal={The Computer Journal},
  volume={67},
  number={4},
  pages={1564--1571},
  year={2024},
  publisher={Oxford University Press}
}

@article{xiao2024high,
  title={High-capacity reversible data hiding in encrypted images based on adaptive block coding selection},
  author={Xiao, Fengjun and Wang, Ke and Shen, Yanzhao and Yao, Ye},
  journal={Journal of Visual Communication and Image Representation},
  volume={104},
  pages={104291},
  year={2024},
  publisher={Elsevier}
}

@article{zhang2024reversible,
  title={Reversible Data Hiding in Encrypted Images with Asymmetric Coding and Bit-plane Block Compression},
  author={Zhang, Xianquan and He, Feiyi and Yu, Chunqiang and Zhang, Xinpeng and Yang, Ching-Nung and Tang, Zhenjun},
  journal={IEEE Transactions on Multimedia},
  year={2024},
  publisher={IEEE}
}

@article{liu2024bi,
  title={Bi-directional Block Encoding for Reversible Data Hiding over Encrypted Images},
  author={Liu, Xingyu and Hua, Zhongyun and Yi, Shuang and Zhang, Yushu and Zhou, Yicong},
  journal={ACM Transactions on Multimedia Computing, Communications and Applications},
  volume={20},
  number={5},
  pages={1--23},
  year={2024},
  publisher={ACM New York, NY}
}

@article{ji2023reversible,
  title={Reversible Data Hiding in Encrypted Images with Adaptive Huffman Code based on Dynamic Prediction Axes},
  author={Ji, Chi and Gao, Guangyong and Shi, Yun-Qing},
  journal={IEEE Transactions on Multimedia},
  year={2023},
  publisher={IEEE}
}

@article{yu_reversible_2022,
  title={Reversible data hiding with adaptive difference recovery for encrypted images},
  author={Yu, Chunqiang and Zhang, Xianquan and Li, Guoxiang and Zhan, Shanhua and Tang, Zhenjun},
  journal={Information Sciences},
  volume={584},
  pages={89--110},
  year={2022},
  publisher={Elsevier}
}

@article{chen_secret_2020,
  title={Secret sharing based reversible data hiding in encrypted images with multiple data-hiders},
  author={Chen, Bing and Lu, Wei and Huang, Jiwu and Weng, Jian and Zhou, Yicong},
  journal={IEEE Transactions on Dependable and Secure Computing},
  volume={19},
  number={2},
  pages={978--991},
  year={2020},
  publisher={IEEE}
}

@article{qin2021reversible,
  title={Reversible Data Hiding in Encrypted Image via Secret Sharing Based on {GF(p)} and {GF($2^8$)}},
  author={Qin, Chuan and Jiang, Chanyu and Mo, Qun and Yao, Heng and Chang, Chin-Chen},
  journal={IEEE Transactions on Circuits and Systems for Video Technology},
  volume={32},
  number={4},
  pages={1928--1941},
  year={2021},
  publisher={IEEE}
}

@article{yu_reversible_2023,
  author={Yu, Chunqiang and Zhang, Xianquan and Qin, Chuan and Tang, Zhenjun},
  journal={IEEE Transactions on Circuits and Systems for Video Technology}, 
  title={Reversible Data Hiding in Encrypted Images With Secret Sharing and Hybrid Coding}, 
  year={2023},
  volume={33},
  number={11},
  pages={6443-6458},
  keywords={Cryptography;Encryption;Image coding;Encoding;Cloud computing;Payloads;Correlation;Reversible image hiding;iterative encryption;image sharing;high payload;hybrid coding},
  doi={10.1109/TCSVT.2023.3270882}}


@article{qiu_high-capacity_2022,
	title = {High-Capacity Framework for Reversible Data Hiding in Encrypted Image Using Pixel Prediction and Entropy Encoding},
	volume = {32},
	issn = {1558-2205},
	doi = {10.1109/TCSVT.2022.3163905},
	pages = {5874--5887},
	number = {9},
	journal = {{IEEE} Transactions on Circuits and Systems for Video Technology},
	author = {Qiu, Yingqiang and Ying, Qichao and Yang, Yuyan and Zeng, Huanqiang and Li, Sheng and Qian, Zhenxing},
	year = {2022}
}

@article{hua_reversible_2023,
  author={Hua, Zhongyun and Liu, Xingyu and Zheng, Yifeng and Yi, Shuang and Zhang, Yushu},
  journal={IEEE Transactions on Circuits and Systems for Video Technology}, 
  title={Reversible Data Hiding Over Encrypted Images via Preprocessing-Free Matrix Secret Sharing}, 
  year={2024},
  volume={34},
  number={3},
  pages={1799-1814},
  keywords={Cryptography;Servers;Encryption;Redundancy;Image coding;Biomedical imaging;Prediction methods;Reversible data hiding;encrypted image;multiple data hiders;secret sharing},
  doi={10.1109/TCSVT.2023.3298803}}


@article{ke_fully_2020,
  author={Ke, Yan and Zhang, Min-Qing and Liu, Jia and Su, Ting-Ting and Yang, Xiao-Yuan},
  journal={IEEE Transactions on Circuits and Systems for Video Technology}, 
  title={Fully Homomorphic Encryption Encapsulated Difference Expansion for Reversible Data Hiding in Encrypted Domain}, 
  year={2020},
  volume={30},
  number={8},
  pages={2353-2365},
  keywords={Encryption;Public key;Data mining;Redundancy;Correlation;Information security;reversible data hiding in encrypted domain;difference expansion;public key cryptography;fully homomorphic encryption},
  doi={10.1109/TCSVT.2019.2963393}}


@article{li_histogram_2017,
  title={Histogram shifting in encrypted images with public key cryptosystem for reversible data hiding},
  author={Li, Ming and Li, Yang},
  journal={Signal Processing},
  volume={130},
  pages={190--196},
  year={2017},
  publisher={Elsevier}
}

@article{shamir_how_1979,
  title={How to share a secret},
  author={Shamir, Adi},
  journal={Communications of the ACM},
  volume={22},
  number={11},
  pages={612--613},
  year={1979},
  publisher={ACm New York, NY, USA}
}

@inproceedings{bas_break_2011,
  title={” Break our steganographic system”: the ins and outs of organizing BOSS},
  author={Bas, Patrick and Filler, Tom{\'a}{\v{s}} and Pevn{\`y}, Tom{\'a}{\v{s}}},
  booktitle={International workshop on information hiding},
  pages={59--70},
  year={2011},
  organization={Springer}
}

@article{bas2017image,
  title={Image database of BOWS-2},
  author={Bas, Patrick and Furon, Teddy},
  journal={Accessed: Jun},
  volume={20},
  pages={2016--2017},
  year={2017}
}

@book{trappe2006introduction,
  title={Introduction to cryptography with coding theory},
  author={Trappe, Wade},
  year={2006},
  publisher={Pearson Education India}
}

@article{chen2019new,
  title={A new reversible data hiding in encrypted image based on multi-secret sharing and lightweight cryptographic algorithms},
  author={Chen, Yu-Chi and Hung, Tsung-Hsuan and Hsieh, Sung-Hsien and Shiu, Chih-Wei},
  journal={IEEE Transactions on Information Forensics and Security},
  volume={14},
  number={12},
  pages={3332--3343},
  year={2019},
  publisher={IEEE}
}

@article{ma2013reversible,
  title={Reversible data hiding in encrypted images by reserving room before encryption},
  author={Ma, Kede and Zhang, Weiming and Zhao, Xianfeng and Yu, Nenghai and Li, Fenghua},
  journal={IEEE Transactions on information forensics and security},
  volume={8},
  number={3},
  pages={553--562},
  year={2013},
  publisher={IEEE}
}

@article{yi2017binary,
  title={Binary-block embedding for reversible data hiding in encrypted images},
  author={Yi, Shuang and Zhou, Yicong},
  journal={Signal Processing},
  volume={133},
  pages={40--51},
  year={2017},
  publisher={Elsevier}
}

@article{chen2019high,
  title={High-capacity reversible data hiding in encrypted images based on extended run-length coding and block-based MSB plane rearrangement},
  author={Chen, Kaimeng and Chang, Chin-Chen},
  journal={Journal of Visual Communication and Image Representation},
  volume={58},
  pages={334--344},
  year={2019},
  publisher={Elsevier}
}

@article{yu2021reversible,
  title={Reversible data hiding with hierarchical embedding for encrypted images},
  author={Yu, Chunqiang and Zhang, Xianquan and Zhang, Xinpeng and Li, Guoxiang and Tang, Zhenjun},
  journal={IEEE Transactions on Circuits and Systems for Video Technology},
  volume={32},
  number={2},
  pages={451--466},
  year={2021},
  publisher={IEEE}
}

@article{yin2020reversible,
  title={Reversible data hiding in encrypted images based on pixel prediction and bit-plane compression},
  author={Yin, Zhaoxia and Peng, Yinyin and Xiang, Youzhi},
  journal={IEEE Transactions on Dependable and Secure Computing},
  volume={19},
  number={2},
  pages={992--1002},
  year={2020},
  publisher={IEEE}
}

@article{zhang2011reversible,
  title={Reversible data hiding in encrypted image},
  author={Zhang, Xinpeng},
  journal={IEEE Signal Processing Letters},
  volume={18},
  number={4},
  pages={255--258},
  year={2011},
  publisher={IEEE}
}

@article{zhang2011separable,
  title={Separable reversible data hiding in encrypted image},
  author={Zhang, Xinpeng},
  journal={IEEE Transactions on Information Forensics and Security},
  volume={7},
  number={2},
  pages={826--832},
  year={2011},
  publisher={IEEE}
}

@article{wu2014high,
  title={High-capacity reversible data hiding in encrypted images by prediction error},
  author={Wu, Xiaotian and Sun, Wei},
  journal={Signal Processing},
  volume={104},
  pages={387--400},
  year={2014},
  publisher={Elsevier}
}

@article{qu2021cryptanalysis,
  title={Cryptanalysis of reversible data hiding in encrypted images by block permutation and co-modulation},
  author={Qu, Lingfeng and Chen, Fan and Zhang, Shanjun and He, Hongjie},
  journal={IEEE Transactions on Multimedia},
  volume={24},
  pages={2924--2937},
  year={2021},
  publisher={IEEE}
}

@article{huang2016new,
  title={New framework for reversible data hiding in encrypted domain},
  author={Huang, Fangjun and Huang, Jiwu and Shi, Yun-Qing},
  journal={IEEE Transactions on Information Forensics and Security},
  volume={11},
  number={12},
  pages={2777--2789},
  year={2016},
  publisher={IEEE}
}

@article{qin2019efficient,
  title={An efficient coding scheme for reversible data hiding in encrypted image with redundancy transfer},
  author={Qin, Chuan and Qian, Xiaokang and Hong, Wien and Zhang, Xinpeng},
  journal={Information Sciences},
  volume={487},
  pages={176--192},
  year={2019},
  publisher={Elsevier}
}

@article{yi2018separable,
  title={Separable and reversible data hiding in encrypted images using parametric binary tree labeling},
  author={Yi, Shuang and Zhou, Yicong},
  journal={IEEE Transactions on Multimedia},
  volume={21},
  number={1},
  pages={51--64},
  year={2018},
  publisher={IEEE}
}


@article{gao2022high,
  title={High-capacity reversible data hiding in encrypted images based on adaptive block encoding},
  author={Gao, Kai and Horng, Ji-Hwei and Chang, Chin-Chen},
  journal={Journal of Visual Communication and Image Representation},
  volume={84},
  pages={103481},
  year={2022},
  publisher={Elsevier}
}

@ARTICLE{hua2022matrix,
  author={Hua, Zhongyun and Wang, Yanxiang and Yi, Shuang and Zheng, Yifeng and Liu, Xingyu and Chen, Yongyong and Zhang, Xinpeng},
  journal={IEEE Transactions on Dependable and Secure Computing}, 
  title={Matrix-Based Secret Sharing for Reversible Data Hiding in Encrypted Images}, 
  year={2023},
  volume={20},
  number={5},
  pages={3669-3686},
  keywords={Cryptography;Biomedical imaging;Cloud computing;Servers;Internet of Things;Redundancy;Receivers;Encrypted image;information processing in encrypted domain;multiple data-hiders;reversible data hiding;secret sharing},
  doi={10.1109/TDSC.2022.3218570}}


@article{chen2019reversible,
  title={Reversible data hiding in encrypted images with additive and multiplicative public-key homomorphism},
  author={Chen, Bing and Wu, Xiaotian and Lu, Wei and Ren, Honglin},
  journal={Signal Processing},
  volume={164},
  pages={48--57},
  year={2019},
  publisher={Elsevier}
}

@article{zheng2019lossless,
  title={Lossless data hiding based on homomorphic cryptosystem},
  author={Zheng, Shuli and Wang, Yuzhao and Hu, Donghui},
  journal={IEEE Transactions on Dependable and Secure Computing},
  volume={18},
  number={2},
  pages={692--705},
  year={2019},
  publisher={IEEE}
}

@article{wu2018adopting,
  title={Adopting secret sharing for reversible data hiding in encrypted images},
  author={Wu, Xiaotian and Weng, Jian and Yan, WeiQi},
  journal={Signal Processing},
  volume={143},
  pages={269--281},
  year={2018},
  publisher={Elsevier}
}

@article{ke2021reversible,
  title={A reversible data hiding scheme in encrypted domain for secret image sharing based on Chinese remainder theorem},
  author={Ke, Yan and Zhang, Minqing and Zhang, Xinpeng and Liu, Jia and Su, Tingting and Yang, Xiaoyuan},
  journal={IEEE Transactions on Circuits and Systems for Video Technology},
  volume={32},
  number={4},
  pages={2469--2481},
  year={2021},
  publisher={IEEE}
}

@article{qian2016encoding,
  author={Qian, Zhenxing and Zhang, Xinpeng},
  journal={IEEE Transactions on Circuits and Systems for Video Technology}, 
  title={Reversible Data Hiding in Encrypted Images With Distributed Source Encoding}, 
  year={2016},
  volume={26},
  number={4},
  pages={636-646},
  keywords={Receivers;Encryption;Data mining;Parity check codes;Estimation;Image reconstruction;Reversible data hiding;image encryption;image recovery;Image encryption;image recovery;reversible data hiding (RDH)},
  doi={10.1109/TCSVT.2015.2418611}}

@article{liao2015reversible,
  title={Reversible data hiding in encrypted images based on absolute mean difference of multiple neighboring pixels},
  author={Liao, Xin and Shu, Changwen},
  journal={Journal of Visual Communication and Image Representation},
  volume={28},
  pages={21--27},
  year={2015},
  publisher={Elsevier}
}

@article{wang2018three,
  title={A three-layer privacy preserving cloud storage scheme based on computational intelligence in fog computing},
  author={Wang, Tian and Zhou, Jiyuan and Chen, Xinlei and Wang, Guojun and Liu, Anfeng and Liu, Yang},
  journal={IEEE Transactions on Emerging Topics in Computational Intelligence},
  volume={2},
  number={1},
  pages={3--12},
  year={2018},
  publisher={IEEE}
}

@article{celik2005lossless,
  title={Lossless generalized-LSB data embedding},
  author={Celik, Mehmet Utku and Sharma, Gaurav and Tekalp, A Murat and Saber, Eli},
  journal={IEEE Transactions on Image Processing},
  volume={14},
  number={2},
  pages={253--266},
  year={2005},
  publisher={IEEE}
}

@article{gao2011lossless,
  title={Lossless data embedding using generalized statistical quantity histogram},
  author={Gao, Xinbo and An, Lingling and Yuan, Yuan and Tao, Dacheng and Li, Xuelong},
  journal={IEEE Transactions on Circuits and Systems for Video Technology},
  volume={21},
  number={8},
  pages={1061--1070},
  year={2011},
  publisher={IEEE}
}

@article{jia2019reversible,
  title={Reversible data hiding based on reducing invalid shifting of pixels in histogram shifting},
  author={Jia, Yujie and Yin, Zhaoxia and Zhang, Xinpeng and Luo, Yonglong},
  journal={Signal Processing},
  volume={163},
  pages={238--246},
  year={2019},
  publisher={Elsevier}
}

@article{tian2003reversible,
  title={Reversible data embedding using a difference expansion},
  author={Tian, Jun},
  journal={IEEE Transactions on Circuits and Systems for Video Technology},
  volume={13},
  number={8},
  pages={890--896},
  year={2003},
  publisher={IEEE}
}

@article{thodi2007expansion,
  title={Expansion embedding techniques for reversible watermarking},
  author={Thodi, Diljith M and Rodr{\'\i}guez, Jeffrey J},
  journal={IEEE Transactions on Image Processing},
  volume={16},
  number={3},
  pages={721--730},
  year={2007},
  publisher={IEEE}
}

@article{hu2021reversible,
  title={Reversible data hiding by using CNN prediction and adaptive embedding},
  author={Hu, Runwen and Xiang, Shijun},
  journal={IEEE Transactions on Pattern Analysis and Machine Intelligence},
  volume={44},
  number={12},
  pages={10196--10208},
  year={2021},
  publisher={IEEE}
}

@article{chang2022reversible,
  title={Reversible data hiding for color images based on adaptive 3D prediction-error expansion and double deep Q-network},
  author={Chang, Jie and Zhu, Guopu and Zhang, Hongli and Zhou, Yicong and Luo, Xiangyang and Wu, Ligang},
  journal={IEEE Transactions on Circuits and Systems for Video Technology},
  volume={32},
  number={8},
  pages={5055--5067},
  year={2022},
  publisher={IEEE}
}


@article{chen2023reversible,
  author={Chen, Kaimeng and Guan, Qingxiao and Zhang, Weiming and Yu, Nenghai},
  journal={IEEE Transactions on Dependable and Secure Computing}, 
  title={Reversible Data Hiding in Encrypted Images Based on Binary Symmetric Channel Model and Polar Code}, 
  year={2023},
  volume={20},
  number={6},
  pages={4519-4535},
  keywords={Cryptography;Image coding;Encryption;Data mining;Correlation;Redundancy;Polar codes;Data encryption;error control codes;information hiding;security and privacy protection},
  doi={10.1109/TDSC.2022.3228385}}


@article{qi2023reversible,
  title={Reversible data hiding based on prediction-error value ordering and multiple-embedding},
  author={Qi, Wenfa and Zhang, Tong and Li, Xiaolong and Ma, Bin and Guo, Zongming},
  journal={Signal Processing},
  volume={207},
  pages={108956},
  year={2023},
  publisher={Elsevier}
}

@article{zhou2023reversible,
  title={Reversible data hiding using a transformer predictor and an adaptive embedding strategy},
  author={Zhou, Linna and Lu, Zhigao and You, Weike and Fang, Xiaofei},
  journal={Frontiers of Information Technology \& Electronic Engineering},
  volume={24},
  number={8},
  pages={1143--1155},
  year={2023},
  publisher={Springer}
}

@ARTICLE{wu2023homomorphic,
  author={Wu, Hao-Tian and Cheung, Yiu-Ming and Zhuang, Zhenwei and Xu, Lingling and Hu, Jiankun},
  journal={IEEE Transactions on Cybernetics}, 
  title={Lossless Data Hiding in Encrypted Images Compatible With Homomorphic Processing}, 
  year={2023},
  volume={53},
  number={6},
  pages={3688-3701},
  keywords={Cryptography;Ciphers;Technological innovation;Redundancy;Additives;Probabilistic logic;Homomorphic encryption;Homomorphic processing;image encryption;lossless data hiding;Paillier cryptosystem;randomness},
  doi={10.1109/TCYB.2022.3163245}}

@article{chang2023cryptanalysis,
  title={Cryptanalysis of iterative encryption and image sharing scheme based on the VQ attack},
  author={Chang, Chin-Chen and Liu, Jui-Chuan and Gao, Kai},
  journal={Journal of Visual Communication and Image Representation},
  volume={97},
  pages={103973},
  year={2023},
  publisher={Elsevier}
}

@ARTICLE{yao2024reversible,
  author={Yao, Ye and Wang, Ke and Chang, Qi and Weng, Shaowei},
  journal={IEEE Transactions on Multimedia}, 
  title={Reversible Data Hiding in Encrypted Images Using Global Compression of Zero-Valued High Bit-Planes and Block Rearrangement}, 
  year={2024},
  volume={26},
  number={},
  pages={3701-3714},
  keywords={Image coding;Payloads;Data mining;Encryption;Encoding;Correlation;Receivers;Block rearrangement;encrypted image;privacy preservation;reversible data hiding;zero-valued high bit-planes compression},
  doi={10.1109/TMM.2023.3314975}}

@ARTICLE{yang2023reversible,
  author={Yang, Yaolin and He, Hongjie and Chen, Fan and Yuan, Yuan and Mao, Ningxiong},
  journal={IEEE Transactions on Multimedia}, 
  title={Reversible Data Hiding in Encrypted Images Based on Time-Varying Huffman Coding Table}, 
  year={2023},
  volume={25},
  number={},
  pages={8607-8619},
  keywords={Image coding;Huffman coding;Encryption;Complexity theory;Indexes;Redundancy;Resists;Encrypted images;huffman coding;index class scrambling;reversible data hiding;time-varying},
  doi={10.1109/TMM.2023.3238549}}

@ARTICLE{qu_xor_security,
  author={Qu, Lingfeng and He, Hongjie and Chen, Fan},
  journal={IEEE Transactions on Circuits and Systems for Video Technology}, 
  title={On The Security of Block Permutation and Co-XOR in Reversible Data Hiding}, 
  year={2022},
  volume={32},
  number={3},
  pages={920-932},
  doi={10.1109/TCSVT.2021.3069811}}

@article{wu1997context,
  title={Context-based, adaptive, lossless image coding},
  author={Wu, Xiaolin and Memon, Nasir},
  journal={IEEE Transactions on Communications},
  volume={45},
  number={4},
  pages={437--444},
  year={1997},
  publisher={IEEE}
}

@article{weinberger2000loco,
  title={The LOCO-I lossless image compression algorithm: Principles and standardization into JPEG-LS},
  author={Weinberger, Marcelo J and Seroussi, Gadiel and Sapiro, Guillermo},
  journal={IEEE Transactions on Image Processing},
  volume={9},
  number={8},
  pages={1309--1324},
  year={2000},
  publisher={IEEE}
}

@article{zhou2015secure,
  title={Secure reversible image data hiding over encrypted domain via key modulation},
  author={Zhou, Jiantao and Sun, Weiwei and Dong, Li and Liu, Xianming and Au, Oscar C and Tang, Yuan Yan},
  journal={IEEE Transactions on Circuits and Systems for Video Technology},
  volume={26},
  number={3},
  pages={441--452},
  year={2015},
  publisher={IEEE}
}

@article{wang2021reversible,
  title={Reversible data hiding in encrypted images using median edge detector and two’s complement},
  author={Wang, Rui and Wu, Guohua and Wang, Qiuhua and Yuan, Lifeng and Zhang, Zhen and Miao, Gongxun},
  journal={Symmetry},
  volume={13},
  number={6},
  pages={921},
  year={2021},
  publisher={MDPI}
}

@article{qian2016separable,
  title={Separable reversible data hiding in encrypted JPEG bitstreams},
  author={Qian, Zhenxing and Zhou, Hang and Zhang, Xinpeng and Zhang, Weiming},
  journal={IEEE Transactions on Dependable and Secure Computing},
  volume={15},
  number={6},
  pages={1055--1067},
  year={2016},
  publisher={IEEE}
}