@inproceedings{chen2020simple,
  title={A simple framework for contrastive learning of visual representations},
  author={Chen, Ting and Kornblith, Simon and Norouzi, Mohammad and Hinton, Geoffrey},
  booktitle={International conference on machine learning},
  pages={1597--1607},
  year={2020},
  organization={PMLR}
}

@inproceedings{chen2021empirical,
  title={An empirical study of training self-supervised vision transformers},
  author={Chen, Xinlei and Xie, Saining and He, Kaiming},
  booktitle={Proceedings of the IEEE/CVF international conference on computer vision},
  pages={9640--9649},
  year={2021}
}

@article{degirmenci2022arrhythmic,
  title={Arrhythmic heartbeat classification using 2d convolutional neural networks},
  author={Degirmenci, Murside and Ozdemir, Mehmet Akif and Izci, Elif and Akan, Aydin},
  journal={Irbm},
  volume={43},
  number={5},
  pages={422--433},
  year={2022},
  publisher={Elsevier}
}

@article{eldele2021time,
  title={Time-series representation learning via temporal and contextual contrasting},
  author={Eldele, Emadeldeen and Ragab, Mohamed and Chen, Zhenghua and Wu, Min and Kwoh, Chee Keong and Li, Xiaoli and Guan, Cuntai},
  journal={arXiv preprint arXiv:2106.14112},
  year={2021}
}

@inproceedings{he2022masked,
  title={Masked autoencoders are scalable vision learners},
  author={He, Kaiming and Chen, Xinlei and Xie, Saining and Li, Yanghao and Doll{\'a}r, Piotr and Girshick, Ross},
  booktitle={Proceedings of the IEEE/CVF conference on computer vision and pattern recognition},
  pages={16000--16009},
  year={2022}
}

@article{he2023transformers,
  title={Transformers in medical image analysis},
  author={He, Kelei and Gan, Chen and Li, Zhuoyuan and Rekik, Islem and Yin, Zihao and Ji, Wen and Gao, Yang and Wang, Qian and Zhang, Junfeng and Shen, Dinggang},
  journal={Intelligent Medicine},
  volume={3},
  number={1},
  pages={59--78},
  year={2023},
  publisher={Elsevier}
}

@article{huang2022snippet,
  title={Snippet policy network for multi-class varied-length ECG early classification},
  author={Huang, Yu and Yen, Gary G and Tseng, Vincent S},
  journal={IEEE Transactions on Knowledge and Data Engineering},
  volume={35},
  number={6},
  pages={6349--6361},
  year={2022},
  publisher={IEEE}
}

@article{jiang2021hadln,
  title={HADLN: hybrid attention-based deep learning network for automated arrhythmia classification},
  author={Jiang, Mingfeng and Gu, Jiayan and Li, Yang and Wei, Bo and Zhang, Jucheng and Wang, Zhikang and Xia, Ling},
  journal={Frontiers in Physiology},
  volume={12},
  pages={683025},
  year={2021},
  publisher={Frontiers Media SA}
}

@inproceedings{jinreading,
  title={Reading Your Heart: Learning ECG Words and Sentences via Pre-training ECG Language Model},
  author={Jin, Jiarui and Wang, Haoyu and Li, Jun and Huang, Sichao and Pan, Jiahui and Hong, Shenda},
  booktitle={Artificial Intelligence and Data Science for Healthcare: Bridging Data-Centric AI and People-Centric Healthcare}
}

@inproceedings{kiyasseh2021clocs,
  title={Clocs: Contrastive learning of cardiac signals across space, time, and patients},
  author={Kiyasseh, Dani and Zhu, Tingting and Clifton, David A},
  booktitle={International Conference on Machine Learning},
  pages={5606--5615},
  year={2021},
  organization={PMLR}
}

@article{liu2023g2d,
  title={G2d: From global to dense radiography representation learning via vision-language pre-training},
  author={Liu, Che and Ouyang, Cheng and Cheng, Sibo and Shah, Anand and Bai, Wenjia and Arcucci, Rossella},
  journal={arXiv preprint arXiv:2312.01522},
  year={2023}
}

@inproceedings{liu2023improving,
  title={Improving pixel-based mim by reducing wasted modeling capability},
  author={Liu, Yuan and Zhang, Songyang and Chen, Jiacheng and Yu, Zhaohui and Chen, Kai and Lin, Dahua},
  booktitle={Proceedings of the IEEE/CVF International Conference on Computer Vision},
  pages={5361--5372},
  year={2023}
}

@inproceedings{liu2023m,
  title={M-flag: Medical vision-language pre-training with frozen language models and latent space geometry optimization},
  author={Liu, Che and Cheng, Sibo and Chen, Chen and Qiao, Mengyun and Zhang, Weitong and Shah, Anand and Bai, Wenjia and Arcucci, Rossella},
  booktitle={International Conference on Medical Image Computing and Computer-Assisted Intervention},
  pages={637--647},
  year={2023},
  organization={Springer}
}

@article{liu2023pixmim,
  title={Pixmim: Rethinking pixel reconstruction in masked image modeling},
  author={Liu, Yuan and Zhang, Songyang and Chen, Jiacheng and Chen, Kai and Lin, Dahua},
  journal={arXiv preprint arXiv:2303.02416},
  year={2023}
}

@article{liu2024zero,
  title={Zero-shot ecg classification with multimodal learning and test-time clinical knowledge enhancement},
  author={Liu, Che and Wan, Zhongwei and Ouyang, Cheng and Shah, Anand and Bai, Wenjia and Arcucci, Rossella},
  journal={arXiv preprint arXiv:2403.06659},
  year={2024}
}

@inproceedings{mashrur2019automatic,
  title={Automatic identification of arrhythmia from ECG using AlexNet convolutional neural network},
  author={Mashrur, Fazla Rabbi and Roy, Amit Dutta and Saha, Dabasish Kumar},
  booktitle={2019 4th international conference on electrical information and communication technology (EICT)},
  pages={1--5},
  year={2019},
  organization={IEEE}
}

@article{na2024guiding,
  title={Guiding Masked Representation Learning to Capture Spatio-Temporal Relationship of Electrocardiogram},
  author={Na, Yeongyeon and Park, Minje and Tae, Yunwon and Joo, Sunghoon},
  journal={arXiv preprint arXiv:2402.09450},
  year={2024}
}

@inproceedings{natarajan2020wide,
  title={A wide and deep transformer neural network for 12-lead ECG classification},
  author={Natarajan, Annamalai and Chang, Yale and Mariani, Sara and Rahman, Asif and Boverman, Gregory and Vij, Shruti and Rubin, Jonathan},
  booktitle={2020 Computing in Cardiology},
  pages={1--4},
  year={2020},
  organization={IEEE}
}

@inproceedings{sawano2022masked,
  title={Masked Autoencoder-Based Self-Supervised Learning for Electrocardiograms to Detect Left Ventricular Systolic Dysfunction.},
  author={Sawano, Shinnosuke and Kodera, Satoshi and Takeuchi, Hirotoshi and Sukeda, Issei and Katsushika, Susumu and Komuro, Issei},
  booktitle={NeurIPS 2022 Workshop on Learning from Time Series for Health},
  year={2022}
}

@article{strodthoff2020deep,
  title={Deep learning for ECG analysis: Benchmarks and insights from PTB-XL},
  author={Strodthoff, Nils and Wagner, Patrick and Schaeffter, Tobias and Samek, Wojciech},
  journal={IEEE journal of biomedical and health informatics},
  volume={25},
  number={5},
  pages={1519--1528},
  year={2020},
  publisher={IEEE}
}

@article{tesfai2022lightweight,
  title={Lightweight shufflenet based cnn for arrhythmia classification},
  author={Tesfai, Huruy and Saleh, Hani and Al-Qutayri, Mahmoud and Mohammad, Moath B and Tekeste, Temesghen and Khandoker, Ahsan and Mohammad, Baker},
  journal={IEEE Access},
  volume={10},
  pages={111842--111854},
  year={2022},
  publisher={IEEE}
}

@article{tian2024foundation,
  title={Foundation model of ECG diagnosis: Diagnostics and explanations of any form and rhythm on ECG},
  author={Tian, Yuanyuan and Li, Zhiyuan and Jin, Yanrui and Wang, Mengxiao and Wei, Xiaoyang and Zhao, Liqun and Liu, Yunqing and Liu, Jinlei and Liu, Chengliang},
  journal={Cell Reports Medicine},
  volume={5},
  number={12},
  year={2024},
  publisher={Elsevier}
}

@article{wan2024med,
  title={Med-unic: Unifying cross-lingual medical vision-language pre-training by diminishing bias},
  author={Wan, Zhongwei and Liu, Che and Zhang, Mi and Fu, Jie and Wang, Benyou and Cheng, Sibo and Ma, Lei and Quilodr{\'a}n-Casas, C{\'e}sar and Arcucci, Rossella},
  journal={Advances in Neural Information Processing Systems},
  volume={36},
  year={2024}
}

@article{wang2023adversarial,
  title={Adversarial spatiotemporal contrastive learning for electrocardiogram signals},
  author={Wang, Ning and Feng, Panpan and Ge, Zhaoyang and Zhou, Yanjie and Zhou, Bing and Wang, Zongmin},
  journal={IEEE Transactions on Neural Networks and Learning Systems},
  year={2023},
  publisher={IEEE}
}

@inproceedings{wu2023medklip,
  title={Medklip: Medical knowledge enhanced language-image pre-training for x-ray diagnosis},
  author={Wu, Chaoyi and Zhang, Xiaoman and Zhang, Ya and Wang, Yanfeng and Xie, Weidi},
  booktitle={Proceedings of the IEEE/CVF International Conference on Computer Vision},
  pages={21372--21383},
  year={2023}
}

@article{yangecg,
  title={ECG-LM: Understanding Electrocardiogram with Large Language Model},
  author={Yang, Kai and Hong, Massimo and Zhang, Jiahuan and Luo, Yizhen and Su, Yuan and Zhang, Ou and Yu, Xiaomao and Zhou, Jiawen and Yang, Liuqing and Qian, Mu and others},
  journal={Health Data Science},
  publisher={AAAS}
}

@article{zhang2022maefe,
  title={Maefe: Masked autoencoders family of electrocardiogram for self-supervised pretraining and transfer learning},
  author={Zhang, Huaicheng and Liu, Wenhan and Shi, Jiguang and Chang, Sheng and Wang, Hao and He, Jin and Huang, Qijun},
  journal={IEEE Transactions on Instrumentation and Measurement},
  volume={72},
  pages={1--15},
  year={2022},
  publisher={IEEE}
}

@article{zhang2023knowledge,
  title={Knowledge-enhanced visual-language pre-training on chest radiology images},
  author={Zhang, Xiaoman and Wu, Chaoyi and Zhang, Ya and Xie, Weidi and Wang, Yanfeng},
  journal={Nature Communications},
  volume={14},
  number={1},
  pages={4542},
  year={2023},
  publisher={Nature Publishing Group UK London}
}

