% Use this file for citations not found in the ACL Anthology (contained in "anthology.bib").

@article{wang2018clinical,
  title={Clinical information extraction applications: a literature review},
  author={Wang, Yanshan and Wang, Liwei and Rastegar-Mojarad, Majid and Moon, Sungrim and Shen, Feichen and Afzal, Naveed and Liu, Sijia and Zeng, Yuqun and Mehrabi, Saeed and Sohn, Sunghwan and others},
  journal={Journal of biomedical informatics},
  volume={77},
  pages={34--49},
  year={2018},
  publisher={Elsevier}
}

@inproceedings{li2024frozen,
  title={Frozen language model helps ecg zero-shot learning},
  author={Li, Jun and Liu, Che and Cheng, Sibo and Arcucci, Rossella and Hong, Shenda},
  booktitle={Medical Imaging with Deep Learning},
  pages={402--415},
  year={2024},
  organization={PMLR}
}

@inproceedings{aronson2001effective,
  title={Effective mapping of biomedical text to the UMLS Metathesaurus: the MetaMap program.},
  author={Aronson, Alan R},
  booktitle={Proceedings of the AMIA Symposium},
  pages={17},
  year={2001},
  organization={American Medical Informatics Association}
}

@article{savova2010mayo,
  title={Mayo clinical Text Analysis and Knowledge Extraction System (cTAKES): architecture, component evaluation and applications},
  author={Savova, Guergana K and Masanz, James J and Ogren, Philip V and Zheng, Jiaping and Sohn, Sunghwan and Kipper-Schuler, Karin C and Chute, Christopher G},
  journal={Journal of the American Medical Informatics Association},
  volume={17},
  number={5},
  pages={507--513},
  year={2010},
  publisher={BMJ Group BMA House, Tavistock Square, London, WC1H 9JR}
}

@inproceedings{skeppstedt2012rule,
  title={Rule-based Entity Recognition and Coverage of SNOMED CT in Swedish Clinical Text.},
  author={Skeppstedt, Maria and Kvist, Maria and Dalianis, Hercules},
  booktitle={LREC},
  pages={1250--1257},
  year={2012}
}

@article{xu2014joint,
  title={Joint segmentation and named entity recognition using dual decomposition in Chinese discharge summaries},
  author={Xu, Yan and Wang, Yining and Liu, Tianren and Liu, Jiahua and Fan, Yubo and Qian, Yi and Tsujii, Junichi and Chang, Eric I},
  journal={Journal of the American Medical Informatics Association},
  volume={21},
  number={e1},
  pages={e84--e92},
  year={2014},
  publisher={BMJ Publishing Group BMA House, Tavistock Square, London, WC1H 9JR}
}

@article{vaswani2017attention,
  title={Attention is all you need},
  author={Vaswani, Ashish},
  journal={arXiv preprint arXiv:1706.03762},
  year={2017}
}

@inproceedings{vunikili2020clinical,
  title={Clinical NER using Spanish BERT Embeddings.},
  author={Vunikili, Ramya and Supriya, HN and Marica, Vasile George and Farri, Oladimeji},
  booktitle={IberLEF@ SEPLN},
  pages={505--511},
  year={2020}
}

@article{canete2023spanish,
  title={Spanish pre-trained bert model and evaluation data},
  author={Ca{\~n}ete, Jos{\'e} and Chaperon, Gabriel and Fuentes, Rodrigo and Ho, Jou-Hui and Kang, Hojin and P{\'e}rez, Jorge},
  journal={arXiv preprint arXiv:2308.02976},
  year={2023}
}

@article{hu2024improving,
  title={Improving large language models for clinical named entity recognition via prompt engineering},
  author={Hu, Yan and Chen, Qingyu and Du, Jingcheng and Peng, Xueqing and Keloth, Vipina Kuttichi and Zuo, Xu and Zhou, Yujia and Li, Zehan and Jiang, Xiaoqian and Lu, Zhiyong and others},
  journal={Journal of the American Medical Informatics Association},
  pages={ocad259},
  year={2024},
  publisher={Oxford University Press}
}

@article{monajatipoor2024llms,
  title={LLMs in Biomedicine: A study on clinical Named Entity Recognition},
  author={Monajatipoor, Masoud and Yang, Jiaxin and Stremmel, Joel and Emami, Melika and Mohaghegh, Fazlolah and Rouhsedaghat, Mozhdeh and Chang, Kai-Wei},
  journal={arXiv preprint arXiv:2404.07376},
  year={2024}
}

@article{liu2023g2d,
  title={G2d: From global to dense radiography representation learning via vision-language pre-training},
  author={Liu, Che and Ouyang, Cheng and Cheng, Sibo and Shah, Anand and Bai, Wenjia and Arcucci, Rossella},
  journal={arXiv preprint arXiv:2312.01522},
  year={2023}
}

@article{wan2024med,
  title={Med-unic: Unifying cross-lingual medical vision-language pre-training by diminishing bias},
  author={Wan, Zhongwei and Liu, Che and Zhang, Mi and Fu, Jie and Wang, Benyou and Cheng, Sibo and Ma, Lei and Quilodr{\'a}n-Casas, C{\'e}sar and Arcucci, Rossella},
  journal={Advances in Neural Information Processing Systems},
  volume={36},
  year={2024}
}

@inproceedings{liu2023m,
  title={M-flag: Medical vision-language pre-training with frozen language models and latent space geometry optimization},
  author={Liu, Che and Cheng, Sibo and Chen, Chen and Qiao, Mengyun and Zhang, Weitong and Shah, Anand and Bai, Wenjia and Arcucci, Rossella},
  booktitle={International Conference on Medical Image Computing and Computer-Assisted Intervention},
  pages={637--647},
  year={2023},
  organization={Springer}
}

@inproceedings{taleb2021multimodal,
  title={Multimodal self-supervised learning for medical image analysis},
  author={Taleb, Aiham and Lippert, Christoph and Klein, Tassilo and Nabi, Moin},
  booktitle={International conference on information processing in medical imaging},
  pages={661--673},
  year={2021},
  organization={Springer}
}

@inproceedings{zhang2022mmformer,
  title={mmformer: Multimodal medical transformer for incomplete multimodal learning of brain tumor segmentation},
  author={Zhang, Yao and He, Nanjun and Yang, Jiawei and Li, Yuexiang and Wei, Dong and Huang, Yawen and Zhang, Yang and He, Zhiqiang and Zheng, Yefeng},
  booktitle={International Conference on Medical Image Computing and Computer-Assisted Intervention},
  pages={107--117},
  year={2022},
  organization={Springer}
}

@article{ahmad2021ecg,
  title={ECG heartbeat classification using multimodal fusion},
  author={Ahmad, Zeeshan and Tabassum, Anika and Guan, Ling and Khan, Naimul Mefraz},
  journal={IEEE Access},
  volume={9},
  pages={100615--100626},
  year={2021},
  publisher={IEEE}
}

@article{han2023multimodal,
  title={Multimodal multi-instance learning for long-term ECG classification},
  author={Han, Haozhan and Lian, Cheng and Zeng, Zhigang and Xu, Bingrong and Zang, Junbin and Xue, Chenyang},
  journal={Knowledge-Based Systems},
  volume={270},
  pages={110555},
  year={2023},
  publisher={Elsevier}
}

@article{wang2019survey,
  title={A survey of zero-shot learning: Settings, methods, and applications},
  author={Wang, Wei and Zheng, Vincent W and Yu, Han and Miao, Chunyan},
  journal={ACM Transactions on Intelligent Systems and Technology (TIST)},
  volume={10},
  number={2},
  pages={1--37},
  year={2019},
  publisher={ACM New York, NY, USA}
}

@inproceedings{radford2021learning,
  title={Learning transferable visual models from natural language supervision},
  author={Radford, Alec and Kim, Jong Wook and Hallacy, Chris and Ramesh, Aditya and Goh, Gabriel and Agarwal, Sandhini and Sastry, Girish and Askell, Amanda and Mishkin, Pamela and Clark, Jack and others},
  booktitle={International conference on machine learning},
  pages={8748--8763},
  year={2021},
  organization={PMLR}
}

@inproceedings{allingham2023simple,
  title={A simple zero-shot prompt weighting technique to improve prompt ensembling in text-image models},
  author={Allingham, James Urquhart and Ren, Jie and Dusenberry, Michael W and Gu, Xiuye and Cui, Yin and Tran, Dustin and Liu, Jeremiah Zhe and Lakshminarayanan, Balaji},
  booktitle={International Conference on Machine Learning},
  pages={547--568},
  year={2023},
  organization={PMLR}
}

@article{menon2022visual,
  title={Visual classification via description from large language models},
  author={Menon, Sachit and Vondrick, Carl},
  journal={arXiv preprint arXiv:2210.07183},
  year={2022}
}

@article{rahate2022multimodal,
  title={Multimodal co-learning: Challenges, applications with datasets, recent advances and future directions},
  author={Rahate, Anil and Walambe, Rahee and Ramanna, Sheela and Kotecha, Ketan},
  journal={Information Fusion},
  volume={81},
  pages={203--239},
  year={2022},
  publisher={Elsevier}
}

@article{eldele2021time,
  title={Time-series representation learning via temporal and contextual contrasting},
  author={Eldele, Emadeldeen and Ragab, Mohamed and Chen, Zhenghua and Wu, Min and Kwoh, Chee Keong and Li, Xiaoli and Guan, Cuntai},
  journal={arXiv preprint arXiv:2106.14112},
  year={2021}
}

@inproceedings{kiyasseh2021clocs,
  title={Clocs: Contrastive learning of cardiac signals across space, time, and patients},
  author={Kiyasseh, Dani and Zhu, Tingting and Clifton, David A},
  booktitle={International Conference on Machine Learning},
  pages={5606--5615},
  year={2021},
  organization={PMLR}
}

@article{na2024guiding,
  title={Guiding Masked Representation Learning to Capture Spatio-Temporal Relationship of Electrocardiogram},
  author={Na, Yeongyeon and Park, Minje and Tae, Yunwon and Joo, Sunghoon},
  journal={arXiv preprint arXiv:2402.09450},
  year={2024}
}

@article{xiao2023deep,
  title={Deep learning-based ECG arrhythmia classification: A systematic review},
  author={Xiao, Qiao and Lee, Khuan and Mokhtar, Siti Aisah and Ismail, Iskasymar and Pauzi, Ahmad Luqman bin Md and Zhang, Qiuxia and Lim, Poh Ying},
  journal={Applied Sciences},
  volume={13},
  number={8},
  pages={4964},
  year={2023},
  publisher={MDPI}
}

@article{tesfai2022lightweight,
  title={Lightweight shufflenet based cnn for arrhythmia classification},
  author={Tesfai, Huruy and Saleh, Hani and Al-Qutayri, Mahmoud and Mohammad, Moath B and Tekeste, Temesghen and Khandoker, Ahsan and Mohammad, Baker},
  journal={IEEE Access},
  volume={10},
  pages={111842--111854},
  year={2022},
  publisher={IEEE}
}

@article{degirmenci2022arrhythmic,
  title={Arrhythmic heartbeat classification using 2d convolutional neural networks},
  author={Degirmenci, Murside and Ozdemir, Mehmet Akif and Izci, Elif and Akan, Aydin},
  journal={Irbm},
  volume={43},
  number={5},
  pages={422--433},
  year={2022},
  publisher={Elsevier}
}

@inproceedings{mashrur2019automatic,
  title={Automatic identification of arrhythmia from ECG using AlexNet convolutional neural network},
  author={Mashrur, Fazla Rabbi and Roy, Amit Dutta and Saha, Dabasish Kumar},
  booktitle={2019 4th international conference on electrical information and communication technology (EICT)},
  pages={1--5},
  year={2019},
  organization={IEEE}
}

@article{khan2021cardiac,
  title={Cardiac Arrhythmia Disease Classification Using LSTM Deep Learning Approach.},
  author={Khan, Muhammad Ashfaq and Kim, Yangwoo},
  journal={Computers, Materials \& Continua},
  volume={67},
  number={1},
  year={2021}
}

@inproceedings{zhou2018premature,
  title={Premature ventricular contraction detection from ambulatory ECG using recurrent neural networks},
  author={Zhou, Xue and Zhu, Xin and Nakamura, Keijiro and Mahito, Noro},
  booktitle={2018 40th annual international conference of the IEEE engineering in medicine and biology society (EMBC)},
  pages={2551--2554},
  year={2018},
  organization={IEEE}
}

@article{he2023transformers,
  title={Transformers in medical image analysis},
  author={He, Kelei and Gan, Chen and Li, Zhuoyuan and Rekik, Islem and Yin, Zihao and Ji, Wen and Gao, Yang and Wang, Qian and Zhang, Junfeng and Shen, Dinggang},
  journal={Intelligent Medicine},
  volume={3},
  number={1},
  pages={59--78},
  year={2023},
  publisher={Elsevier}
}

@article{jiang2021hadln,
  title={HADLN: hybrid attention-based deep learning network for automated arrhythmia classification},
  author={Jiang, Mingfeng and Gu, Jiayan and Li, Yang and Wei, Bo and Zhang, Jucheng and Wang, Zhikang and Xia, Ling},
  journal={Frontiers in Physiology},
  volume={12},
  pages={683025},
  year={2021},
  publisher={Frontiers Media SA}
}

@inproceedings{natarajan2020wide,
  title={A wide and deep transformer neural network for 12-lead ECG classification},
  author={Natarajan, Annamalai and Chang, Yale and Mariani, Sara and Rahman, Asif and Boverman, Gregory and Vij, Shruti and Rubin, Jonathan},
  booktitle={2020 Computing in Cardiology},
  pages={1--4},
  year={2020},
  organization={IEEE}
}

@article{weimann2021transfer,
  title={Transfer learning for ECG classification},
  author={Weimann, Kuba and Conrad, Tim OF},
  journal={Scientific reports},
  volume={11},
  number={1},
  pages={5251},
  year={2021},
  publisher={Nature Publishing Group UK London}
}

@inproceedings{clifford2015physionet,
  title={The PhysioNet/computing in cardiology challenge 2015: reducing false arrhythmia alarms in the ICU},
  author={Clifford, Gari D and Silva, Ikaro and Moody, Benjamin and Li, Qiao and Kella, Danesh and Shahin, Abdullah and Kooistra, Tristan and Perry, Diane and Mark, Roger G},
  booktitle={2015 Computing in Cardiology Conference (CinC)},
  pages={273--276},
  year={2015},
  organization={IEEE}
}

@article{strodthoff2020deep,
  title={Deep learning for ECG analysis: Benchmarks and insights from PTB-XL},
  author={Strodthoff, Nils and Wagner, Patrick and Schaeffter, Tobias and Samek, Wojciech},
  journal={IEEE journal of biomedical and health informatics},
  volume={25},
  number={5},
  pages={1519--1528},
  year={2020},
  publisher={IEEE}
}

@article{jang2021effectiveness,
  title={Effectiveness of transfer learning for deep learning-based electrocardiogram analysis},
  author={Jang, Jong-Hwan and Kim, Tae Young and Yoon, Dukyong},
  journal={Healthcare informatics research},
  volume={27},
  number={1},
  pages={19--28},
  year={2021},
  publisher={Korean Society of Medical Informatics}
}

@article{alzubaidi2020towards,
  title={Towards a better understanding of transfer learning for medical imaging: a case study},
  author={Alzubaidi, Laith and Fadhel, Mohammed A and Al-Shamma, Omran and Zhang, Jinglan and Santamar{\'\i}a, Jorge and Duan, Ye and R. Oleiwi, Sameer},
  journal={Applied Sciences},
  volume={10},
  number={13},
  pages={4523},
  year={2020},
  publisher={MDPI}
}

@inproceedings{virk2021domain,
  title={Domain-specific, semi-supervised transfer learning for medical imaging},
  author={Virk, Jitender Singh and Bathula, Deepti R},
  booktitle={Proceedings of the 3rd ACM India Joint International Conference on Data Science \& Management of Data (8th ACM IKDD CODS \& 26th COMAD)},
  pages={145--153},
  year={2021}
}

@article{mukhlif2023incorporating,
  title={Incorporating a novel dual transfer learning approach for medical images},
  author={Mukhlif, Abdulrahman Abbas and Al-Khateeb, Belal and Mohammed, Mazin Abed},
  journal={Sensors},
  volume={23},
  number={2},
  pages={570},
  year={2023},
  publisher={MDPI}
}

@article{SPN,
  title={Snippet Policy Network for Multi-Class Varied-Length ECG Early Classification},
  author={Huang, Yu and Yen, Gary G and Tseng, Vincent S},
  journal={IEEE Transactions on Knowledge \& Data Engineering},
  volume={35},
  number={06},
  pages={6349--6361},
  year={2023},
  publisher={IEEE}
}

@article{SPNv2,
  title={Snippet policy network v2: Knee-guided neuroevolution for multi-lead ecg early classification},
  author={Huang, Yu and Yen},
  journal={IEEE Transactions on Neural Networks and Learning Systems},
  year={2022},
  publisher={IEEE}
}

@article{liu2024zero,
  title={Zero-shot ecg classification with multimodal learning and test-time clinical knowledge enhancement},
  author={Liu, Che and Wan, Zhongwei and Ouyang, Cheng and Shah, Anand and Bai, Wenjia and Arcucci, Rossella},
  journal={arXiv preprint arXiv:2403.06659},
  year={2024}
}

@article{liu2017real,
  title={Real-time multilead convolutional neural network for myocardial infarction detection},
  author={Liu, Wenhan and Zhang, Mengxin and Zhang, Yidan and Liao, Yuan and Huang, Qijun and Chang, Sheng and Wang, Hao and He, Jin},
  journal={IEEE journal of biomedical and health informatics},
  volume={22},
  number={5},
  pages={1434--1444},
  year={2017},
  publisher={IEEE}
}

@article{xu2022intelligent,
  title={Intelligent Recognition Algorithm of Multiple Myocardial Infarction Based on Morphological Feature Extraction},
  author={Xu, Wenchang and Wang, Lei and Wang, Biao and Cheng, Wenbo},
  journal={Processes},
  volume={10},
  number={11},
  pages={2348},
  year={2022},
  publisher={MDPI}
}

@inproceedings{natarajan2021convolution,
  title={Convolution-free waveform transformers for multi-lead ECG classification},
  author={Natarajan, Annamalai and Boverman, Gregory and Chang, Yale and Antonescu, Corneliu and Rubin, Jonathan},
  booktitle={2021 Computing in Cardiology (CinC)},
  volume={48},
  pages={1--4},
  year={2021},
  organization={IEEE}
}

@article{jin2023medcpt,
  title={MedCPT: Contrastive Pre-trained Transformers with large-scale PubMed search logs for zero-shot biomedical information retrieval},
  author={Jin, Qiao and Kim, Won and Chen, Qingyu and Comeau, Donald C and Yeganova, Lana and Wilbur, W John and Lu, Zhiyong},
  journal={Bioinformatics},
  volume={39},
  number={11},
  pages={btad651},
  year={2023},
  publisher={Oxford University Press}
}

@article{wei2022chain,
  title={Chain-of-thought prompting elicits reasoning in large language models},
  author={Wei, Jason and Wang, Xuezhi and Schuurmans, Dale and Bosma, Maarten and Xia, Fei and Chi, Ed and Le, Quoc V and Zhou, Denny and others},
  journal={Advances in neural information processing systems},
  volume={35},
  pages={24824--24837},
  year={2022}
}

@article{li2023chain,
  title={Chain-of-knowledge: Grounding large language models via dynamic knowledge adapting over heterogeneous sources},
  author={Li, Xingxuan and Zhao, Ruochen and Chia, Yew Ken and Ding, Bosheng and Joty, Shafiq and Poria, Soujanya and Bing, Lidong},
  journal={arXiv preprint arXiv:2305.13269},
  year={2023}
}

@article{bodenreider2004unified,
  title={The unified medical language system (UMLS): integrating biomedical terminology},
  author={Bodenreider, Olivier},
  journal={Nucleic acids research},
  volume={32},
  number={suppl\_1},
  pages={D267--D270},
  year={2004},
  publisher={Oxford University Press}
}

@article{donnelly2006snomed,
  title={SNOMED-CT: The advanced terminology and coding system for eHealth},
  author={Donnelly, Kevin and others},
  journal={Studies in health technology and informatics},
  volume={121},
  pages={279},
  year={2006},
  publisher={IOS Press; 1999}
}

@article{dosovitskiy2020image,
  title={An image is worth 16x16 words: Transformers for image recognition at scale},
  author={Dosovitskiy, Alexey and Beyer, Lucas and Kolesnikov, Alexander and Weissenborn, Dirk and Zhai, Xiaohua and Unterthiner, Thomas and Dehghani, Mostafa and Minderer, Matthias and Heigold, Georg and Gelly, Sylvain and others},
  journal={arXiv preprint arXiv:2010.11929},
  year={2020}
}

@article{gu2021domain,
  title={Domain-specific language model pretraining for biomedical natural language processing},
  author={Gu, Yu and Tinn, Robert and Cheng, Hao and Lucas, Michael and Usuyama, Naoto and Liu, Xiaodong and Naumann, Tristan and Gao, Jianfeng and Poon, Hoifung},
  journal={ACM Transactions on Computing for Healthcare (HEALTH)},
  volume={3},
  number={1},
  pages={1--23},
  year={2021},
  publisher={ACM New York, NY}
}

@inproceedings{pratt2023does,
  title={What does a platypus look like? generating customized prompts for zero-shot image classification},
  author={Pratt, Sarah and Covert, Ian and Liu, Rosanne and Farhadi, Ali},
  booktitle={Proceedings of the IEEE/CVF International Conference on Computer Vision},
  pages={15691--15701},
  year={2023}
}

@inproceedings{maniparambil2023enhancing,
  title={Enhancing clip with gpt-4: Harnessing visual descriptions as prompts},
  author={Maniparambil, Mayug and Vorster, Chris and Molloy, Derek and Murphy, Noel and McGuinness, Kevin and O'Connor, Noel E},
  booktitle={Proceedings of the IEEE/CVF International Conference on Computer Vision},
  pages={262--271},
  year={2023}
}

@article{wagner2020ptb,
  title={PTB-XL, a large publicly available electrocardiography dataset},
  author={Wagner, Patrick and Strodthoff, Nils and Bousseljot, Ralf-Dieter and Kreiseler, Dieter and Lunze, Fatima I and Samek, Wojciech and Schaeffter, Tobias},
  journal={Scientific data},
  volume={7},
  number={1},
  pages={1--15},
  year={2020},
  publisher={Nature Publishing Group}
}

@article{llama3modelcard,
    title={Llama 3 Model Card},
    author={AI@Meta},
    year={2024},
    url = {https://github.com/meta-llama/llama3/blob/main/MODEL_CARD.md}
}

@article{liu2018open,
  title={An open access database for evaluating the algorithms of electrocardiogram rhythm and morphology abnormality detection},
  author={Liu, Feifei and Liu, Chengyu and Zhao, Lina and Zhang, Xiangyu and Wu, Xiaoling and Xu, Xiaoyan and Liu, Yulin and Ma, Caiyun and Wei, Shoushui and He, Zhiqiang and others},
  journal={Journal of Medical Imaging and Health Informatics},
  volume={8},
  number={7},
  pages={1368--1373},
  year={2018},
  publisher={American Scientific Publishers}
}

@article{zheng2020optimal,
  title={Optimal multi-stage arrhythmia classification approach},
  author={Zheng, Jianwei and Chu, Huimin and Struppa, Daniele and Zhang, Jianming and Yacoub, Sir Magdi and El-Askary, Hesham and Chang, Anthony and Ehwerhemuepha, Louis and Abudayyeh, Islam and Barrett, Alexander and others},
  journal={Scientific reports},
  volume={10},
  number={1},
  pages={2898},
  year={2020},
  publisher={Nature Publishing Group UK London}
}

@article{zheng2022large,
  title={A large scale 12-lead electrocardiogram database for arrhythmia study (version 1.0. 0)},
  author={Zheng, J and Guo, H and Chu, H},
  journal={PhysioNet 2022Available online httpphysionet orgcontentecg arrhythmia10 0accessed on},
  volume={23},
  year={2022}
}

@inproceedings{chen2020simple,
  title={A simple framework for contrastive learning of visual representations},
  author={Chen, Ting and Kornblith, Simon and Norouzi, Mohammad and Hinton, Geoffrey},
  booktitle={International conference on machine learning},
  pages={1597--1607},
  year={2020},
  organization={PMLR}
}

@article{grill2020bootstrap,
  title={Bootstrap your own latent-a new approach to self-supervised learning},
  author={Grill, Jean-Bastien and Strub, Florian and Altch{\'e}, Florent and Tallec, Corentin and Richemond, Pierre and Buchatskaya, Elena and Doersch, Carl and Avila Pires, Bernardo and Guo, Zhaohan and Gheshlaghi Azar, Mohammad and others},
  journal={Advances in neural information processing systems},
  volume={33},
  pages={21271--21284},
  year={2020}
}

@inproceedings{zbontar2021barlow,
  title={Barlow twins: Self-supervised learning via redundancy reduction},
  author={Zbontar, Jure and Jing, Li and Misra, Ishan and LeCun, Yann and Deny, St{\'e}phane},
  booktitle={International conference on machine learning},
  pages={12310--12320},
  year={2021},
  organization={PMLR}
}

@inproceedings{chen2021empirical,
  title={An empirical study of training self-supervised vision transformers},
  author={Chen, Xinlei and Xie, Saining and He, Kaiming},
  booktitle={Proceedings of the IEEE/CVF international conference on computer vision},
  pages={9640--9649},
  year={2021}
}

@inproceedings{chen2021exploring,
  title={Exploring simple siamese representation learning},
  author={Chen, Xinlei and He, Kaiming},
  booktitle={Proceedings of the IEEE/CVF conference on computer vision and pattern recognition},
  pages={15750--15758},
  year={2021}
}

@article{wang2023adversarial,
  title={Adversarial spatiotemporal contrastive learning for electrocardiogram signals},
  author={Wang, Ning and Feng, Panpan and Ge, Zhaoyang and Zhou, Yanjie and Zhou, Bing and Wang, Zongmin},
  journal={IEEE Transactions on Neural Networks and Learning Systems},
  year={2023},
  publisher={IEEE}
}

@article{zhang2023self,
  title={Self-supervised time series representation learning via cross reconstruction transformer},
  author={Zhang, Wenrui and Yang, Ling and Geng, Shijia and Hong, Shenda},
  journal={IEEE Transactions on Neural Networks and Learning Systems},
  year={2023},
  publisher={IEEE}
}

@article{alsentzer2019publicly,
  title={Publicly available clinical BERT embeddings},
  author={Alsentzer, Emily and Murphy, John R and Boag, Willie and Weng, Wei-Hung and Jin, Di and Naumann, Tristan and McDermott, Matthew},
  journal={arXiv preprint arXiv:1904.03323},
  year={2019}
}

@misc{gow2023mimic,
  title={{MIMIC-IV-ECG: Diagnostic Electrocardiogram Matched Subset (version 1.0)}},
  author={Gow, Benjamin and Pollard, Tom and Nathanson, Leslie A. and Johnson, Alistair and Moody, Benjamin and Fernandes, Carla and Greenbaum, Natalie and Waks, Jonathan W. and Eslami, Parisa and Carbonati, Tiffany and Chaudhari, Anushka and Herbst, Emily and Moukheiber, Daniel and Berkowitz, Seth and Mark, Roger and Horng, Steven},
  year={2023},
  url={https://doi.org/10.13026/4nqg-sb35},
  publisher={PhysioNet}
}

@article{zhang2023knowledge,
  title={Knowledge-enhanced visual-language pre-training on chest radiology images},
  author={Zhang, Xiaoman and Wu, Chaoyi and Zhang, Ya and Xie, Weidi and Wang, Yanfeng},
  journal={Nature Communications},
  volume={14},
  number={1},
  pages={4542},
  year={2023},
  publisher={Nature Publishing Group UK London}
}

@article{zhang2022maefe,
  title={Maefe: Masked autoencoders family of electrocardiogram for self-supervised pretraining and transfer learning},
  author={Zhang, Huaicheng and Liu, Wenhan and Shi, Jiguang and Chang, Sheng and Wang, Hao and He, Jin and Huang, Qijun},
  journal={IEEE Transactions on Instrumentation and Measurement},
  volume={72},
  pages={1--15},
  year={2022},
  publisher={IEEE}
}

@inproceedings{sawano2022masked,
  title={Masked Autoencoder-Based Self-Supervised Learning for Electrocardiograms to Detect Left Ventricular Systolic Dysfunction.},
  author={Sawano, Shinnosuke and Kodera, Satoshi and Takeuchi, Hirotoshi and Sukeda, Issei and Katsushika, Susumu and Komuro, Issei},
  booktitle={NeurIPS 2022 Workshop on Learning from Time Series for Health},
  year={2022}
}

@inproceedings{jinreading,
  title={Reading Your Heart: Learning ECG Words and Sentences via Pre-training ECG Language Model},
  author={Jin, Jiarui and Wang, Haoyu and Li, Jun and Huang, Sichao and Pan, Jiahui and Hong, Shenda},
  booktitle={Artificial Intelligence and Data Science for Healthcare: Bridging Data-Centric AI and People-Centric Healthcare}
}

@article{huang2022snippet,
  title={Snippet policy network for multi-class varied-length ECG early classification},
  author={Huang, Yu and Yen, Gary G and Tseng, Vincent S},
  journal={IEEE Transactions on Knowledge and Data Engineering},
  volume={35},
  number={6},
  pages={6349--6361},
  year={2022},
  publisher={IEEE}
}

@inproceedings{liu2023improving,
  title={Improving pixel-based mim by reducing wasted modeling capability},
  author={Liu, Yuan and Zhang, Songyang and Chen, Jiacheng and Yu, Zhaohui and Chen, Kai and Lin, Dahua},
  booktitle={Proceedings of the IEEE/CVF International Conference on Computer Vision},
  pages={5361--5372},
  year={2023}
}

@article{liu2023pixmim,
  title={Pixmim: Rethinking pixel reconstruction in masked image modeling},
  author={Liu, Yuan and Zhang, Songyang and Chen, Jiacheng and Chen, Kai and Lin, Dahua},
  journal={arXiv preprint arXiv:2303.02416},
  year={2023}
}

@inproceedings{he2022masked,
  title={Masked autoencoders are scalable vision learners},
  author={He, Kaiming and Chen, Xinlei and Xie, Saining and Li, Yanghao and Doll{\'a}r, Piotr and Girshick, Ross},
  booktitle={Proceedings of the IEEE/CVF conference on computer vision and pattern recognition},
  pages={16000--16009},
  year={2022}
}

@inproceedings{wu2023medklip,
  title={Medklip: Medical knowledge enhanced language-image pre-training for x-ray diagnosis},
  author={Wu, Chaoyi and Zhang, Xiaoman and Zhang, Ya and Wang, Yanfeng and Xie, Weidi},
  booktitle={Proceedings of the IEEE/CVF International Conference on Computer Vision},
  pages={21372--21383},
  year={2023}
}

@article{yangecg,
  title={ECG-LM: Understanding Electrocardiogram with Large Language Model},
  author={Yang, Kai and Hong, Massimo and Zhang, Jiahuan and Luo, Yizhen and Su, Yuan and Zhang, Ou and Yu, Xiaomao and Zhou, Jiawen and Yang, Liuqing and Qian, Mu and others},
  journal={Health Data Science},
  publisher={AAAS}
}

@article{tian2024foundation,
  title={Foundation model of ECG diagnosis: Diagnostics and explanations of any form and rhythm on ECG},
  author={Tian, Yuanyuan and Li, Zhiyuan and Jin, Yanrui and Wang, Mengxiao and Wei, Xiaoyang and Zhao, Liqun and Liu, Yunqing and Liu, Jinlei and Liu, Chengliang},
  journal={Cell Reports Medicine},
  volume={5},
  number={12},
  year={2024},
  publisher={Elsevier}
}