@ARTICLE{10388338,
	author={Sun, Ke and Peng, Ciyuan and Yu, Shuo and Han, Zhuoyang and Xia, Feng},
	journal={IEEE Intelligent Systems}, 
	title={From {EEG} Data to Brain Networks: Graph Learning Based Brain Disease Diagnosis}, 
	year={2024},
	pages={1-9}}

@article{bessadok2022graph,
	title={Graph neural networks in network neuroscience},
	author={Bessadok, Alaa and Mahjoub, Mohamed Ali and Rekik, Islem},
	journal={IEEE Transactions on Pattern Analysis and Machine Intelligence},
	volume={45},
	number={5},
	pages={5833--5848},
	year={2022},
	publisher={IEEE}
}

@article{bullmore2009complex,
  title={Complex brain networks: graph theoretical analysis of structural and functional systems},
  author={Bullmore, Ed and Sporns, Olaf},
  journal={Nature Reviews Neuroscience},
  volume={10},
  number={3},
  pages={186--198},
  year={2009},
  publisher={Nature Publishing Group UK London}
}

@inproceedings{chen2022structure,
	title={Structure-aware transformer for graph representation learning},
	author={Chen, Dexiong and Oâ€™Bray, Leslie and Borgwardt, Karsten},
	booktitle={International Conference on Machine Learning},
	pages={3469--3489},
	year={2022},
	organization={PMLR}
}

@article{cui2022braingb,
	title={Brain{GB}: {A} benchmark for brain network analysis with graph neural networks},
	author={Cui, Hejie and Dai, Wei and Zhu, Yanqiao and Kan, Xuan and Gu, Antonio Aodong Chen and Lukemire, Joshua and Zhan, Liang and He, Lifang and Guo, Ying and Yang, Carl},
	journal={IEEE Transactions on Medical Imaging},
	volume={42},
	number={2},
	pages={493--506},
	year={2022},
	publisher={IEEE}
}

@article{ding2023lggnet,
	title={Lggnet: Learning from local-global-graph representations for brain-computer interface},
	author={Ding, Yi and Robinson, Neethu and Tong, Chengxuan and Zeng, Qiuhao and Guan, Cuntai},
	journal={IEEE Transactions on Neural Networks and Learning Systems},
	year={2023},
	publisher={IEEE}
}

@article{kan2022brain,
	title={Brain network transformer},
	author={Kan, Xuan and Dai, Wei and Cui, Hejie and Zhang, Zilong and Guo, Ying and Yang, Carl},
	journal={Advances in Neural Information Processing Systems},
	volume={35},
	pages={25586--25599},
	year={2022}
}

@article{kim2021learning,
	title={Learning dynamic graph representation of brain connectome with spatio-temporal attention},
	author={Kim, Byung-Hoon and Ye, Jong Chul and Kim, Jae-Jin},
	journal={Advances in Neural Information Processing Systems},
	volume={34},
	pages={4314--4327},
	year={2021}
}

@inproceedings{kong2023goat,
	title={{GOAT}: {A} global transformer on large-scale graphs},
	author={Kong, Kezhi and Chen, Jiuhai and Kirchenbauer, John and Ni, Renkun and Bruss, C Bayan and Goldstein, Tom},
	booktitle={International Conference on Machine Learning},
	pages={17375--17390},
	year={2023},
	organization={PMLR}
}

@article{kreuzer2021rethinking,
	title={Rethinking graph transformers with spectral attention},
	author={Kreuzer, Devin and Beaini, Dominique and Hamilton, Will and L{\'e}tourneau, Vincent and Tossou, Prudencio},
	journal={Advances in Neural Information Processing Systems},
	volume={34},
	pages={21618--21629},
	year={2021}
}

@article{lei2023multi,
	title={Multi-scale enhanced graph convolutional network for mild cognitive impairment detection},
	author={Lei, Baiying and Zhu, Yun and Yu, Shuangzhi and Hu, Huoyou and Xu, Yanwu and Yue, Guanghui and Wang, Tianfu and Zhao, Cheng and Chen, Shaobin and Yang, Peng and others},
	journal={Pattern Recognition},
	volume={134},
	pages={109106},
	year={2023},
	publisher={Elsevier}
}

@article{li2021braingnn,
	title={Brain{GNN}: Interpretable brain graph neural network for fmri analysis},
	author={Li, Xiaoxiao and Zhou, Yuan and Dvornek, Nicha and Zhang, Muhan and Gao, Siyuan and Zhuang, Juntang and Scheinost, Dustin and Staib, Lawrence H and Ventola, Pamela and Duncan, James S},
	journal={Medical Image Analysis},
	volume={74},
	pages={102233},
	year={2021},
	publisher={Elsevier}
}

@article{liu2023braintgl,
	title={{BrainTGL}: {A} dynamic graph representation learning model for brain network analysis},
	author={Liu, Lingwen and Wen, Guangqi and Cao, Peng and Hong, Tianshun and Yang, Jinzhu and Zhang, Xizhe and Zaiane, Osmar R},
	journal={Computers in Biology and Medicine},
	volume={153},
	pages={106521},
	year={2023},
	publisher={Elsevier}
}

@inproceedings{luo2024fairgt,
  title={Fair{GT}: A Fairness-aware Graph Transformer},
  author={Luo, Renqiang and Huang, Huafei and Yu, Shuo and Zhang, Xiuzhen and Xia, Feng},
  booktitle={Proceedings of the 33rd International Joint Conference on Artificial Intelligence},
  year={2024}
}

@article{luo2024transformers,
	title={Transformers over Directed Acyclic Graphs},
	author={Luo, Yuankai and Thost, Veronika and Shi, Lei},
	journal={Advances in Neural Information Processing Systems},
	volume={36},
	year={2024}
}

@inproceedings{ma2023graph,
	title={Graph inductive biases in transformers without message passing},
	author={Ma, Liheng and Lin, Chen and Lim, Derek and Romero-Soriano, Adriana and Dokania, Puneet K and Coates, Mark and Torr, Philip and Lim, Ser-Nam},
	booktitle={International Conference on Machine Learning},
	pages={23321--23337},
	year={2023},
	organization={PMLR}
}

@inproceedings{peng2024adaptive,
	title={Adaptive Brain Network Augmentation based on Group-aware Graph Learning},
	author={Peng, Ciyuan and Liu, Mujie and Meng, Chenxuan and Yu, Shuo and Xia, Feng},
	booktitle={The Second Tiny Papers Track at ICLR 2024},
	year={2024}
}

@article{said2024neurograph,
	title={Neurograph: Benchmarks for graph machine learning in brain connectomics},
	author={Said, Anwar and Bayrak, Roza and Derr, Tyler and Shabbir, Mudassir and Moyer, Daniel and Chang, Catie and Koutsoukos, Xenofon},
	journal={Advances in Neural Information Processing Systems},
	volume={36},
	year={2024}
}

@inproceedings{shirzad2023exphormer,
	title={Exphormer: Sparse transformers for graphs},
	author={Shirzad, Hamed and Velingker, Ameya and Venkatachalam, Balaji and Sutherland, Danica J and Sinop, Ali Kemal},
	booktitle={International Conference on Machine Learning},
	pages={31613--31632},
	year={2023},
	organization={PMLR}
}

@article{wang2020brainprint,
	title={{BrainPrint}: {EEG} biometric identification based on analyzing brain connectivity graphs},
	author={Wang, Min and Hu, Jiankun and Abbass, Hussein A},
	journal={Pattern Recognition},
	volume={105},
	pages={107381},
	year={2020},
	publisher={Elsevier}
}

@article{wang2024geometric,
	title={Geometric Transformer with Interatomic Positional Encoding},
	author={Wang, Yusong and Li, Shaoning and Wang, Tong and Shao, Bin and Zheng, Nanning and Liu, Tie-Yan},
	journal={Advances in Neural Information Processing Systems},
	volume={36},
	year={2024}
}

@article{wu2024simplifying,
	title={Simplifying and empowering transformers for large-graph representations},
	author={Wu, Qitian and Zhao, Wentao and Yang, Chenxiao and Zhang, Hengrui and Nie, Fan and Jiang, Haitian and Bian, Yatao and Yan, Junchi},
	journal={Advances in Neural Information Processing Systems},
	volume={36},
	year={2024}
}

@article{ying2021transformers,
	title={Do transformers really perform badly for graph representation?},
	author={Ying, Chengxuan and Cai, Tianle and Luo, Shengjie and Zheng, Shuxin and Ke, Guolin and He, Di and Shen, Yanming and Liu, Tie-Yan},
	journal={Advances in Neural Information Processing Systems},
	volume={34},
	pages={28877--28888},
	year={2021}
}

