@article{rubinov2010complex,
	title={Complex network measures of brain connectivity: uses and interpretations},
	author={Rubinov, Mikail and Sporns, Olaf},
	journal={NeuroImage},
	volume={52},
	number={3},
	pages={1059--1069},
	year={2010},
	publisher={Elsevier}
}

@article{newman2006modularity,
	title={Modularity and community structure in networks},
	author={Newman, Mark EJ},
	journal={Proceedings of the National Academy of Sciences},
	volume={103},
	number={23},
	pages={8577--8582},
	year={2006},
	publisher={National Acad Sciences}
}
@inproceedings{chen2022structure,
	title={Structure-aware transformer for graph representation learning},
	author={Chen, Dexiong and Oâ€™Bray, Leslie and Borgwardt, Karsten},
	booktitle={International Conference on Machine Learning},
	pages={3469--3489},
	year={2022},
	organization={PMLR}
}
@article{lynn2019physics,
	title={The physics of brain network structure, function and control},
	author={Lynn, Christopher W and Bassett, Danielle S},
	journal={Nature Reviews Physics},
	volume={1},
	number={5},
	pages={318--332},
	year={2019},
	publisher={Nature Publishing Group UK London}
}
@article{seguin2022network,
	title={Network communication models narrow the gap between the modular organization of structural and functional brain networks},
	author={Seguin, Caio and Sporns, Olaf and Zalesky, Andrew and Calamante, Fernando and others},
	journal={NeuroImage},
	volume={257},
	pages={119323},
	year={2022},
	publisher={Elsevier}
}

@article{wang2022graph,
	title={Graph few-shot learning with task-specific structures},
	author={Wang, Song and Chen, Chen and Li, Jundong},
	journal={Advances in Neural Information Processing Systems},
	volume={35},
	pages={38925--38936},
	year={2022}
}
@article{huang2024identifying,
	title={Identifying key players in complex networks via network entanglement},
	author={Huang, Yiming and Wang, Hao and Ren, Xiao-Long and L{\"u}, Linyuan},
	journal={Communications Physics},
	volume={7},
	number={1},
	pages={19},
	year={2024},
	publisher={Nature Publishing Group UK London}
}

@article{vaswani2017attention,
	title={Attention is all you need},
	author={Vaswani, Ashish and Shazeer, Noam and Parmar, Niki and Uszkoreit, Jakob and Jones, Llion and Gomez, Aidan N and Kaiser, {\L}ukasz and Polosukhin, Illia},
	journal={Advances in Neural Information Processing Systems},
	volume={30},
	year={2017}
}
@inproceedings{DBLP:conf/iclr/DwivediL0BB22,
	author       = {Vijay Prakash Dwivedi and
	Anh Tuan Luu and
	Thomas Laurent and
	Yoshua Bengio and
	Xavier Bresson},
	title        = {Graph Neural Networks with Learnable Structural and Positional Representations},
	booktitle    = {The Tenth International Conference on Learning Representations, {ICLR}},
	publisher    = {OpenReview.net},
	year         = {2022}
}
@article{dwivedi2020generalization,
	title={A generalization of transformer networks to graphs},
	author={Dwivedi, Vijay Prakash and Bresson, Xavier},
	journal={arXiv preprint arXiv:2012.09699},
	year={2020}
}
@article{ying2021transformers,
	title={Do transformers really perform badly for graph representation?},
	author={Ying, Chengxuan and Cai, Tianle and Luo, Shengjie and Zheng, Shuxin and Ke, Guolin and He, Di and Shen, Yanming and Liu, Tie-Yan},
	journal={Advances in Neural Information Processing Systems},
	volume={34},
	pages={28877--28888},
	year={2021}
}

@article{kan2022brain,
	title={Brain network transformer},
	author={Kan, Xuan and Dai, Wei and Cui, Hejie and Zhang, Zilong and Guo, Ying and Yang, Carl},
	journal={Advances in Neural Information Processing Systems},
	volume={35},
	pages={25586--25599},
	year={2022}
}
@article{bessadok2022graph,
	title={Graph neural networks in network neuroscience},
	author={Bessadok, Alaa and Mahjoub, Mohamed Ali and Rekik, Islem},
	journal={IEEE Transactions on Pattern Analysis and Machine Intelligence},
	volume={45},
	number={5},
	pages={5833--5848},
	year={2022},
	publisher={IEEE}
}


@article{li2021braingnn,
	title={Brain{GNN}: Interpretable brain graph neural network for fmri analysis},
	author={Li, Xiaoxiao and Zhou, Yuan and Dvornek, Nicha and Zhang, Muhan and Gao, Siyuan and Zhuang, Juntang and Scheinost, Dustin and Staib, Lawrence H and Ventola, Pamela and Duncan, James S},
	journal={Medical Image Analysis},
	volume={74},
	pages={102233},
	year={2021},
	publisher={Elsevier}
}
@article{said2024neurograph,
	title={Neurograph: Benchmarks for graph machine learning in brain connectomics},
	author={Said, Anwar and Bayrak, Roza and Derr, Tyler and Shabbir, Mudassir and Moyer, Daniel and Chang, Catie and Koutsoukos, Xenofon},
	journal={Advances in Neural Information Processing Systems},
	volume={36},
	year={2024}
}
@article{lei2023multi,
	title={Multi-scale enhanced graph convolutional network for mild cognitive impairment detection},
	author={Lei, Baiying and Zhu, Yun and Yu, Shuangzhi and Hu, Huoyou and Xu, Yanwu and Yue, Guanghui and Wang, Tianfu and Zhao, Cheng and Chen, Shaobin and Yang, Peng and others},
	journal={Pattern Recognition},
	volume={134},
	pages={109106},
	year={2023},
	publisher={Elsevier}
}

@article{bullmore2009complex,
	title={Complex brain networks: graph theoretical analysis of structural and functional systems},
	author={Bullmore, Ed and Sporns, Olaf},
	journal={Nature Reviews Neuroscience},
	volume={10},
	number={3},
	pages={186--198},
	year={2009},
	publisher={Nature Publishing Group UK London}
}
@article{kreuzer2021rethinking,
	title={Rethinking graph transformers with spectral attention},
	author={Kreuzer, Devin and Beaini, Dominique and Hamilton, Will and L{\'e}tourneau, Vincent and Tossou, Prudencio},
	journal={Advances in Neural Information Processing Systems},
	volume={34},
	pages={21618--21629},
	year={2021}
}
@article{wu2024simplifying,
	title={Simplifying and empowering transformers for large-graph representations},
	author={Wu, Qitian and Zhao, Wentao and Yang, Chenxiao and Zhang, Hengrui and Nie, Fan and Jiang, Haitian and Bian, Yatao and Yan, Junchi},
	journal={Advances in Neural Information Processing Systems},
	volume={36},
	year={2024}
}
@ARTICLE{10388338,
	author={Sun, Ke and Peng, Ciyuan and Yu, Shuo and Han, Zhuoyang and Xia, Feng},
	journal={IEEE Intelligent Systems}, 
	title={From {EEG} Data to Brain Networks: Graph Learning Based Brain Disease Diagnosis}, 
	year={2024},
	pages={1-9}}

@article{cui2022braingb,
	title={Brain{GB}: {A} benchmark for brain network analysis with graph neural networks},
	author={Cui, Hejie and Dai, Wei and Zhu, Yanqiao and Kan, Xuan and Gu, Antonio Aodong Chen and Lukemire, Joshua and Zhan, Liang and He, Lifang and Guo, Ying and Yang, Carl},
	journal={IEEE Transactions on Medical Imaging},
	volume={42},
	number={2},
	pages={493--506},
	year={2022},
	publisher={IEEE}
}
@article{wang2020brainprint,
	title={{BrainPrint}: {EEG} biometric identification based on analyzing brain connectivity graphs},
	author={Wang, Min and Hu, Jiankun and Abbass, Hussein A},
	journal={Pattern Recognition},
	volume={105},
	pages={107381},
	year={2020},
	publisher={Elsevier}
}
@article{kim2021learning,
	title={Learning dynamic graph representation of brain connectome with spatio-temporal attention},
	author={Kim, Byung-Hoon and Ye, Jong Chul and Kim, Jae-Jin},
	journal={Advances in Neural Information Processing Systems},
	volume={34},
	pages={4314--4327},
	year={2021}
}
@inproceedings{cai2020graph,
	title={Graph transformer for graph-to-sequence learning},
	author={Cai, Deng and Lam, Wai},
	booktitle={Proceedings of the AAAI Conference on Artificial Intelligence},
	volume={34},
	number={05},
	pages={7464--7471},
	year={2020}
}
@article{yun2019graph,
	title={Graph Transformer Networks},
	author={Yun, Seongjun and Jeong, Minbyul and Kim, Raehyun and Kang, Jaewoo and Kim, Hyunwoo J},
	journal={Advances in Neural Information Processing Systems},
	volume={32},
	year={2019}
}
@article{zhang2022hierarchical,
	title={Hierarchical graph transformer with adaptive node sampling},
	author={Zhang, Zaixi and Liu, Qi and Hu, Qingyong and Lee, Chee-Kong},
	journal={Advances in Neural Information Processing Systems},
	volume={35},
	pages={21171--21183},
	year={2022}
}
@article{rong2020self,
	title={Self-supervised graph transformer on large-scale molecular data},
	author={Rong, Yu and Bian, Yatao and Xu, Tingyang and Xie, Weiyang and Wei, Ying and Huang, Wenbing and Huang, Junzhou},
	journal={Advances in Neural Information Processing Systems},
	volume={33},
	pages={12559--12571},
	year={2020}
}
@inproceedings{li2022kpgt,
	title={{KPGT}: knowledge-guided pre-training of graph transformer for molecular property prediction},
	author={Li, Han and Zhao, Dan and Zeng, Jianyang},
	booktitle={Proceedings of the 28th ACM SIGKDD Conference on Knowledge Discovery and Data Mining},
	pages={857--867},
	year={2022}
}
@article{ma2023single,
	title={Single-cell biological network inference using a heterogeneous graph transformer},
	author={Ma, Anjun and Wang, Xiaoying and Li, Jingxian and Wang, Cankun and Xiao, Tong and Liu, Yuntao and Cheng, Hao and Wang, Juexin and Li, Yang and Chang, Yuzhou and others},
	journal={Nature Communications},
	volume={14},
	number={1},
	pages={964},
	year={2023},
	publisher={Nature Publishing Group UK London}
}
@article{luo2024transformers,
	title={Transformers over Directed Acyclic Graphs},
	author={Luo, Yuankai and Thost, Veronika and Shi, Lei},
	journal={Advances in Neural Information Processing Systems},
	volume={36},
	year={2024}
}
@article{wang2024geometric,
	title={Geometric Transformer with Interatomic Positional Encoding},
	author={Wang, Yusong and Li, Shaoning and Wang, Tong and Shao, Bin and Zheng, Nanning and Liu, Tie-Yan},
	journal={Advances in Neural Information Processing Systems},
	volume={36},
	year={2024}
}
@article{yi2024nar,
	title={{NAR-Former V2}: Rethinking Transformer for Universal Neural Network Representation Learning},
	author={Yi, Yun and Zhang, Haokui and Xiao, Rong and Wang, Nannan and Wang, Xiaoyu},
	journal={Advances in Neural Information Processing Systems},
	volume={36},
	year={2024}
}
@inproceedings{kong2023goat,
	title={{GOAT}: {A} global transformer on large-scale graphs},
	author={Kong, Kezhi and Chen, Jiuhai and Kirchenbauer, John and Ni, Renkun and Bruss, C Bayan and Goldstein, Tom},
	booktitle={International Conference on Machine Learning},
	pages={17375--17390},
	year={2023},
	organization={PMLR}
}
@inproceedings{shirzad2023exphormer,
	title={Exphormer: Sparse transformers for graphs},
	author={Shirzad, Hamed and Velingker, Ameya and Venkatachalam, Balaji and Sutherland, Danica J and Sinop, Ali Kemal},
	booktitle={International Conference on Machine Learning},
	pages={31613--31632},
	year={2023},
	organization={PMLR}
}
@inproceedings{geisler2023transformers,
	title={Transformers meet directed graphs},
	author={Geisler, Simon and Li, Yujia and Mankowitz, Daniel J and Cemgil, Ali Taylan and G{\"u}nnemann, Stephan and Paduraru, Cosmin},
	booktitle={International Conference on Machine Learning},
	pages={11144--11172},
	year={2023},
	organization={PMLR}
}
@inproceedings{ma2023graph,
	title={Graph inductive biases in transformers without message passing},
	author={Ma, Liheng and Lin, Chen and Lim, Derek and Romero-Soriano, Adriana and Dokania, Puneet K and Coates, Mark and Torr, Philip and Lim, Ser-Nam},
	booktitle={International Conference on Machine Learning},
	pages={23321--23337},
	year={2023},
	organization={PMLR}
}
@article{seguin2023brain,
	title={Brain network communication: concepts, models and applications},
	author={Seguin, Caio and Sporns, Olaf and Zalesky, Andrew},
	journal={Nature Reviews Neuroscience},
	volume={24},
	number={9},
	pages={557--574},
	year={2023},
	publisher={Nature Publishing Group UK London}
}

@article{gao2017properties,
	title={On the properties of the softmax function with application in game theory and reinforcement learning},
	author={Gao, Bolin and Pavel, Lacra},
	journal={arXiv preprint arXiv:1704.00805},
	year={2017}
}

@inproceedings{DBLP:conf/ijcai/ChenZLZ0Z23,
	author       = {Han Chen and
	Ziwen Zhao and
	Yuhua Li and
	Yixiong Zou and
	Ruixuan Li and
	Rui Zhang},
	title        = {{CSGCL:} Community-Strength-Enhanced Graph Contrastive Learning},
	booktitle    = {Proceedings of the Thirty-Second International Joint Conference on Artificial Intelligence, {IJCAI}},
	pages        = {2059--2067},
	year         = {2023}
}
@article{de2016spectral,
	title={Spectral entropies as information-theoretic tools for complex network comparison},
	author={De Domenico, Manlio and Biamonte, Jacob},
	journal={Physical Review X},
	volume={6},
	number={4},
	pages={041062},
	year={2016},
	publisher={APS}
}
@inproceedings{hassani2020contrastive,
	title={Contrastive multi-view representation learning on graphs},
	author={Hassani, Kaveh and Khasahmadi, Amir Hosein},
	booktitle={International Conference on Machine Learning},
	pages={4116--4126},
	year={2020},
	organization={PMLR}
}
@article{liang2012effects,
  title={Effects of different correlation metrics and preprocessing factors on small-world brain functional networks: a resting-state functional {MRI} study},
  author={Liang, Xia and Wang, Jinhui and Yan, Chaogan and Shu, Ni and Xu, Ke and Gong, Gaolang and He, Yong},
  journal={PloS One},
  volume={7},
  number={3},
  pages={e32766},
  year={2012}
}
@article{oord2018representation,
	title={Representation learning with contrastive predictive coding},
	author={Oord, Aaron van den and Li, Yazhe and Vinyals, Oriol},
	journal={arXiv preprint arXiv:1807.03748},
	year={2018}
}
@article{mialon2021graphit,
	title={Graphit: Encoding graph structure in transformers},
	author={Mialon, Gr{\'e}goire and Chen, Dexiong and Selosse, Margot and Mairal, Julien},
	journal={arXiv preprint arXiv:2106.05667},
	year={2021}
}
@article{weedbrook2012gaussian,
	title={Gaussian quantum information},
	author={Weedbrook, Christian and Pirandola, Stefano and Garc{\'\i}a-Patr{\'o}n, Ra{\'u}l and Cerf, Nicolas J and Ralph, Timothy C and Shapiro, Jeffrey H and Lloyd, Seth},
	journal={Reviews of Modern Physics},
	volume={84},
	number={2},
	pages={621},
	year={2012},
	publisher={APS}
}
@article{yu2023quantum,
	title={Quantum Graph Learning: Frontiers and Outlook},
	author={Yu, Shuo and Peng, Ciyuan and Wang, Yingbo and Shehzad, Ahsan and Xia, Feng and Hancock, Edwin R},
	journal={arXiv preprint arXiv:2302.00892},
	year={2023}
}
@book{nielsen2010quantum,
	title={Quantum computation and quantum information},
	author={Nielsen, Michael A and Chuang, Isaac L},
	year={2010},
	publisher={Cambridge University Press}
}

@article{liao2017small,
	title={Small-world human brain networks: perspectives and challenges},
	author={Liao, Xuhong and Vasilakos, Athanasios V and He, Yong},
	journal={Neuroscience \& Biobehavioral Reviews},
	volume={77},
	pages={286--300},
	year={2017},
	publisher={Elsevier}
}
@article{meunier2010modular,
	title={Modular and hierarchically modular organization of brain networks},
	author={Meunier, David and Lambiotte, Renaud and Bullmore, Edward T},
	journal={Frontiers in Neuroscience},
	volume={4},
	pages={7572},
	year={2010},
	publisher={Frontiers}
}
@article{sporns2013network,
	title={Network attributes for segregation and integration in the human brain},
	author={Sporns, Olaf},
	journal={Current Opinion in Neurobiology},
	volume={23},
	number={2},
	pages={162--171},
	year={2013},
	publisher={Elsevier}
}
@article{liu2023braintgl,
	title={{BrainTGL}: {A} dynamic graph representation learning model for brain network analysis},
	author={Liu, Lingwen and Wen, Guangqi and Cao, Peng and Hong, Tianshun and Yang, Jinzhu and Zhang, Xizhe and Zaiane, Osmar R},
	journal={Computers in Biology and Medicine},
	volume={153},
	pages={106521},
	year={2023},
	publisher={Elsevier}
}
@article{ding2023lggnet,
	title={Lggnet: Learning from local-global-graph representations for brain-computer interface},
	author={Ding, Yi and Robinson, Neethu and Tong, Chengxuan and Zeng, Qiuhao and Guan, Cuntai},
	journal={IEEE Transactions on Neural Networks and Learning Systems},
	year={2023},
	publisher={IEEE}
}
@inproceedings{kan2022fbnetgen,
	title={{FBNETGEN}: Task-aware {GNN}-based {fMRI} analysis via functional brain network generation},
	author={Kan, Xuan and Cui, Hejie and Lukemire, Joshua and Guo, Ying and Yang, Carl},
	booktitle={International Conference on Medical Imaging with Deep Learning},
	pages={618--637},
	year={2022},
	organization={PMLR}
}
@inproceedings{bannadabhavi2023community,
	title={Community-Aware Transformer for Autism Prediction in {fMRI} Connectome},
	author={Bannadabhavi, Anushree and Lee, Soojin and Deng, Wenlong and Ying, Rex and Li, Xiaoxiao},
	booktitle={International Conference on Medical Image Computing and Computer-Assisted Intervention},
	pages={287--297},
	year={2023},
	organization={Springer}
}
@inproceedings{peng2024adaptive,
	title={Adaptive Brain Network Augmentation based on Group-aware Graph Learning},
	author={Peng, Ciyuan and Liu, Mujie and Meng, Chenxuan and Yu, Shuo and Xia, Feng},
	booktitle={The Second Tiny Papers Track at ICLR 2024},
	year={2024}
}

@article{craddock2013neuro,
	title={The neuro bureau preprocessing initiative: open sharing of preprocessed neuroimaging data and derivatives},
	author={Craddock, Cameron and Benhajali, Yassine and Chu, Carlton and Chouinard, Francois and Evans, Alan and Jakab, Andr{\'a}s and Khundrakpam, Budhachandra Singh and Lewis, John David and Li, Qingyang and Milham, Michael and others},
	journal={Frontiers in Neuroinformatics},
	volume={7},
	number={27},
	pages={5},
	year={2013}
}

@article{craddock2012whole,
	title={A whole brain {fMRI} atlas generated via spatially constrained spectral clustering},
	author={Craddock, R Cameron and James, G Andrew and Holtzheimer III, Paul E and Hu, Xiaoping P and Mayberg, Helen S},
	journal={Human Brain Mapping},
	volume={33},
	number={8},
	pages={1914--1928},
	year={2012},
	publisher={Wiley Online Library}
}

@inproceedings{DBLP:conf/iclr/VelickovicCCRLB18,
	author       = {Petar Velickovic and
	Guillem Cucurull and
	Arantxa Casanova and
	Adriana Romero and
	Pietro Li{\`{o}} and
	Yoshua Bengio},
	title        = {Graph Attention Networks},
	booktitle    = {6th International Conference on Learning Representations, {ICLR}},
    year={2018}
}
@article{blondel2008fast,
	title={Fast unfolding of communities in large networks},
	author={Blondel, Vincent D and Guillaume, Jean-Loup and Lambiotte, Renaud and Lefebvre, Etienne},
	journal={Journal of Statistical Mechanics: Theory and Experiment},
	volume={2008},
	number={10},
	pages={P10008},
	year={2008},
	publisher={IOP Publishing}
}
@inproceedings{DBLP:conf/iclr/RongHXH20,
	author       = {Yu Rong and
	Wenbing Huang and
	Tingyang Xu and
	Junzhou Huang},
	title        = {{DropEdge}: Towards Deep Graph Convolutional Networks on Node Classification},
	booktitle    = {8th International Conference on Learning Representations, {ICLR}},
    year={2020}
}
@article{das2018study,
  title={Study on centrality measures in social networks: a survey},
  author={Das, Kousik and Samanta, Sovan and Pal, Madhumangal},
  journal={Social Network Analysis and Mining},
  volume={8},
  pages={1--11},
  year={2018},
  publisher={Springer}
}
@article{mccallum2000automating,
  title={Automating the construction of internet portals with machine learning},
  author={McCallum, Andrew Kachites and Nigam, Kamal and Rennie, Jason and Seymore, Kristie},
  journal={Information Retrieval},
  volume={3},
  pages={127--163},
  year={2000},
  publisher={Springer}
}
@inproceedings{giles1998citeseer,
  title={{CiteSeer}: An automatic citation indexing system},
  author={Giles, C Lee and Bollacker, Kurt D and Lawrence, Steve},
  booktitle={Proceedings of the Third ACM Conference on Digital Libraries},
  pages={89--98},
  year={1998}
}
@article{cohen2009pearson,
  title={Pearson correlation coefficient},
  author={Cohen, Israel and Huang, Yiteng and Chen, Jingdong and Benesty, Jacob and Benesty, Jacob and Chen, Jingdong and Huang, Yiteng and Cohen, Israel},
  journal={Noise Reduction in Speech Processing},
  pages={1--4},
  year={2009},
  publisher={Springer}
}
@article{hou2022distance,
  title={Distance correlation application to gene co-expression network analysis},
  author={Hou, Jie and Ye, Xiufen and Feng, Weixing and Zhang, Qiaosheng and Han, Yatong and Liu, Yusong and Li, Yu and Wei, Yufen},
  journal={BMC Bioinformatics},
  volume={23},
  number={1},
  pages={81},
  year={2022},
  publisher={Springer}
}
@article{xi2023identifying,
  title={Identifying influential nodes in complex networks based on information entropy and relationship strength},
  author={Xi, Ying and Cui, Xiaohui},
  journal={Entropy},
  volume={25},
  number={5},
  pages={754},
  year={2023},
  publisher={MDPI}
}
@inproceedings{DBLP:conf/iclr/LoshchilovH19,
  author       = {Ilya Loshchilov and
                  Frank Hutter},
  title        = {Decoupled Weight Decay Regularization},
  booktitle    = {7th International Conference on Learning Representations, {ICLR}},
  publisher    = {OpenReview.net},
  year         = {2019}
}
@article{akiki2019determining,
  title={Determining the hierarchical architecture of the human brain using subject-level clustering of functional networks},
  author={Akiki, Teddy J and Abdallah, Chadi G},
  journal={Scientific Reports},
  volume={9},
  number={1},
  pages={19290},
  year={2019},
  publisher={Nature Publishing Group UK London}
}
@article{dosenbach2010prediction,
  title={Prediction of individual brain maturity using {fMRI}},
  author={Dosenbach, Nico UF and Nardos, Binyam and Cohen, Alexander L and Fair, Damien A and Power, Jonathan D and Church, Jessica A and Nelson, Steven M and Wig, Gagan S and Vogel, Alecia C and Lessov-Schlaggar, Christina N and others},
  journal={Science},
  volume={329},
  number={5997},
  pages={1358--1361},
  year={2010},
  publisher={American Association for the Advancement of Science}
}
@article{gasteiger2019diffusion,
  title={Diffusion improves graph learning},
  author={Gasteiger, Johannes and Wei{\ss}enberger, Stefan and G{\"u}nnemann, Stephan},
  journal={Advances in Neural Information Processing Systems},
  volume={32},
  year={2019}
}
@inproceedings{li2024generalized,
  title={A generalized neural diffusion framework on graphs},
  author={Li, Yibo and Wang, Xiao and Liu, Hongrui and Shi, Chuan},
  booktitle={Proceedings of the AAAI Conference on Artificial Intelligence},
  volume={38},
  number={8},
  pages={8707--8715},
  year={2024}
}
@article{shehzad2024graph,
  title={Graph Transformers: A Survey},
  author={Shehzad, Ahsan and Xia, Feng and Abid, Shagufta and Peng, Ciyuan and Yu, Shuo and Zhang, Dongyu and Verspoor, Karin},
  journal={arXiv preprint arXiv:2407.09777},
  year={2024}
}
@article{tzourio2002automated,
  title={Automated anatomical labeling of activations in {SPM} using a macroscopic anatomical parcellation of the {MNI MRI} single-subject brain},
  author={Tzourio-Mazoyer, Nathalie and Landeau, Brigitte and Papathanassiou, Dimitri and Crivello, Fabrice and Etard, Octave and Delcroix, Nicolas and Mazoyer, Bernard and Joliot, Marc},
  journal={NeuroImage},
  volume={15},
  number={1},
  pages={273--289},
  year={2002},
  publisher={Elsevier}
}
@inproceedings{abs_2403_01232,
  author       = {Chenhui Deng and
                  Zichao Yue and
                  Zhiru Zhang},
  title        = {Polynormer: Polynomial-Expressive Graph Transformer in Linear Time},
  booktitle    = {Proceedings of the International Conference on Learning Representations, {ICLR}},
  year         = {2024},
}
@inproceedings{Xing24,
  author       = {Yujie Xing and
                  Xiao Wang and
                  Yibo Li and
                  Hai Huang and
                  Chuan Shi},
  title        = {{Less is More}: on the Over-Globalizing Problem in Graph Transformers},
  booktitle    = {Proceedings of the International Conference on Machine Learning, {ICML}},
  year         = {2024}
}
@article{swanson2024neural,
  title={Neural network architecture of a mammalian brain},
  author={Swanson, Larry W and Hahn, Joel D and Sporns, Olaf},
  journal={Proceedings of the National Academy of Sciences},
  volume={121},
  number={39},
  pages={e2413422121},
  year={2024},
  publisher={National Academy of Sciences}
}
@article{betzel2024hierarchical,
  title={Hierarchical communities in the larval Drosophila connectome: Links to cellular annotations and network topology},
  author={Betzel, Richard and Puxeddu, Maria Grazia and Seguin, Caio},
  journal={Proceedings of the National Academy of Sciences},
  volume={121},
  number={38},
  pages={e2320177121},
  year={2024},
  publisher={National Academy of Sciences}
}




@article{chen2024explainable,
  title={Explainable spatio-temporal graph evolution learning with applications to dynamic brain network analysis during development},
  author={Chen, Longyun and Qiao, Chen and Ren, Kai and Qu, Gang and Calhoun, Vince D and Stephen, Julia M and Wilson, Tony W and Wang, Yu-Ping},
  journal={NeuroImage},
  volume={298},
  pages={120771},
  year={2024},
  publisher={Elsevier}
}
@article{zhu2024spatio,
  title={Spatio-Temporal Graph Hubness Propagation Model for Dynamic Brain Network Classification},
  author={Zhu, Qi and Li, Shengrong and Meng, Xiangshui and Xu, Qiang and Zhang, Zhiqiang and Shao, Wei and Zhang, Daoqiang},
  journal={IEEE Transactions on Medical Imaging},
  year={2024},
  publisher={IEEE}
}
@article{popp2024structural,
  title={Structural-functional brain network coupling predicts human cognitive ability},
  author={Popp, Johanna L and Thiele, Jonas A and Faskowitz, Joshua and Seguin, Caio and Sporns, Olaf and Hilger, Kirsten},
  journal={NeuroImage},
  volume={290},
  pages={120563},
  year={2024},
  publisher={Elsevier}
}

@article{wu2024network,
  title={Network mechanisms of ongoing brain activityâ€™s influence on conscious visual perception},
  author={Wu, Yuan-hao and Podvalny, Ella and Levinson, Max and He, Biyu J},
  journal={Nature Communications},
  volume={15},
  number={1},
  pages={5720},
  year={2024},
  publisher={Nature Publishing Group UK London}
}


@book{jones2012thalamus,
  title={The thalamus},
  author={Jones, Edward G},
  year={2012},
  publisher={Springer Science \& Business Media}
}
@article{rauschecker2009maps,
  title={Maps and streams in the auditory cortex: nonhuman primates illuminate human speech processing},
  author={Rauschecker, Josef P and Scott, Sophie K},
  journal={Nature Neuroscience},
  volume={12},
  number={6},
  pages={718--724},
  year={2009},
  publisher={Nature Publishing Group US New York}
}
@article{dosenbach2007distinct,
  title={Distinct brain networks for adaptive and stable task control in humans},
  author={Dosenbach, Nico UF and Fair, Damien A and Miezin, Francis M and Cohen, Alexander L and Wenger, Kristin K and Dosenbach, Ronny AT and Fox, Michael D and Snyder, Abraham Z and Vincent, Justin L and Raichle, Marcus E and others},
  journal={Proceedings of the National Academy of Sciences},
  volume={104},
  number={26},
  pages={11073--11078},
  year={2007},
  publisher={National Acad Sciences}
}

@inproceedings{chen2024sigformer,
  title={{SIGformer}: Sign-aware Graph Transformer for Recommendation},
  author={Chen, Sirui and Chen, Jiawei and Zhou, Sheng and Wang, Bohao and Han, Shen and Su, Chanfei and Yuan, Yuqing and Wang, Can},
  booktitle={Proceedings of the 47th International ACM SIGIR Conference on Research and Development in Information Retrieval},
  pages={1274--1284},
  year={2024}
}


@inproceedings{DBLP:conf/ijcai/0008YZMP024,
  author       = {Chuang Liu and
                  Zelin Yao and
                  Yibing Zhan and
                  Xueqi Ma and
                  Shirui Pan and
                  Wenbin Hu},
  title        = {Gradformer: Graph Transformer with Exponential Decay},
  booktitle    = {Proceedings of the Thirty-Third International Joint Conference on
                  Artificial Intelligence, Jeju, South Korea, August 3-9},
  pages        = {2171--2179},
  year         = {2024}
}
@article{liu2024exploring,
  title={Exploring sparsity in graph transformers},
  author={Liu, Chuang and Zhan, Yibing and Ma, Xueqi and Ding, Liang and Tao, Dapeng and Wu, Jia and Hu, Wenbin and Du, Bo},
  journal={Neural Networks},
  volume={174},
  pages={106265},
  year={2024},
  publisher={Elsevier}
}


@article{bullmore2009complex,
  title={Complex brain networks: graph theoretical analysis of structural and functional systems},
  author={Bullmore, Ed and Sporns, Olaf},
  journal={Nature Reviews Neuroscience},
  volume={10},
  number={3},
  pages={186--198},
  year={2009},
  publisher={Nature Publishing Group UK London}
}
@article{latora2001efficient,
  title={Efficient behavior of small-world networks},
  author={Latora, Vito and Marchiori, Massimo},
  journal={Physical Review Letters},
  volume={87},
  number={19},
  pages={198701},
  year={2001},
  publisher={APS}
}

@article{wang2020disrupted,
  title={Disrupted functional brain connectivity networks in children with attention-deficit/hyperactivity disorder: evidence from resting-state functional near-infrared spectroscopy},
  author={Wang, Mengjing and Hu, Zhishan and Liu, Lu and Li, Haimei and Qian, Qiujin and Niu, Haijing},
  journal={Neurophotonics},
  volume={7},
  number={1},
  pages={015012--015012},
  year={2020},
  publisher={Society of Photo-Optical Instrumentation Engineers}
}

@article{sripada2014lag,
  title={Lag in maturation of the brainâ€™s intrinsic functional architecture in attention-deficit/hyperactivity disorder},
  author={Sripada, Chandra S and Kessler, Daniel and Angstadt, Mike},
  journal={Proceedings of the National Academy of Sciences},
  volume={111},
  number={39},
  pages={14259--14264},
  year={2014},
  publisher={National Acad Sciences}
}
@article{sanz2010loss,
  title={Loss of â€˜small-worldâ€™networks in {Alzheimer's} disease: graph analysis of {fMRI} resting-state functional connectivity},
  author={Sanz-Arigita, Ernesto J and Schoonheim, Menno M and others},
  journal={PloS one},
  volume={5},
  number={11},
  pages={e13788},
  year={2010}
}
@article{dai2014disrupted,
  title={Disrupted structural and functional brain connectomes in mild cognitive impairment and {Alzheimerâ€™s} disease},
  author={Dai, Zhengjia and He, Yong},
  journal={Neuroscience Bulletin},
  volume={30},
  pages={217--232},
  year={2014},
  publisher={Springer}
}
@article{zhao2012disrupted,
  title={Disrupted small-world brain networks in moderate {Alzheimer's} disease: a resting-state {fMRI} study},
  author={Zhao, Xiaohu and Liu, Yong and others},
  journal={PloS one},
  volume={7},
  number={3},
  pages={e33540},
  year={2012},
  publisher={Public Library of Science San Francisco, USA}
}
@article{weber2024contracted,
  title={Contracted functional connectivity profiles in autism},
  author={Weber, Clara F and Kebets, Valeria and Benkarim, Oualid and Lariviere, Sara and Wang, Yezhou and Ngo, Alexander and Jiang, Hongxiu and Chai, Xiaoqian and Park, Bo-yong and Milham, Michael P and others},
  journal={Molecular Autism},
  volume={15},
  number={1},
  pages={38},
  year={2024},
  publisher={Springer}
}

@article{itahashi2014altered,
  title={Altered network topologies and hub organization in adults with autism: a resting-state {fMRI} study},
  author={Itahashi, Takashi and Yamada, Takashi and others},
  journal={PloS one},
  volume={9},
  number={4},
  pages={e94115},
  year={2014}
}
@article{maximo2014implications,
  title={The implications of brain connectivity in the neuropsychology of autism},
  author={Maximo, Jose O and Cadena, Elyse J and Kana, Rajesh K},
  journal={Neuropsychology Review},
  volume={24},
  pages={16--31},
  year={2014},
  publisher={Springer}
}
@inproceedings{luo2024fairgt,
  title={Fair{GT}: A Fairness-aware Graph Transformer},
  author={Luo, Renqiang and Huang, Huafei and Yu, Shuo and Zhang, Xiuzhen and Xia, Feng},
  booktitle={Proceedings of the 33rd International Joint Conference on Artificial Intelligence},
  year={2024}
}