@INPROCEEDINGS{10448075,
  author={Su, Xiu and You, Shan and Xu, Hongyan and Li, Xiuxing and Long, Jun and Chen, Yi and Xu, Chang},
  booktitle={ICASSP 2024 - 2024 IEEE International Conference on Acoustics, Speech and Signal Processing (ICASSP)}, 
  title={Beyond the Limit of Weight-Sharing: Pioneering Space-Evolving NAS with Large Language Models}, 
  year={2024},
  volume={},
  number={},
  pages={6225-6229},
  keywords={Adaptation models;Costs;Signal processing;Transformers;Search problems;Mathematical models;Iterative methods;NAS;space evolving;LLM},
  doi={10.1109/ICASSP48485.2024.10448075}}

@inproceedings{2017Learning,
  title={Learning transferable architectures for scalable image recognition},
  author={Zoph, Barret and Vasudevan, Vijay and Shlens, Jonathon and Le, Quoc V},
  booktitle={Proceedings of the IEEE Conference on Computer Vision and Pattern Recognition},
  pages={8697--8710},
  year={2018}
}

@article{2018Efficient,
  author    = {Hieu Pham and
               Melody Y. Guan and
               Barret Zoph and
               Quoc V. Le and
               Jeff Dean},
  title     = {Efficient Neural Architecture Search via Parameter Sharing},
  journal   = {CoRR},
  volume    = {abs/1802.03268},
  year      = {2018},
  url       = {http://arxiv.org/abs/1802.03268},
  eprinttype = {arXiv},
  eprint    = {1802.03268},
  timestamp = {Mon, 13 Aug 2018 16:47:58 +0200},
  biburl    = {https://dblp.org/rec/journals/corr/abs-1802-03268.bib},
  bibsource = {dblp computer science bibliography, https://dblp.org}
}

@article{2018Regularized,
  title={Regularized Evolution for Image Classifier Architecture Search},
  author={ Real, E.  and  Aggarwal, A.  and  Huang, Y.  and  Le, Q. V. },
  journal={Proceedings of the AAAI Conference on Artificial Intelligence},
  volume={33},
  year={2018},
}

@article{Cai_Chen_Liu_Ling_Lai_2024, title={EG-NAS: Neural Architecture Search with Fast Evolutionary Exploration}, volume={38}, url={https://ojs.aaai.org/index.php/AAAI/article/view/28993}, DOI={10.1609/aaai.v38i10.28993}, number={10}, journal={Proceedings of the AAAI Conference on Artificial Intelligence}, author={Cai, Zicheng and Chen, Lei and Liu, Peng and Ling, Tongtao and Lai, Yutao}, year={2024}, month={Mar.}, pages={11159-11167} }

@article{DBLP:journals/corr/abs-2006-10355,
  title={Drnas: Dirichlet neural architecture search},
  author={Chen, Xiangning and Wang, Ruochen and Cheng, Minhao and Tang, Xiaocheng and Hsieh, Cho-Jui},
  journal={arXiv preprint arXiv:2006.10355},
  year={2020}
}

@article{DBLP:journals/corr/abs-2108-11014,
  title={idarts: Improving darts by node normalization and decorrelation discretization},
  author={Wang, Huiqun and Yang, Ruijie and Huang, Di and Wang, Yunhong},
  journal={IEEE Transactions on Neural Networks and Learning Systems},
  year={2021},
  publisher={IEEE}
}

@misc{brock2017smashoneshotmodelarchitecture,
      title={SMASH: One-Shot Model Architecture Search through HyperNetworks}, 
      author={Andrew Brock and Theodore Lim and J. M. Ritchie and Nick Weston},
      year={2017},
      eprint={1708.05344},
      archivePrefix={arXiv},
      primaryClass={cs.LG},
      url={https://arxiv.org/abs/1708.05344}, 
}

@inproceedings{chen2019progressive,
  title={Progressive differentiable architecture search: Bridging the depth gap between search and evaluation},
  author={Chen, Xin and Xie, Lingxi and Wu, Jun and Tian, Qi},
  booktitle={Proceedings of the IEEE/CVF international conference on computer vision},
  pages={1294--1303},
  year={2019}
}

@misc{chen2023evopromptinglanguagemodelscodelevel,
      title={EvoPrompting: Language Models for Code-Level Neural Architecture Search}, 
      author={Angelica Chen and David M. Dohan and David R. So},
      year={2023},
      eprint={2302.14838},
      archivePrefix={arXiv},
      primaryClass={cs.NE},
      url={https://arxiv.org/abs/2302.14838}, 
}

@inproceedings{chen2024large,
  title={Large language model-driven meta-structure discovery in heterogeneous information network},
  author={Chen, Lin and Xu, Fengli and Li, Nian and Han, Zhenyu and Wang, Meng and Li, Yong and Hui, Pan},
  booktitle={Proceedings of the 30th ACM SIGKDD Conference on Knowledge Discovery and Data Mining},
  pages={307--318},
  year={2024}
}

@article{dong2023heterogeneous,
  title={Heterogeneous graph neural architecture search with gpt-4},
  author={Dong, Haoyuan and Gao, Yang and Wang, Haishuai and Yang, Hong and Zhang, Peng},
  journal={arXiv preprint arXiv:2312.08680},
  year={2023}
}

@inproceedings{hu2020angle,
  title={Angle-based search space shrinking for neural architecture search},
  author={Hu, Yiming and Liang, Yuding and Guo, Zichao and Wan, Ruosi and Zhang, Xiangyu and Wei, Yichen and Gu, Qingyi and Sun, Jian},
  booktitle={Computer Vision--ECCV 2020: 16th European Conference, Glasgow, UK, August 23--28, 2020, Proceedings, Part XIX 16},
  pages={119--134},
  year={2020},
  organization={Springer}
}

@misc{jawahar2024llmperformancepredictorsgood,
      title={LLM Performance Predictors are good initializers for Architecture Search}, 
      author={Ganesh Jawahar and Muhammad Abdul-Mageed and Laks V. S. Lakshmanan and Dujian Ding},
      year={2024},
      eprint={2310.16712},
      archivePrefix={arXiv},
      primaryClass={cs.CL},
      url={https://arxiv.org/abs/2310.16712}, 
}

@article{liu2018darts,
title={DARTS: Differentiable Architecture Search},
author={Liu, Hanxiao and Simonyan, Karen and Yang, Yiming},
journal={arXiv preprint arXiv:1806.09055},
year={2018}
}

@inproceedings{nasir2024llmatic,
  title={LLMatic: neural architecture search via large language models and quality diversity optimization},
  author={Nasir, Muhammad Umair and Earle, Sam and Togelius, Julian and James, Steven and Cleghorn, Christopher},
  booktitle={proceedings of the Genetic and Evolutionary Computation Conference},
  pages={1110--1118},
  year={2024}
}

@misc{qin2024flnasfairnessnasresource,
      title={FL-NAS: Towards Fairness of NAS for Resource Constrained Devices via Large Language Models}, 
      author={Ruiyang Qin and Yuting Hu and Zheyu Yan and Jinjun Xiong and Ahmed Abbasi and Yiyu Shi},
      year={2024},
      eprint={2402.06696},
      archivePrefix={arXiv},
      primaryClass={cs.LG},
      url={https://arxiv.org/abs/2402.06696}, 
}

@misc{wang2024graphneuralarchitecturesearch,
      title={Graph Neural Architecture Search with GPT-4}, 
      author={Haishuai Wang and Yang Gao and Xin Zheng and Peng Zhang and Hongyang Chen and Jiajun Bu and Philip S. Yu},
      year={2024},
      eprint={2310.01436},
      archivePrefix={arXiv},
      primaryClass={cs.LG},
      url={https://arxiv.org/abs/2310.01436}, 
}

@inproceedings{xiao2022shapley,
  title={Shapley-NAS: discovering operation contribution for neural architecture search},
  author={Xiao, Han and Wang, Ziwei and Zhu, Zheng and Zhou, Jie and Lu, Jiwen},
  booktitle={Proceedings of the IEEE/CVF conference on computer vision and pattern recognition},
  pages={11892--11901},
  year={2022}
}

@article{xu2019pc,
  title={Pc-darts: Partial channel connections for memory-efficient architecture search},
  author={Xu, Yuhui and Xie, Lingxi and Zhang, Xiaopeng and Chen, Xin and Qi, Guo-Jun and Tian, Qi and Xiong, Hongkai},
  journal={arXiv preprint arXiv:1907.05737},
  year={2019}
}

@article{zela2019understanding,
  title={Understanding and robustifying differentiable architecture search},
  author={Zela, Arber and Elsken, Thomas and Saikia, Tonmoy and Marrakchi, Yassine and Brox, Thomas and Hutter, Frank},
  journal={arXiv preprint arXiv:1909.09656},
  year={2019}
}

@misc{zhang2023automlgptautomaticmachinelearning,
      title={AutoML-GPT: Automatic Machine Learning with GPT}, 
      author={Shujian Zhang and Chengyue Gong and Lemeng Wu and Xingchao Liu and Mingyuan Zhou},
      year={2023},
      eprint={2305.02499},
      archivePrefix={arXiv},
      primaryClass={cs.CL},
      url={https://arxiv.org/abs/2305.02499}, 
}

@misc{zhou2024designprincipletransferneural,
      title={Design Principle Transfer in Neural Architecture Search via Large Language Models}, 
      author={Xun Zhou and Xingyu Wu and Liang Feng and Zhichao Lu and Kay Chen Tan},
      year={2024},
      eprint={2408.11330},
      archivePrefix={arXiv},
      primaryClass={cs.LG},
      url={https://arxiv.org/abs/2408.11330}, 
}

