
@inproceedings{xiao2022shapley,
  title={Shapley-NAS: discovering operation contribution for neural architecture search},
  author={Xiao, Han and Wang, Ziwei and Zhu, Zheng and Zhou, Jie and Lu, Jiwen},
  booktitle={Proceedings of the IEEE/CVF conference on computer vision and pattern recognition},
  pages={11892--11901},
  year={2022}
}
@inproceedings{chen2019progressive,
  title={Progressive differentiable architecture search: Bridging the depth gap between search and evaluation},
  author={Chen, Xin and Xie, Lingxi and Wu, Jun and Tian, Qi},
  booktitle={Proceedings of the IEEE/CVF international conference on computer vision},
  pages={1294--1303},
  year={2019}
}
@article{zela2019understanding,
  title={Understanding and robustifying differentiable architecture search},
  author={Zela, Arber and Elsken, Thomas and Saikia, Tonmoy and Marrakchi, Yassine and Brox, Thomas and Hutter, Frank},
  journal={arXiv preprint arXiv:1909.09656},
  year={2019}
}
@inproceedings{FedNAS,
  title={FedNAS: Federated Deep Learning via Neural Architecture Search},
  author={He, Chaoyang and Annavaram, Murali and Avestimehr, Salman},
  booktitle={CVPR 2020 Workshop on Neural Architecture Search and Beyond for Representation Learning},
  year={2020},
}
@article{wang2021rethinking,
  title={Rethinking architecture selection in differentiable nas},
  author={Wang, Ruochen and Cheng, Minhao and Chen, Xiangning and Tang, Xiaocheng and Hsieh, Cho-Jui},
  journal={arXiv preprint arXiv:2108.04392},
  year={2021}
}
@inproceedings{2016Deep,
  title={Deep residual learning for image recognition},
  author={He, Kaiming and Zhang, Xiangyu and Ren, Shaoqing and Sun, Jian},
  booktitle={Proceedings of the IEEE Conference on Conference on Computer Vision and Pattern Recognition},
  pages={770--778},
  year={2016}
}
@INPROCEEDINGS{542381,
  author={Hansen, N. and Ostermeier, A.},
  booktitle={Proceedings of IEEE International Conference on Evolutionary Computation}, 
  title={Adapting arbitrary normal mutation distributions in evolution strategies: the covariance matrix adaptation}, 
  year={1996},
  volume={},
  number={},
  pages={312-317},
  doi={10.1109/ICEC.1996.542381}}
@article{DBLP:journals/corr/Hansen16a,
  title={The CMA evolution strategy: A tutorial},
  author={Hansen, Nikolaus},
  journal={arXiv preprint arXiv:1604.00772},
  year={2016}
}
@article{dong2023heterogeneous,
  title={Heterogeneous graph neural architecture search with gpt-4},
  author={Dong, Haoyuan and Gao, Yang and Wang, Haishuai and Yang, Hong and Zhang, Peng},
  journal={arXiv preprint arXiv:2312.08680},
  year={2023}
}

@inproceedings{chen2024large,
  title={Large language model-driven meta-structure discovery in heterogeneous information network},
  author={Chen, Lin and Xu, Fengli and Li, Nian and Han, Zhenyu and Wang, Meng and Li, Yong and Hui, Pan},
  booktitle={Proceedings of the 30th ACM SIGKDD Conference on Knowledge Discovery and Data Mining},
  pages={307--318},
  year={2024}
}
@misc{qin2024flnasfairnessnasresource,
      title={FL-NAS: Towards Fairness of NAS for Resource Constrained Devices via Large Language Models}, 
      author={Ruiyang Qin and Yuting Hu and Zheyu Yan and Jinjun Xiong and Ahmed Abbasi and Yiyu Shi},
      year={2024},
      eprint={2402.06696},
      archivePrefix={arXiv},
      primaryClass={cs.LG},
      url={https://arxiv.org/abs/2402.06696}, 
}
@INPROCEEDINGS{10448075,
  author={Su, Xiu and You, Shan and Xu, Hongyan and Li, Xiuxing and Long, Jun and Chen, Yi and Xu, Chang},
  booktitle={ICASSP 2024 - 2024 IEEE International Conference on Acoustics, Speech and Signal Processing (ICASSP)}, 
  title={Beyond the Limit of Weight-Sharing: Pioneering Space-Evolving NAS with Large Language Models}, 
  year={2024},
  volume={},
  number={},
  pages={6225-6229},
  keywords={Adaptation models;Costs;Signal processing;Transformers;Search problems;Mathematical models;Iterative methods;NAS;space evolving;LLM},
  doi={10.1109/ICASSP48485.2024.10448075}}

@inproceedings{nasir2024llmatic,
  title={LLMatic: neural architecture search via large language models and quality diversity optimization},
  author={Nasir, Muhammad Umair and Earle, Sam and Togelius, Julian and James, Steven and Cleghorn, Christopher},
  booktitle={proceedings of the Genetic and Evolutionary Computation Conference},
  pages={1110--1118},
  year={2024}
}
@article{DBLP:journals/corr/LoshchilovH16,
  title={CMA-ES for hyperparameter optimization of deep neural networks},
  author={Loshchilov, Ilya and Hutter, Frank},
  journal={arXiv preprint arXiv:1604.07269},
  year={2016}
}
@article{salimans2017evolution,
  title={Evolution strategies as a scalable alternative to reinforcement learning},
  author={Salimans, Tim and Ho, Jonathan and Chen, Xi and Sidor, Szymon and Sutskever, Ilya},
  journal={arXiv preprint arXiv:1703.03864},
  year={2017}
}

@article{rahman2024lemonademultiparameterneuralarchitecture,
  title={LeMo-NADe: Multi-Parameter Neural Architecture Discovery with LLMs},
  author={Md Hafizur Rahman and Prabuddha Chakraborty},
  journal={ArXiv},
  year={2024},
  volume={abs/2402.18443},
  url={https://api.semanticscholar.org/CorpusID:268041309}
}
@inproceedings{duan2021transnas,
  title = {TransNAS-Bench-101: Improving Transferability and Generalizability of Cross-Task Neural Architecture Search},
  author = {Duan, Yawen and Chen, Xin and Xu, Hang and Chen, Zewei and Liang, Xiaodan and Zhang, Tong and Li, Zhenguo},
  booktitle = {Proceedings of the IEEE/CVF Conference on Computer Vision and Pattern Recognition},
  pages = {5251--5260},
  year = {2021}
}
@article{2014Very,
  title={Very Deep Convolutional Networks for Large-Scale Image Recognition},
  author={ Simonyan, K.  and  Zisserman, A. },
  journal={Computer Science},
  year={2014},
}
@misc{openai2024gpt4ocard,
      title={GPT-4o System Card}, 
      author={OpenAI},
      year={2024},
      eprint={2410.21276},
      archivePrefix={arXiv},
      primaryClass={cs.CL},
      url={https://arxiv.org/abs/2410.21276}, 
}
@article{10.5555/972470.972475,
author = {Marcus, Mitchell P. and Marcinkiewicz, Mary Ann and Santorini, Beatrice},
title = {Building a large annotated corpus of English: the penn treebank},
year = {1993},
issue_date = {June 1993},
publisher = {MIT Press},
address = {Cambridge, MA, USA},
volume = {19},
number = {2},
issn = {0891-2017},
journal = {Comput. Linguist.},
month = jun,
pages = {313â€“330},
numpages = {18}
}
@article{qwen2.5,
    title   = {Qwen2.5 Technical Report}, 
    author  = {An Yang and Baosong Yang and Beichen Zhang and Binyuan Hui and Bo Zheng and Bowen Yu and Chengyuan Li and Dayiheng Liu and Fei Huang and Haoran Wei and Huan Lin and Jian Yang and Jianhong Tu and Jianwei Zhang and Jianxin Yang and Jiaxi Yang and Jingren Zhou and Junyang Lin and Kai Dang and Keming Lu and Keqin Bao and Kexin Yang and Le Yu and Mei Li and Mingfeng Xue and Pei Zhang and Qin Zhu and Rui Men and Runji Lin and Tianhao Li and Tingyu Xia and Xingzhang Ren and Xuancheng Ren and Yang Fan and Yang Su and Yichang Zhang and Yu Wan and Yuqiong Liu and Zeyu Cui and Zhenru Zhang and Zihan Qiu},
    journal = {arXiv preprint arXiv:2412.15115},
    year    = {2024}
}

@inproceedings{ConVNext,
  title={A convnet for the 2020s},
  author={Liu, Zhuang and Mao, Hanzi and Wu, Chao-Yuan and Feichtenhofer, Christoph and Darrell, Trevor and Xie, Saining},
  booktitle={Proceedings of the IEEE/CVF Conference on Computer Vision and Pattern Recognition},
  pages={11976--11986},
  year={2022}
}

@article{krizhevsky2012imagenet,
  title={Imagenet classification with deep convolutional neural networks},
  author={Krizhevsky, Alex and Sutskever, Ilya and Hinton, Geoffrey E},
  journal={Advances in neural information processing systems},
  volume={25},
  year={2012}
}
@inproceedings{bender2018understanding,
  title={Understanding and simplifying one-shot architecture search},
  author={Bender, Gabriel and Kindermans, Pieter-Jan and Zoph, Barret and Vasudevan, Vijay and Le, Quoc},
  booktitle={International Conference on Machine Learning},
  pages={550--559},
  year={2018},
  organization={PMLR}
}
@article{DBLP:journals/corr/abs-1905-04919,
  author       = {Hongpeng Zhou and
                  Minghao Yang and
                  Jun Wang and
                  Wei Pan},
  title        = {BayesNAS: {A} Bayesian Approach for Neural Architecture Search},
  journal      = {CoRR},
  volume       = {abs/1905.04919},
  year         = {2019},
  url          = {http://arxiv.org/abs/1905.04919},
  eprinttype    = {arXiv},
  eprint       = {1905.04919},
  timestamp    = {Wed, 21 Oct 2020 08:40:04 +0200},
  biburl       = {https://dblp.org/rec/journals/corr/abs-1905-04919.bib},
  bibsource    = {dblp computer science bibliography, https://dblp.org}
}
@article{2018Efficient,
  author    = {Hieu Pham and
               Melody Y. Guan and
               Barret Zoph and
               Quoc V. Le and
               Jeff Dean},
  title     = {Efficient Neural Architecture Search via Parameter Sharing},
  journal   = {CoRR},
  volume    = {abs/1802.03268},
  year      = {2018},
  url       = {http://arxiv.org/abs/1802.03268},
  eprinttype = {arXiv},
  eprint    = {1802.03268},
  timestamp = {Mon, 13 Aug 2018 16:47:58 +0200},
  biburl    = {https://dblp.org/rec/journals/corr/abs-1802-03268.bib},
  bibsource = {dblp computer science bibliography, https://dblp.org}
}
@inproceedings{2019Random,
  title={Random search and reproducibility for neural architecture search},
  author={Li, Liam and Talwalkar, Ameet},
  booktitle={Uncertainty in Artificial Intelligence},
  pages={367--377},
  year={2020},
  organization={PMLR}
}
@inproceedings{dong2019one,
  title={One-shot neural architecture search via self-evaluated template network},
  author={Dong, Xuanyi and Yang, Yi},
  booktitle={Proceedings of the IEEE/CVF International Conference on Computer Vision},
  pages={3681--3690},
  year={2019}
}
@misc{zhou2024designprincipletransferneural,
      title={Design Principle Transfer in Neural Architecture Search via Large Language Models}, 
      author={Xun Zhou and Xingyu Wu and Liang Feng and Zhichao Lu and Kay Chen Tan},
      year={2024},
      eprint={2408.11330},
      archivePrefix={arXiv},
      primaryClass={cs.LG},
      url={https://arxiv.org/abs/2408.11330}, 
}
@ARTICLE{10508441,
  author={Xue, Yu and Zha, Jiajie and Pelusi, Danilo and Chen, Peng and Luo, Tao and Zhen, Liangli and Wang, Yan and Wahib, Mohamed},
  journal={IEEE Transactions on Evolutionary Computation}, 
  title={Neural Architecture Search With Progressive Evaluation and Sub-Population Preservation}, 
  year={2024},
  volume={},
  number={},
  pages={1-1},
  keywords={Computer architecture;Training;Computational modeling;Search problems;Evolutionary computation;Statistics;Sociology;Neural architecture search;evolutionary computation;progressive evaluation;convolutional neural network;genetic algorithm},
  doi={10.1109/TEVC.2024.3393304}}

@article{xue2024gradient,
  title={A Gradient-Guided Evolutionary Neural Architecture Search},
  author={Xue, Yu and Han, Xiaolong and Neri, Ferrante and Qin, Jiafeng and Pelusi, Danilo},
  journal={IEEE Transactions on Neural Networks and Learning Systems},
  year={2024},
  publisher={IEEE}
}
@inproceedings{lu2023pinat,
  title     = {PINAT: A Permutation INvariance Augmented Transformer for NAS Predictor},
  author    = {Lu, Shun and Hu, Yu and Wang, Peihao and Han, Yan and Tan, Jianchao and Li, Jixiang and Yang, Sen and Liu, Ji},
  booktitle = {Proceedings of the AAAI Conference on Artificial Intelligence (AAAI)},
  year      = {2023}
}
@misc{brock2017smashoneshotmodelarchitecture,
      title={SMASH: One-Shot Model Architecture Search through HyperNetworks}, 
      author={Andrew Brock and Theodore Lim and J. M. Ritchie and Nick Weston},
      year={2017},
      eprint={1708.05344},
      archivePrefix={arXiv},
      primaryClass={cs.LG},
      url={https://arxiv.org/abs/1708.05344}, 
}
@misc{peng2024swapnassamplewiseactivationpatterns,
      title={SWAP-NAS: Sample-Wise Activation Patterns for Ultra-fast NAS}, 
      author={Yameng Peng and Andy Song and Haytham M. Fayek and Vic Ciesielski and Xiaojun Chang},
      year={2024},
      eprint={2403.04161},
      archivePrefix={arXiv},
      primaryClass={cs.LG},
      url={https://arxiv.org/abs/2403.04161}, 
}
@article{Cai_Chen_Liu_Ling_Lai_2024, title={EG-NAS: Neural Architecture Search with Fast Evolutionary Exploration}, volume={38}, url={https://ojs.aaai.org/index.php/AAAI/article/view/28993}, DOI={10.1609/aaai.v38i10.28993}, number={10}, journal={Proceedings of the AAAI Conference on Artificial Intelligence}, author={Cai, Zicheng and Chen, Lei and Liu, Peng and Ling, Tongtao and Lai, Yutao}, year={2024}, month={Mar.}, pages={11159-11167} }
@misc{he2023isdartsstabilizingdartsprecise,
      title={IS-DARTS: Stabilizing DARTS through Precise Measurement on Candidate Importance}, 
      author={Hongyi He and Longjun Liu and Haonan Zhang and Nanning Zheng},
      year={2023},
      eprint={2312.12648},
      archivePrefix={arXiv},
      primaryClass={cs.LG},
      url={https://arxiv.org/abs/2312.12648}, 
}
@misc{jawahar2024llmperformancepredictorsgood,
      title={LLM Performance Predictors are good initializers for Architecture Search}, 
      author={Ganesh Jawahar and Muhammad Abdul-Mageed and Laks V. S. Lakshmanan and Dujian Ding},
      year={2024},
      eprint={2310.16712},
      archivePrefix={arXiv},
      primaryClass={cs.CL},
      url={https://arxiv.org/abs/2310.16712}, 
}
@misc{zhang2023automlgptautomaticmachinelearning,
      title={AutoML-GPT: Automatic Machine Learning with GPT}, 
      author={Shujian Zhang and Chengyue Gong and Lemeng Wu and Xingchao Liu and Mingyuan Zhou},
      year={2023},
      eprint={2305.02499},
      archivePrefix={arXiv},
      primaryClass={cs.CL},
      url={https://arxiv.org/abs/2305.02499}, 
}
@article{DBLP:journals/corr/abs-1911-12126,
  author       = {Xiangxiang Chu and
                  Tianbao Zhou and
                  Bo Zhang and
                  Jixiang Li},
  title        = {Fair {DARTS:} Eliminating Unfair Advantages in Differentiable Architecture
                  Search},
  journal      = {CoRR},
  volume       = {abs/1911.12126},
  year         = {2019},
  url          = {http://arxiv.org/abs/1911.12126},
  eprinttype    = {arXiv},
  eprint       = {1911.12126},
  timestamp    = {Sat, 23 Jan 2021 01:12:32 +0100},
  biburl       = {https://dblp.org/rec/journals/corr/abs-1911-12126.bib},
  bibsource    = {dblp computer science bibliography, https://dblp.org}
}
@inproceedings{2019Searching,
  title={Searching for a robust neural architecture in four gpu hours},
  author={Dong, Xuanyi and Yang, Yi},
  booktitle={Proceedings of the IEEE/CVF Conference on Computer Vision and Pattern Recognition},
  pages={1761--1770},
  year={2019}
}
@inproceedings{2020DSNAS,
  title={Dsnas: Direct neural architecture search without parameter retraining},
  author={Hu, Shoukang and Xie, Sirui and Zheng, Hehui and Liu, Chunxiao and Shi, Jianping and Liu, Xunying and Lin, Dahua},
  booktitle={Proceedings of the IEEE/CVF Conference on Computer Vision and Pattern Recognition},
  pages={12084--12092},
  year={2020}
}

@article{liu2018darts,
title={DARTS: Differentiable Architecture Search},
author={Liu, Hanxiao and Simonyan, Karen and Yang, Yiming},
journal={arXiv preprint arXiv:1806.09055},
year={2018}
}
@inproceedings{zhang2021idarts,
  title={idarts: Differentiable architecture search with stochastic implicit gradients},
  author={Zhang, Miao and Su, Steven W and Pan, Shirui and Chang, Xiaojun and Abbasnejad, Ehsan M and Haffari, Reza},
  booktitle={International Conference on Machine Learning},
  pages={12557--12566},
  year={2021},
  organization={PMLR}
}
@inproceedings{he2020milenas,
  title={MiLeNAS: Efficient neural architecture search via mixed-level reformulation},
  author={He, Chaoyang and Ye, Haishan and Shen, Li and Zhang, Tong},
  booktitle={Proceedings of the IEEE/CVF Conference on Computer Vision and Pattern Recognition},
  pages={11993--12002},
  year={2020}
}
@article{xu2019pc,
  title={Pc-darts: Partial channel connections for memory-efficient architecture search},
  author={Xu, Yuhui and Xie, Lingxi and Zhang, Xiaopeng and Chen, Xin and Qi, Guo-Jun and Tian, Qi and Xiong, Hongkai},
  journal={arXiv preprint arXiv:1907.05737},
  year={2019}
}
@article{DBLP:journals/corr/abs-2108-11014,
  title={idarts: Improving darts by node normalization and decorrelation discretization},
  author={Wang, Huiqun and Yang, Ruijie and Huang, Di and Wang, Yunhong},
  journal={IEEE Transactions on Neural Networks and Learning Systems},
  year={2021},
  publisher={IEEE}
}
@inproceedings{2017Learning,
  title={Learning transferable architectures for scalable image recognition},
  author={Zoph, Barret and Vasudevan, Vijay and Shlens, Jonathon and Le, Quoc V},
  booktitle={Proceedings of the IEEE Conference on Computer Vision and Pattern Recognition},
  pages={8697--8710},
  year={2018}
}
@article{xie2018snas,
  title={SNAS: stochastic neural architecture search},
  author={Xie, Sirui and Zheng, Hehui and Liu, Chunxiao and Lin, Liang},
  journal={arXiv preprint arXiv:1812.09926},
  year={2018}
}
@inproceedings{2017Progressive,
  title={Progressive neural architecture search},
  author={Liu, Chenxi and Zoph, Barret and Neumann, Maxim and Shlens, Jonathon and Hua, Wei and Li, Li-Jia and Fei-Fei, Li and Yuille, Alan and Huang, Jonathan and Murphy, Kevin},
  booktitle={Proceedings of the European Conference on Computer Vision (ECCV)},
  pages={19--34},
  year={2018}
}
@ARTICLE{10045029,
  author={Yuan, Gonglin and Wang, Bin and Xue, Bing and Zhang, Mengjie},
  journal={IEEE Transactions on Evolutionary Computation}, 
  title={Particle Swarm Optimization for Efficiently Evolving Deep Convolutional Neural Networks Using an Autoencoder-based Encoding Strategy}, 
  year={2023},
  volume={},
  number={},
  pages={1-1},
  doi={10.1109/TEVC.2023.3245322}}
@ARTICLE{9930866,
  author={Huang, Junhao and Xue, Bing and Sun, Yanan and Zhang, Mengjie and Yen, Gary G.},
  journal={IEEE Transactions on Evolutionary Computation}, 
  title={Particle Swarm Optimization for Compact Neural Architecture Search for Image Classification}, 
  year={2022},
  volume={},
  number={},
  pages={1-1},
  doi={10.1109/TEVC.2022.3217290}}

@article{2018Regularized,
  title={Regularized Evolution for Image Classifier Architecture Search},
  author={ Real, E.  and  Aggarwal, A.  and  Huang, Y.  and  Le, Q. V. },
  journal={Proceedings of the AAAI Conference on Artificial Intelligence},
  volume={33},
  year={2018},
}
@misc{wang2024graphneuralarchitecturesearch,
      title={Graph Neural Architecture Search with GPT-4}, 
      author={Haishuai Wang and Yang Gao and Xin Zheng and Peng Zhang and Hongyang Chen and Jiajun Bu and Philip S. Yu},
      year={2024},
      eprint={2310.01436},
      archivePrefix={arXiv},
      primaryClass={cs.LG},
      url={https://arxiv.org/abs/2310.01436}, 
}
@misc{chen2023evopromptinglanguagemodelscodelevel,
      title={EvoPrompting: Language Models for Code-Level Neural Architecture Search}, 
      author={Angelica Chen and David M. Dohan and David R. So},
      year={2023},
      eprint={2302.14838},
      archivePrefix={arXiv},
      primaryClass={cs.NE},
      url={https://arxiv.org/abs/2302.14838}, 
}

@inproceedings{2017Hierarchical,
  title={Hierarchical Representations for Efficient Architecture Search},
  author={Liu, Hanxiao and Simonyan, Karen and Vinyals, Oriol and Fernando, Chrisantha and Kavukcuoglu, Koray},
  booktitle={International Conference on Learning Representations},
  year={2018}
}

@article{DBLP:journals/corr/abs-2009-01027,
  title={Darts-: robustly stepping out of performance collapse without indicators},
  author={Chu, Xiangxiang and Wang, Xiaoxing and Zhang, Bo and Lu, Shun and Wei, Xiaolin and Yan, Junchi},
  journal={arXiv preprint arXiv:2009.01027},
  year={2020}
}
@inproceedings{ye2022beta,
  title={b-darts: Beta-decay regularization for differentiable architecture search},
  author={Ye, Peng and Li, Baopu and Li, Yikang and Chen, Tao and Fan, Jiayuan and Ouyang, Wanli},
  booktitle={Proceedings of the IEEE/CVF Conference on Computer Vision and Pattern Recognition},
  pages={10874--10883},
  year={2022}
}

@article{DBLP:journals/corr/abs-2006-10355,
  title={Drnas: Dirichlet neural architecture search},
  author={Chen, Xiangning and Wang, Ruochen and Cheng, Minhao and Tang, Xiaocheng and Hsieh, Cho-Jui},
  journal={arXiv preprint arXiv:2006.10355},
  year={2020}
}
@article{DBLP:journals/corr/abs-1810-03522,
  author    = {Zhichao Lu and
               Ian Whalen and
               Vishnu Boddeti and
               Yashesh D. Dhebar and
               Kalyanmoy Deb and
               Erik D. Goodman and
               Wolfgang Banzhaf},
  title     = {{NSGA-NET:} {A} Multi-Objective Genetic Algorithm for Neural Architecture
               Search},
  journal   = {CoRR},
  volume    = {abs/1810.03522},
  year      = {2018},
  url       = {http://arxiv.org/abs/1810.03522},
  eprinttype = {arXiv},
  eprint    = {1810.03522},
  timestamp = {Tue, 30 Oct 2018 10:49:09 +0100},
  biburl    = {https://dblp.org/rec/journals/corr/abs-1810-03522.bib},
  bibsource = {dblp computer science bibliography, https://dblp.org}
}
@article{cai2018proxylessnas,
  title={Proxylessnas: Direct neural architecture search on target task and hardware},
  author={Cai, Han and Zhu, Ligeng and Han, Song},
  journal={arXiv preprint arXiv:1812.00332},
  year={2018}
}
@inproceedings{szegedy2015going,
  title={Going deeper with convolutions},
  author={Szegedy, Christian and Liu, Wei and Jia, Yangqing and Sermanet, Pierre and Reed, Scott and Anguelov, Dragomir and Erhan, Dumitru and Vanhoucke, Vincent and Rabinovich, Andrew},
  booktitle={Proceedings of the IEEE Conference on Computer Vision and Pattern Recognition},
  pages={1--9},
  year={2015}
}
@article{howard2017mobilenets,
  title={Mobilenets: Efficient convolutional neural networks for mobile vision applications},
  author={Howard, Andrew G and Zhu, Menglong and Chen, Bo and Kalenichenko, Dmitry and Wang, Weijun and Weyand, Tobias and Andreetto, Marco and Adam, Hartwig},
  journal={arXiv preprint arXiv:1704.04861},
  year={2017}
}
@article{DBLP:journals/corr/abs-2001-00326,
  title={Nas-bench-201: Extending the scope of reproducible neural architecture search},
  author={Dong, Xuanyi and Yang, Yi},
  journal={arXiv preprint arXiv:2001.00326},
  year={2020}
}
@inproceedings{chen2020stabilizing,
  title={Stabilizing differentiable architecture search via perturbation-based regularization},
  author={Chen, Xiangning and Hsieh, Cho-Jui},
  booktitle={International Conference on Machine Learning},
  pages={1554--1565},
  year={2020},
  organization={PMLR}
}

@inproceedings{wang2023internimage,
  title={Internimage: Exploring large-scale vision foundation models with deformable convolutions},
  author={Wang, Wenhai and Dai, Jifeng and Chen, Zhe and Huang, Zhenhang and Li, Zhiqi and Zhu, Xizhou and Hu, Xiaowei and Lu, Tong and Lu, Lewei and Li, Hongsheng and others},
  booktitle={Proceedings of the IEEE/CVF conference on computer vision and pattern recognition},
  pages={14408--14419},
  year={2023}
}
@inproceedings{fang2022hybrid,
  title={A hybrid network of cnn and transformer for lightweight image super-resolution},
  author={Fang, Jinsheng and Lin, Hanjiang and Chen, Xinyu and Zeng, Kun},
  booktitle={Proceedings of the IEEE/CVF conference on computer vision and pattern recognition},
  pages={1103--1112},
  year={2022}
}

@inproceedings{huang2017densely,
  title={Densely connected convolutional networks},
  author={Huang, Gao and Liu, Zhuang and Van Der Maaten, Laurens and Weinberger, Kilian Q},
  booktitle={Proceedings of the IEEE conference on computer vision and pattern recognition},
  pages={4700--4708},
  year={2017}
}
@article{cui2018evolutionary,
  title={Evolutionary stochastic gradient descent for optimization of deep neural networks},
  author={Cui, Xiaodong and Zhang, Wei and T{\"u}ske, Zolt{\'a}n and Picheny, Michael},
  journal={Advances in Neural Information Processing Systems},
  volume={31},
  year={2018}
}

@inproceedings{xue2021evolutionary,
  title     = {Evolutionary Gradient Descent for Non-convex Optimization},
  author    = {Xue, Ke and Qian, Chao and Xu, Ling and Fei, Xudong},
  booktitle = {Proceedings of the Thirtieth International Joint Conference on
               Artificial Intelligence, {IJCAI-21}},
  pages     = {3221--3227},
  year      = {2021},
  month     = {8}
}
@inproceedings{hu2020angle,
  title={Angle-based search space shrinking for neural architecture search},
  author={Hu, Yiming and Liang, Yuding and Guo, Zichao and Wan, Ruosi and Zhang, Xiangyu and Wei, Yichen and Gu, Qingyi and Sun, Jian},
  booktitle={Computer Vision--ECCV 2020: 16th European Conference, Glasgow, UK, August 23--28, 2020, Proceedings, Part XIX 16},
  pages={119--134},
  year={2020},
  organization={Springer}
}
#related work start
#rl-nas

@inproceedings{zoph2022neural,
  title={Neural Architecture Search with Reinforcement Learning},
  author={Zoph, Barret and Le, Quoc},
  booktitle={International Conference on Learning Representations},
  year={2022}
}

@inproceedings{vahdat2020unas,
  title={Unas: Differentiable architecture search meets reinforcement learning},
  author={Vahdat, Arash and Mallya, Arun and Liu, Ming-Yu and Kautz, Jan},
  booktitle={Proceedings of the IEEE/CVF conference on computer vision and pattern recognition},
  pages={11266--11275},
  year={2020}
}

@article{chauhan2023dqnas,
  title={DQNAS: Neural Architecture Search using Reinforcement Learning},
  author={Chauhan, Anshumaan and Bhattacharyya, Siddhartha and Vadivel, S},
  journal={arXiv preprint arXiv:2301.06687},
  year={2023}
}

@article{liu2021survey,
  title={A survey on evolutionary neural architecture search},
  author={Liu, Yuqiao and Sun, Yanan and Xue, Bing and Zhang, Mengjie and Yen, Gary G and Tan, Kay Chen},
  journal={IEEE transactions on neural networks and learning systems},
  volume={34},
  number={2},
  pages={550--570},
  year={2021},
  publisher={IEEE}
}
 
@article{sheng2024hierarchical,
  title={Hierarchical Encoding Method for Retinal Segmentation Evolutionary Architecture Search},
  author={Sheng, Huangxu and Liu, Hai-Lin and Lai, Yutao and Zeng, Shaoda and Chen, Lei},
  journal={IEEE Transactions on Emerging Topics in Computational Intelligence},
  year={2024},
  publisher={IEEE}
}
@incollection{lv2023evolutionary,
  title={Evolutionary Neural Network Architecture Search},
  author={Lv, Zeqiong and Song, Xiaotian and Feng, Yuqi and Ou, Yuwei and Sun, Yanan and Zhang, Mengjie},
  booktitle={Handbook of Evolutionary Machine Learning},
  pages={247--281},
  year={2023},
  publisher={Springer}
}


@inproceedings{real2017large,
  title={Large-scale evolution of image classifiers},
  author={Real, Esteban and Moore, Sherry and Selle, Andrew and Saxena, Saurabh and Suematsu, Yutaka Leon and Tan, Jie and Le, Quoc V and Kurakin, Alexey},
  booktitle={International conference on machine learning},
  pages={2902--2911},
  year={2017},
  organization={PMLR}
}

@article{sinha2024neural,
  title={Neural architecture search using covariance matrix adaptation evolution strategy},
  author={Sinha, Nilotpal and Chen, Kuan-Wen},
  journal={Evolutionary Computation},
  volume={32},
  number={2},
  pages={177--204},
  year={2024},
  publisher={MIT Press 255 Main Street, 9th Floor, Cambridge, Massachusetts 02142, USA~â€¦}
}

#weight-sharing nas
 @article{xue2023evolutionary,
  title={Evolutionary architecture search for generative adversarial networks based on weight sharing},
  author={Xue, Yu and Tong, Weinan and Neri, Ferrante and Chen, Peng and Luo, Tao and Zhen, Liangli and Wang, Xiao},
  journal={IEEE Transactions on Evolutionary Computation},
  year={2023},
  publisher={IEEE}
}
#gdas
@inproceedings{dong2019searching,
  title={Searching for a robust neural architecture in four gpu hours},
  author={Dong, Xuanyi and Yang, Yi},
  booktitle={Proceedings of the IEEE/CVF conference on computer vision and pattern recognition},
  pages={1761--1770},
  year={2019}
}

#related work end