% Use this file for citations not found in the ACL Anthology (contained in "anthology.bib").


@inproceedings{li2024icle++,
  title={ICLE++: Modeling Fine-Grained Traits for Holistic Essay Scoring},
  author={Li, Shengjie and Ng, Vincent},
  booktitle={Proceedings of the 2024 Conference of the North American Chapter of the Association for Computational Linguistics: Human Language Technologies (Volume 1: Long Papers)},
  pages={8458--8478},
  year={2024}
}

@inproceedings{yan2024urbanclip,
  title={Urbanclip: Learning text-enhanced urban region profiling with contrastive language-image pretraining from the web},
  author={Yan, Yibo and Wen, Haomin and Zhong, Siru and Chen, Wei and Chen, Haodong and Wen, Qingsong and Zimmermann, Roger and Liang, Yuxuan},
  booktitle={Proceedings of the ACM on Web Conference 2024},
  pages={4006--4017},
  year={2024}
}

@article{zou2025deep,
  title={Deep learning for cross-domain data fusion in urban computing: Taxonomy, advances, and outlook},
  author={Zou, Xingchen and Yan, Yibo and Hao, Xixuan and Hu, Yuehong and Wen, Haomin and Liu, Erdong and Zhang, Junbo and Li, Yong and Li, Tianrui and Zheng, Yu and others},
  journal={Information Fusion},
  volume={113},
  pages={102606},
  year={2025},
  publisher={Elsevier}
}

@article{zheng2024reefknot,
  title={Reefknot: A comprehensive benchmark for relation hallucination evaluation, analysis and mitigation in multimodal large language models},
  author={Zheng, Kening and Chen, Junkai and Yan, Yibo and Zou, Xin and Hu, Xuming},
  journal={arXiv preprint arXiv:2408.09429},
  year={2024}
}

@article{huo2024mmneuron,
  title={MMNeuron: Discovering Neuron-Level Domain-Specific Interpretation in Multimodal Large Language Model},
  author={Huo, Jiahao and Yan, Yibo and Hu, Boren and Yue, Yutao and Hu, Xuming},
  journal={arXiv preprint arXiv:2406.11193},
  year={2024}
}

@article{hao2024urbanvlp,
  title={UrbanVLP: A Multi-Granularity Vision-Language Pre-Trained Foundation Model for Urban Indicator Prediction},
  author={Hao, Xixuan and Chen, Wei and Yan, Yibo and Zhong, Siru and Wang, Kun and Wen, Qingsong and Liang, Yuxuan},
  journal={arXiv preprint arXiv:2403.16831},
  year={2024}
}

@article{xi2023rise,
  title={The rise and potential of large language model based agents: A survey},
  author={Xi, Zhiheng and Chen, Wenxiang and Guo, Xin and He, Wei and Ding, Yiwen and Hong, Boyang and Zhang, Ming and Wang, Junzhe and Jin, Senjie and Zhou, Enyu and others},
  journal={arXiv preprint arXiv:2309.07864},
  year={2023}
}

@inproceedings{yan2024georeasoner,
  title={Georeasoner: Reasoning on geospatially grounded context for natural language understanding},
  author={Yan, Yibo and Lee, Joey},
  booktitle={Proceedings of the 33rd ACM International Conference on Information and Knowledge Management},
  pages={4163--4167},
  year={2024}
}

@article{zhou2024mitigating,
  title={Mitigating modality prior-induced hallucinations in multimodal large language models via deciphering attention causality},
  author={Zhou, Guanyu and Yan, Yibo and Zou, Xin and Wang, Kun and Liu, Aiwei and Hu, Xuming},
  journal={arXiv preprint arXiv:2410.04780},
  year={2024}
}

@article{zou2024look,
  title={Look twice before you answer: Memory-space visual retracing for hallucination mitigation in multimodal large language models},
  author={Zou, Xin and Wang, Yizhou and Yan, Yibo and Huang, Sirui and Zheng, Kening and Chen, Junkai and Tang, Chang and Hu, Xuming},
  journal={arXiv preprint arXiv:2410.03577},
  year={2024}
}

@article{huang2024miner,
  title={MINER: Mining the Underlying Pattern of Modality-Specific Neurons in Multimodal Large Language Models},
  author={Huang, Kaichen and Huo, Jiahao and Yan, Yibo and Wang, Kun and Yue, Yutao and Hu, Xuming},
  journal={arXiv preprint arXiv:2410.04819},
  year={2024}
}

@article{yan2024errorradar,
  title={Errorradar: Benchmarking complex mathematical reasoning of multimodal large language models via error detection},
  author={Yan, Yibo and Wang, Shen and Huo, Jiahao and Li, Hang and Li, Boyan and Su, Jiamin and Gao, Xiong and Zhang, Yi-Fan and Xu, Tianlong and Chu, Zhendong and others},
  journal={arXiv preprint arXiv:2410.04509},
  year={2024}
}

@article{dang2024explainable,
  title={Explainable and interpretable multimodal large language models: A comprehensive survey},
  author={Dang, Yunkai and Huang, Kaichen and Huo, Jiahao and Yan, Yibo and Huang, Sirui and Liu, Dongrui and Gao, Mengxi and Zhang, Jie and Qian, Chen and Wang, Kun and others},
  journal={arXiv preprint arXiv:2412.02104},
  year={2024}
}

@article{yan2024survey,
  title={A Survey of Mathematical Reasoning in the Era of Multimodal Large Language Model: Benchmark, Method \& Challenges},
  author={Yan, Yibo and Su, Jiamin and He, Jianxiang and Fu, Fangteng and Zheng, Xu and Lyu, Yuanhuiyi and Wang, Kun and Wang, Shen and Wen, Qingsong and Hu, Xuming},
  journal={arXiv preprint arXiv:2412.11936},
  year={2024}
}

@article{dang2024exploring,
  title={Exploring response uncertainty in mllms: An empirical evaluation under misleading scenarios},
  author={Dang, Yunkai and Gao, Mengxi and Yan, Yibo and Zou, Xin and Gu, Yanggan and Liu, Aiwei and Hu, Xuming},
  journal={arXiv preprint arXiv:2411.02708},
  year={2024}
}

@article{ramesh2022automated,
  title={An automated essay scoring systems: a systematic literature review},
  author={Ramesh, Dadi and Sanampudi, Suresh Kumar},
  journal={Artificial Intelligence Review},
  volume={55},
  number={3},
  pages={2495--2527},
  year={2022},
  publisher={Springer}
}

@inproceedings{ke2019automated,
  title={Automated Essay Scoring: A Survey of the State of the Art.},
  author={Ke, Zixuan and Ng, Vincent},
  booktitle={IJCAI},
  volume={19},
  pages={6300--6308},
  year={2019}
}

@inproceedings{lagakis2021automated,
  title={Automated essay scoring: A review of the field},
  author={Lagakis, Paraskevas and Demetriadis, Stavros},
  booktitle={2021 International Conference on Computer, Information and Telecommunication Systems (CITS)},
  pages={1--6},
  year={2021},
  organization={IEEE}
}

@article{bui2024chatgpt,
  title={ChatGPT as an automated essay scoring tool in the writing classrooms: how it compares with human scoring},
  author={Bui, Ngoc My and Barrot, Jessie S},
  journal={Education and Information Technologies},
  pages={1--18},
  year={2024},
  publisher={Springer}
}

@article{song2024automated,
  title={Automated Essay Scoring and Revising Based on Open-Source Large Language Models},
  author={Song, Yishen and Zhu, Qianta and Wang, Huaibo and Zheng, Qinhua},
  journal={IEEE Transactions on Learning Technologies},
  year={2024},
  publisher={IEEE}
}

@article{pack2024large,
  title={Large language models and automated essay scoring of English language learner writing: Insights into validity and reliability},
  author={Pack, Austin and Barrett, Alex and Escalante, Juan},
  journal={Computers and Education: Artificial Intelligence},
  volume={6},
  pages={100234},
  year={2024},
  publisher={Elsevier}
}

@article{ruseti2024automated,
  title={Automated Pipeline for Multi-lingual Automated Essay Scoring with ReaderBench},
  author={Ruseti, Stefan and Paraschiv, Ionut and Dascalu, Mihai and McNamara, Danielle S},
  journal={International Journal of Artificial Intelligence in Education},
  pages={1--22},
  year={2024},
  publisher={Springer}
}

@inproceedings{yang2024unveiling,
  title={Unveiling the Tapestry of Automated Essay Scoring: A Comprehensive Investigation of Accuracy, Fairness, and Generalizability},
  author={Yang, Kaixun and Rakovi{\'c}, Mladen and Li, Yuyang and Guan, Quanlong and Ga{\v{s}}evi{\'c}, Dragan and Chen, Guangliang},
  booktitle={Proceedings of the AAAI Conference on Artificial Intelligence},
  volume={38},
  pages={22466--22474},
  year={2024}
}

@article{li2024applying,
  title={Applying large language models for automated essay scoring for non-native Japanese},
  author={Li, Wenchao and Liu, Haitao},
  journal={Humanities and Social Sciences Communications},
  volume={11},
  number={1},
  pages={1--15},
  year={2024},
  publisher={Palgrave}
}

@article{chang2024survey,
  title={A survey on evaluation of large language models},
  author={Chang, Yupeng and Wang, Xu and Wang, Jindong and Wu, Yuan and Yang, Linyi and Zhu, Kaijie and Chen, Hao and Yi, Xiaoyuan and Wang, Cunxiang and Wang, Yidong and others},
  journal={ACM Transactions on Intelligent Systems and Technology},
  volume={15},
  number={3},
  pages={1--45},
  year={2024},
  publisher={ACM New York, NY}
}

@article{jansen2024individualizing,
  title={Individualizing goal-setting interventions using automated writing evaluation to support secondary school studentsâ€™ text revisions},
  author={Jansen, Thorben and Meyer, Jennifer and Fleckenstein, Johanna and Horbach, Andrea and Keller, Stefan and M{\"o}ller, Jens},
  journal={Learning and Instruction},
  volume={89},
  pages={101847},
  year={2024},
  publisher={Elsevier}
}

@article{wu2024unveiling,
  title={Unveiling scoring processes: Dissecting the differences between llms and human graders in automatic scoring},
  author={Wu, Xuansheng and Saraf, Padmaja Pravin and Lee, Gyeong-Geon and Latif, Ehsan and Liu, Ninghao and Zhai, Xiaoming},
  journal={arXiv preprint arXiv:2407.18328},
  year={2024}
}

@article{xia2024empirical,
  title={Empirical Study of Large Language Models as Automated Essay Scoring Tools in English Composition\_Taking TOEFL Independent Writing Task for Example},
  author={Xia, Wei and Mao, Shaoguang and Zheng, Chanjing},
  journal={arXiv preprint arXiv:2401.03401},
  year={2024}
}

@article{lim2021comprehensive,
  title={A comprehensive review of automated essay scoring (AES) research and development},
  author={Lim, Chun Then and Bong, Chih How and Wong, Wee Sian and Lee, Nung Kion},
  journal={Pertanika Journal of Science \& Technology},
  volume={29},
  number={3},
  pages={1875--1899},
  year={2021}
}

@article{tate2024can,
  title={Can AI provide useful holistic essay scoring?},
  author={Tate, Tamara P and Steiss, Jacob and Bailey, Drew and Graham, Steve and Moon, Youngsun and Ritchie, Daniel and Tseng, Waverly and Warschauer, Mark},
  journal={Computers and Education: Artificial Intelligence},
  volume={7},
  pages={100255},
  year={2024},
  publisher={Elsevier}
}

@article{yan2024practical,
  title={Practical and ethical challenges of large language models in education: A systematic scoping review},
  author={Yan, Lixiang and Sha, Lele and Zhao, Linxuan and Li, Yuheng and Martinez-Maldonado, Roberto and Chen, Guanliang and Li, Xinyu and Jin, Yueqiao and Ga{\v{s}}evi{\'c}, Dragan},
  journal={British Journal of Educational Technology},
  volume={55},
  number={1},
  pages={90--112},
  year={2024},
  publisher={Wiley Online Library}
}

@article{qu2025tool,
  title={Tool learning with large language models: A survey},
  author={Qu, Changle and Dai, Sunhao and Wei, Xiaochi and Cai, Hengyi and Wang, Shuaiqiang and Yin, Dawei and Xu, Jun and Wen, Ji-Rong},
  journal={Frontiers of Computer Science},
  volume={19},
  number={8},
  pages={198343},
  year={2025},
  publisher={Springer}
}

@article{uto2021review,
  title={A review of deep-neural automated essay scoring models},
  author={Uto, Masaki},
  journal={Behaviormetrika},
  volume={48},
  number={2},
  pages={459--484},
  year={2021},
  publisher={Springer}
}

@inproceedings{uto2020neural,
  title={Neural automated essay scoring incorporating handcrafted features},
  author={Uto, Masaki and Xie, Yikuan and Ueno, Maomi},
  booktitle={Proceedings of the 28th international conference on computational linguistics},
  pages={6077--6088},
  year={2020}
}

@article{mizumoto2023exploring,
  title={Exploring the potential of using an AI language model for automated essay scoring},
  author={Mizumoto, Atsushi and Eguchi, Masaki},
  journal={Research Methods in Applied Linguistics},
  volume={2},
  number={2},
  pages={100050},
  year={2023},
  publisher={Elsevier}
}

@article{wang2022use,
  title={On the use of bert for automated essay scoring: Joint learning of multi-scale essay representation},
  author={Wang, Yongjie and Wang, Chuan and Li, Ruobing and Lin, Hui},
  journal={arXiv preprint arXiv:2205.03835},
  year={2022}
}

@article{xiao2024automation,
  title={From Automation to Augmentation: Large Language Models Elevating Essay Scoring Landscape},
  author={Xiao, Changrong and Ma, Wenxing and Xu, Sean Xin and Zhang, Kunpeng and Wang, Yufang and Fu, Qi},
  journal={arXiv preprint arXiv:2401.06431},
  year={2024}
}

@article{mansour2024can,
  title={Can Large Language Models Automatically Score Proficiency of Written Essays?},
  author={Mansour, Watheq and Albatarni, Salam and Eltanbouly, Sohaila and Elsayed, Tamer},
  journal={arXiv preprint arXiv:2403.06149},
  year={2024}
}

@article{ding2024automated,
  title={Automated writing evaluation systems: A systematic review of Grammarly, Pigai, and Criterion with a perspective on future directions in the age of generative artificial intelligence},
  author={Ding, Linqian and Zou, Di},
  journal={Education and Information Technologies},
  pages={1--53},
  year={2024},
  publisher={Springer}
}

@article{luo2025llm4sr,
  title={LLM4SR: A Survey on Large Language Models for Scientific Research},
  author={Luo, Ziming and Yang, Zonglin and Xu, Zexin and Yang, Wei and Du, Xinya},
  journal={arXiv preprint arXiv:2501.04306},
  year={2025}
}

@article{gao2024automatic,
  title={Automatic assessment of text-based responses in post-secondary education: A systematic review},
  author={Gao, Rujun and Merzdorf, Hillary E and Anwar, Saira and Hipwell, M Cynthia and Srinivasa, Arun},
  journal={Computers and Education: Artificial Intelligence},
  pages={100206},
  year={2024},
  publisher={Elsevier}
}

@article{maity2024future,
  title={The future of learning in the age of generative ai: Automated question generation and assessment with large language models},
  author={Maity, Subhankar and Deroy, Aniket},
  journal={arXiv preprint arXiv:2410.09576},
  year={2024}
}

@article{lee2023multimodality,
  title={Multimodality of ai for education: Towards artificial general intelligence},
  author={Lee, Gyeong-Geon and Shi, Lehong and Latif, Ehsan and Gao, Yizhu and Bewersdorff, Arne and Nyaaba, Matthew and Guo, Shuchen and Wu, Zihao and Liu, Zhengliang and Wang, Hui and others},
  journal={arXiv preprint arXiv:2312.06037},
  year={2023}
}

@article{xu2024foundation,
  title={Foundation Models for Education: Promises and Prospects},
  author={Xu, Tianlong and Tong, Richard and Liang, Jing and Fan, Xing and Li, Haoyang and Wen, Qingsong},
  journal={arXiv preprint arXiv:2405.10959},
  year={2024}
}

@inproceedings{cozma2018ASAP,
    title = {Automated essay scoring with string kernels and word embeddings},
    author = {Cozma, M{\u{a}}d{\u{a}}lina  and
      Butnaru, Andrei  and
      Ionescu, Radu Tudor},
    booktitle = {Proceedings of the 56th Annual Meeting of the Association for Computational Linguistics (Volume 2: Short Papers)},
    year = {2018},
    pages = {503--509}
}

@inproceedings{mathias2018asap++,
    title = {{ASAP}++: Enriching the {ASAP} Automated Essay Grading Dataset with Essay Attribute Scores},
    author = {Mathias, Sandeep  and
      Bhattacharyya, Pushpak},
    booktitle = {Proceedings of the Eleventh International Conference on Language Resources and Evaluation ({LREC} 2018)},
    year = {2018}
}

@inproceedings{yannakoudakis2011CLCFCE,
    title = {A New Dataset and Method for Automatically Grading {ESOL} Texts},
    author = {Yannakoudakis, Helen  and
      Briscoe, Ted  and
      Medlock, Ben},
    booktitle = {Proceedings of the 49th Annual Meeting of the Association for Computational Linguistics: Human Language Technologies},
    year = {2011},
    pages = {180--189}
}

@inproceedings{lee2024TOEFL11,
    title = {Unleashing Large Language Models' Proficiency in Zero-shot Essay Scoring},
    author = {Lee, Sanwoo  and
      Cai, Yida  and
      Meng, Desong  and
      Wang, Ziyang  and
      Wu, Yunfang},
    booktitle = {Findings of the Association for Computational Linguistics: EMNLP 2024},
    year = {2024},
    pages = {181--198},
}

@book{granger2009icle,
author = {Granger, Sylviane and Dagneaux, Estelle and Meunier, Fanny and Paquot, Magali},
year = {2009},
month = {01},
title = {International Corpus of Learner English. Version 2. Handbook and CD-ROM},
}

@inproceedings{stab2014AAE,
    title = {Annotating Argument Components and Relations in Persuasive Essays},
    author = {Stab, Christian  and
      Gurevych, Iryna},
    booktitle = {Proceedings of {COLING} 2014, the 25th International Conference on Computational Linguistics: Technical Papers},
    year = {2014},
    pages = {1501--1510}
}

@inproceedings{bailey2008CREE,
    title = {Diagnosing Meaning Errors in Short Answers to Reading Comprehension Questions},
    author = {Bailey, Stacey  and
      Meurers, Detmar},
    booktitle = {Proceedings of the Third Workshop on Innovative Use of {NLP} for Building Educational Applications},
    year = {2008},
    pages = {107--115}
}

@inproceedings{Ke2019survey,
  title     = {Automated Essay Scoring: A Survey of the State of the Art},
  author    = {Ke, Zixuan and Ng, Vincent},
  booktitle = {Proceedings of the Twenty-Eighth International Joint Conference on
               Artificial Intelligence, {IJCAI-19}},
  publisher = {International Joint Conferences on Artificial Intelligence Organization},
  pages     = {6300--6308},
  year      = {2019}
}

@inproceedings{li2024reflection,
    title = {Automated Essay Scoring: A Reflection on the State of the Art},
    author = {Li, Shengjie  and
      Ng, Vincent},
    editor = {Al-Onaizan, Yaser  and
      Bansal, Mohit  and
      Chen, Yun-Nung},
    booktitle = {Proceedings of the 2024 Conference on Empirical Methods in Natural Language Processing},
    year = {2024},
    pages = {17876--17888}
}

@inproceedings{li2024recent,
  title     = {Automated Essay Scoring: Recent Successes and Future Directions},
  author    = {Li, Shengjie and Ng, Vincent},
  booktitle = {Proceedings of the Thirty-Third International Joint Conference on Artificial Intelligence, {IJCAI-24}},
  pages     = {8114--8122},
  year      = {2024},
  month     = {8}
}

@article{Attali2006erator,
author = {Attali, Yigal and Burstein, Jill},
year = {2006},
title = {Automated essay scoring with e-raterÂ® V.2. Journal of Technology, Learning, and Assessment, 4(3).},
volume = {4},
journal = {Journal of Technology, Learning, and Assessment}
}

@inproceedings{chen2013lexical,
    title = {Automated Essay Scoring by Maximizing Human-Machine Agreement},
    author = {Chen, Hongbo  and
      He, Ben},
    editor = {Yarowsky, David  and
      Baldwin, Timothy  and
      Korhonen, Anna  and
      Livescu, Karen  and
      Bethard, Steven},
    booktitle = {Proceedings of the 2013 Conference on Empirical Methods in Natural Language Processing},
    year = {2013},
    pages = {1741--1752}
}

@inproceedings{yannakoudakis2012lenthbased,
    title = {Modeling coherence in {ESOL} learner texts},
    author = {Yannakoudakis, Helen  and
      Briscoe, Ted},
    editor = {Tetreault, Joel  and
      Burstein, Jill  and
      Leacock, Claudia},
    booktitle = {Proceedings of the Seventh Workshop on Building Educational Applications Using {NLP}},
    year = {2012},
    pages = {33--43}
}

@article{Sowmya2016linguistic,
  author       = {Sowmya Vajjala},
  title        = {Automated assessment of non-native learner essays: Investigating the
                  role of linguistic features},
  journal      = {CoRR},
  year         = {2016}
}

@inproceedings{wang2022bert,
    title = {On the Use of Bert for Automated Essay Scoring: Joint Learning of Multi-Scale Essay Representation},
    author = {Wang, Yongjie  and
      Wang, Chuang  and
      Li, Ruobing  and
      Lin, Hui},
    editor = {Carpuat, Marine  and
      de Marneffe, Marie-Catherine  and
      Meza Ruiz, Ivan Vladimir},
    booktitle = {Proceedings of the 2022 Conference of the North American Chapter of the Association for Computational Linguistics: Human Language Technologies},
    year = {2022},
    pages = {3416--3425}
}

@article{MIZUMOTO2023llmbased,
title = {Exploring the potential of using an AI language model for automated essay scoring},
journal = {Research Methods in Applied Linguistics},
volume = {2},
number = {2},
pages = {100050},
year = {2023},
author = {Atsushi Mizumoto and Masaki Eguchi}
}

@misc{lee2024zeroshoting,
      title={Unleashing Large Language Models' Proficiency in Zero-shot Essay Scoring}, 
      author={Sanwoo Lee and Yida Cai and Desong Meng and Ziyang Wang and Yunfang Wu},
      year={2024}
}

@article{yan2025position,
  title={Position: Multimodal Large Language Models Can Significantly Advance Scientific Reasoning},
  author={Yan, Yibo and Wang, Shen and Huo, Jiahao and Ye, Jingheng and Chu, Zhendong and Hu, Xuming and Yu, Philip S and Gomes, Carla and Selman, Bart and Wen, Qingsong},
  journal={arXiv preprint arXiv:2502.02871},
  year={2025}
}

@article{ye2025position,
  title={Position: LLMs Can be Good Tutors in Foreign Language Education},
  author={Ye, Jingheng and Wang, Shen and Zou, Deqing and Yan, Yibo and Wang, Kun and Zheng, Hai-Tao and Xu, Zenglin and King, Irwin and Yu, Philip S and Wen, Qingsong},
  journal={arXiv preprint arXiv:2502.05467},
  year={2025}
}

@misc{mansour2024fewshoting,
      title={Can Large Language Models Automatically Score Proficiency of Written Essays?}, 
      author={Watheq Mansour and Salam Albatarni and Sohaila Eltanbouly and Tamer Elsayed},
      year={2024},
      eprint={2403.06149},
      archivePrefix={arXiv},
      primaryClass={cs.CL},
      url={https://arxiv.org/abs/2403.06149} 
}

@misc{xiao2024fewshoting,
      title={Human-AI Collaborative Essay Scoring: A Dual-Process Framework with LLMs}, 
      author={Changrong Xiao and Wenxing Ma and Qingping Song and Sean Xin Xu and Kunpeng Zhang and Yufang Wang and Qi Fu},
      year={2024},
      eprint={2401.06431},
      archivePrefix={arXiv},
      primaryClass={cs.CL},
      url={https://arxiv.org/abs/2401.06431}
}

@article{openai2024gpt4ocard,
  title={Gpt-4o system card},
  author={Hurst, Aaron and Lerer, Adam and Goucher, Adam P and Perelman, Adam and Ramesh, Aditya and Clark, Aidan and Ostrow, AJ and Welihinda, Akila and Hayes, Alan and Radford, Alec and others},
  journal={arXiv preprint arXiv:2410.21276},
  year={2024}
}



@misc{openai2024gpt4omini,
  title={GPT-4o mini: advancing cost-efficient intelligence},
  author={OpenAI},
  year={2024},
url={https://openai.com/index/gpt-4o-mini-advancing-cost-efficient-intelligence/}
}

% Claude 3.5 sonnet
@misc{claude35s,
    title={Claude 3.5 Sonnet},
    author={Anthropic},
    year={2024},
    url={https://www.anthropic.com/news/claude-3-5-sonnet}
}

% Claude 3.5 haiku
@misc{claude35h,
    title={Claude 3.5 Haiku},
    author={Anthropic},
    year={2024},
    url={https://www.anthropic.com/claude/haiku}
}

@misc{gemini,
    title={Gemini 1.5 Pro},
    author={Google DeepMind},
    year={2024},
    url={https://deepmind.google/technologies/gemini/pro}
}

@article{feng2024far,
  title={How Far Are We From AGI},
  author={Feng, Tao and Jin, Chuanyang and Liu, Jingyu and Zhu, Kunlun and Tu, Haoqin and Cheng, Zirui and Lin, Guanyu and You, Jiaxuan},
  journal={arXiv preprint arXiv:2405.10313},
  year={2024}
}

@inproceedings{jeon2021countering,
  title={Countering the influence of essay length in neural essay scoring},
  author={Jeon, Sungho and Strube, Michael},
  booktitle={Proceedings of the second workshop on simple and efficient natural language processing},
  pages={32--38},
  year={2021}
}

@misc{geminiflash,
    title={Gemini 1.5 Flash},
    author={Google DeepMind},
    year={2024},
    url={https://deepmind.google/technologies/gemini/flash/}
}

@misc{liu2024llavanext,
    title={LLaVA-NeXT: Improved reasoning, OCR, and world knowledge},
    url={https://llava-vl.github.io/blog/2024-01-30-llava-next/},
    author={Liu, Haotian and Li, Chunyuan and Li, Yuheng and Li, Bo and Zhang, Yuanhan and Shen, Sheng and Lee, Yong Jae},
    month={January},
    year={2024}
}

@article{lu2024deepseek,
  title={Deepseek-vl: towards real-world vision-language understanding},
  author={Lu, Haoyu and Liu, Wen and Zhang, Bo and Wang, Bingxuan and Dong, Kai and Liu, Bo and Sun, Jingxiang and Ren, Tongzheng and Li, Zhuoshu and Sun, Yaofeng and others},
  journal={arXiv preprint arXiv:2403.05525},
  year={2024}
}

@misc{qwen2vl,
      title={Qwen2-VL: Enhancing Vision-Language Model's Perception of the World at Any Resolution}, 
      author={Peng Wang and Shuai Bai and Sinan Tan and Shijie Wang and Zhihao Fan and Jinze Bai and Keqin Chen and Xuejing Liu and Jialin Wang and Wenbin Ge and Yang Fan and Kai Dang and Mengfei Du and Xuancheng Ren and Rui Men and Dayiheng Liu and Chang Zhou and Jingren Zhou and Junyang Lin},
      year={2024},
      eprint={2409.12191},
      archivePrefix={arXiv},
      primaryClass={cs.CV},
      url={https://arxiv.org/abs/2409.12191}
}

@article{internvl2,
  title={How Far Are We to GPT-4V? Closing the Gap to Commercial Multimodal Models with Open-Source Suites},
  author={Chen, Zhe and Wang, Weiyun and Tian, Hao and Ye, Shenglong and Gao, Zhangwei and Cui, Erfei and Tong, Wenwen and Hu, Kongzhi and Luo, Jiapeng and Ma, Zheng and others},
  journal={arXiv preprint arXiv:2404.16821},
  year={2024}
}
@misc{internvl2.5,
      title={Expanding Performance Boundaries of Open-Source Multimodal Models with Model, Data, and Test-Time Scaling}, 
      author={Zhe Chen and Weiyun Wang and Yue Cao and Yangzhou Liu and Zhangwei Gao and Erfei Cui and Jinguo Zhu and Shenglong Ye and Hao Tian and Zhaoyang Liu and Lixin Gu and Xuehui Wang and Qingyun Li and Yimin Ren and Zixuan Chen and Jiapeng Luo and Jiahao Wang and Tan Jiang and Bo Wang and Conghui He and Botian Shi and Xingcheng Zhang and Han Lv and Yi Wang and Wenqi Shao and Pei Chu and Zhongying Tu and Tong He and Zhiyong Wu and Huipeng Deng and Jiaye Ge and Kai Chen and Kaipeng Zhang and Limin Wang and Min Dou and Lewei Lu and Xizhou Zhu and Tong Lu and Dahua Lin and Yu Qiao and Jifeng Dai and Wenhai Wang},
      year={2025},
      eprint={2412.05271},
      archivePrefix={arXiv},
      primaryClass={cs.CV},
      url={https://arxiv.org/abs/2412.05271} 
}

@article{young2024yi,
  title={Yi: Open foundation models by 01. ai},
  author={Young, Alex and Chen, Bei and Li, Chao and Huang, Chengen and Zhang, Ge and Zhang, Guanwei and Li, Heng and Zhu, Jiangcheng and Chen, Jianqun and Chang, Jing and others},
  journal={arXiv preprint arXiv:2403.04652},
  year={2024}
}

@misc{hu2024minicpmunveilingpotentialsmall,
      title={MiniCPM: Unveiling the Potential of Small Language Models with Scalable Training Strategies}, 
      author={Shengding Hu and Yuge Tu and Xu Han and Chaoqun He and Ganqu Cui and Xiang Long and Zhi Zheng and Yewei Fang and Yuxiang Huang and Weilin Zhao and Xinrong Zhang and Zheng Leng Thai and Kaihuo Zhang and Chongyi Wang and Yuan Yao and Chenyang Zhao and Jie Zhou and Jie Cai and Zhongwu Zhai and Ning Ding and Chao Jia and Guoyang Zeng and Dahai Li and Zhiyuan Liu and Maosong Sun},
      year={2024},
      eprint={2404.06395},
      archivePrefix={arXiv},
      primaryClass={cs.CL},
      url={https://arxiv.org/abs/2404.06395} 
}

@misc{lu2024ovisstructuralembeddingalignment,
      title={Ovis: Structural Embedding Alignment for Multimodal Large Language Model}, 
      author={Shiyin Lu and Yang Li and Qing-Guo Chen and Zhao Xu and Weihua Luo and Kaifu Zhang and Han-Jia Ye},
      year={2024},
      eprint={2405.20797},
      archivePrefix={arXiv},
      primaryClass={cs.CV},
      url={https://arxiv.org/abs/2405.20797}
}

@article{grattafiori2024llama3herdmodels,
  title={The llama 3 herd of models},
  author={Dubey, Abhimanyu and Jauhri, Abhinav and Pandey, Abhinav and Kadian, Abhishek and Al-Dahle, Ahmad and Letman, Aiesha and Mathur, Akhil and Schelten, Alan and Yang, Amy and Fan, Angela and others},
  journal={arXiv preprint arXiv:2407.21783},
  year={2024}
}


@misc{qwenmax,
    title = {Introducing Qwen1.5},
    url = {https://qwenlm.github.io/blog/qwen1.5/},
    author = {Qwen Team},
    month = {February},
    year = {2024}
}

@misc{step1v,
    title = {Introducing step1v},
    url = {https://www.stepfun.com/#step1v},
    author = {StepFun},
    month = {March},
    year = {2024}
}

@article{shi2023detecting_privary_data,
  title={Detecting pretraining data from large language models},
  author={Shi, Weijia and Ajith, Anirudh and Xia, Mengzhou and Huang, Yangsibo and Liu, Daogao and Blevins, Terra and Chen, Danqi and Zettlemoyer, Luke},
  journal={arXiv preprint arXiv:2310.16789},
  year={2023}
}

@article{yu2024large_privary_data,
  title={Large language model as attributed training data generator: A tale of diversity and bias},
  author={Yu, Yue and Zhuang, Yuchen and Zhang, Jieyu and Meng, Yu and Ratner, Alexander J and Krishna, Ranjay and Shen, Jiaming and Zhang, Chao},
  journal={Advances in Neural Information Processing Systems},
  volume={36},
  year={2024}
}

@article{wang2023large_privary_data,
  title={Large-scale multi-modal pre-trained models: A comprehensive survey},
  author={Wang, Xiao and Chen, Guangyao and Qian, Guangwu and Gao, Pengcheng and Wei, Xiao-Yong and Wang, Yaowei and Tian, Yonghong and Gao, Wen},
  journal={Machine Intelligence Research},
  volume={20},
  number={4},
  pages={447--482},
  year={2023},
  publisher={Springer}
}

@misc{kundu2024lstricter,
      title={Are Large Language Models Good Essay Graders?}, 
      author={Anindita Kundu and Denilson Barbosa},
      year={2024},
      eprint={2409.13120},
      archivePrefix={arXiv},
      primaryClass={cs.CL},
      url={https://arxiv.org/abs/2409.13120}, 
}

@inproceedings{rawte2023Hallucination,
    title = "The Troubling Emergence of Hallucination in Large Language Models - An Extensive Definition, Quantification, and Prescriptive Remediations",
    author = "Rawte, Vipula  and
      Chakraborty, Swagata  and
      Pathak, Agnibh  and
      Sarkar, Anubhav  and
      Tonmoy, S.M Towhidul Islam  and
      Chadha, Aman  and
      Sheth, Amit  and
      Das, Amitava",
    editor = "Bouamor, Houda  and
      Pino, Juan  and
      Bali, Kalika",
    booktitle = "Proceedings of the 2023 Conference on Empirical Methods in Natural Language Processing",
    month = dec,
    year = "2023",
    address = "Singapore",
    publisher = "Association for Computational Linguistics",
    url = "https://aclanthology.org/2023.emnlp-main.155/",
    doi = "10.18653/v1/2023.emnlp-main.155",
    pages = "2541--2573",
}

@inproceedings{islam2024chart,
    title = "Are Large Vision Language Models up to the Challenge of Chart Comprehension and Reasoning",
    author = "Islam, Mohammed Saidul  and
      Rahman, Raian  and
      Masry, Ahmed  and
      Laskar, Md Tahmid Rahman  and
      Nayeem, Mir Tafseer  and
      Hoque, Enamul",
    editor = "Al-Onaizan, Yaser  and
      Bansal, Mohit  and
      Chen, Yun-Nung",
    booktitle = "Findings of the Association for Computational Linguistics: EMNLP 2024",
    month = nov,
    year = "2024",
    address = "Miami, Florida, USA",
    publisher = "Association for Computational Linguistics",
    url = "https://aclanthology.org/2024.findings-emnlp.191/",
    doi = "10.18653/v1/2024.findings-emnlp.191",
    pages = "3334--3368",
}

@inproceedings{falk-lapesa-2023-bridging,
    title = "Bridging Argument Quality and Deliberative Quality Annotations with Adapters",
    author = "Falk, Neele  and
      Lapesa, Gabriella",
    editor = "Vlachos, Andreas  and
      Augenstein, Isabelle",
    booktitle = "Findings of the Association for Computational Linguistics: EACL 2023",
    month = may,
    year = "2023",
    address = "Dubrovnik, Croatia",
    publisher = "Association for Computational Linguistics",
    url = "https://aclanthology.org/2023.findings-eacl.187/",
    doi = "10.18653/v1/2023.findings-eacl.187",
    pages = "2469--2488",
}

@inproceedings{ng-etal-2020-creating,
    title = "Creating a Domain-diverse Corpus for Theory-based Argument Quality Assessment",
    author = "Ng, Lily  and
      Lauscher, Anne  and
      Tetreault, Joel  and
      Napoles, Courtney",
    editor = "Cabrio, Elena  and
      Villata, Serena",
    booktitle = "Proceedings of the 7th Workshop on Argument Mining",
    month = dec,
    year = "2020",
    address = "Online",
    publisher = "Association for Computational Linguistics",
    url = "https://aclanthology.org/2020.argmining-1.13/",
    pages = "117--126",
}