@article{Attali2006erator,
author = {Attali, Yigal and Burstein, Jill},
year = {2006},
title = {Automated essay scoring with e-raterÂ® V.2. Journal of Technology, Learning, and Assessment, 4(3).},
volume = {4},
journal = {Journal of Technology, Learning, and Assessment}
}

@inproceedings{Ke2019survey,
  title     = {Automated Essay Scoring: A Survey of the State of the Art},
  author    = {Ke, Zixuan and Ng, Vincent},
  booktitle = {Proceedings of the Twenty-Eighth International Joint Conference on
               Artificial Intelligence, {IJCAI-19}},
  publisher = {International Joint Conferences on Artificial Intelligence Organization},
  pages     = {6300--6308},
  year      = {2019}
}

@article{MIZUMOTO2023llmbased,
title = {Exploring the potential of using an AI language model for automated essay scoring},
journal = {Research Methods in Applied Linguistics},
volume = {2},
number = {2},
pages = {100050},
year = {2023},
author = {Atsushi Mizumoto and Masaki Eguchi}
}

@article{Sowmya2016linguistic,
  author       = {Sowmya Vajjala},
  title        = {Automated assessment of non-native learner essays: Investigating the
                  role of linguistic features},
  journal      = {CoRR},
  year         = {2016}
}

@inproceedings{bailey2008CREE,
    title = {Diagnosing Meaning Errors in Short Answers to Reading Comprehension Questions},
    author = {Bailey, Stacey  and
      Meurers, Detmar},
    booktitle = {Proceedings of the Third Workshop on Innovative Use of {NLP} for Building Educational Applications},
    year = {2008},
    pages = {107--115}
}

@article{chang2024survey,
  title={A survey on evaluation of large language models},
  author={Chang, Yupeng and Wang, Xu and Wang, Jindong and Wu, Yuan and Yang, Linyi and Zhu, Kaijie and Chen, Hao and Yi, Xiaoyuan and Wang, Cunxiang and Wang, Yidong and others},
  journal={ACM Transactions on Intelligent Systems and Technology},
  volume={15},
  number={3},
  pages={1--45},
  year={2024},
  publisher={ACM New York, NY}
}

@inproceedings{chen2013lexical,
    title = {Automated Essay Scoring by Maximizing Human-Machine Agreement},
    author = {Chen, Hongbo  and
      He, Ben},
    editor = {Yarowsky, David  and
      Baldwin, Timothy  and
      Korhonen, Anna  and
      Livescu, Karen  and
      Bethard, Steven},
    booktitle = {Proceedings of the 2013 Conference on Empirical Methods in Natural Language Processing},
    year = {2013},
    pages = {1741--1752}
}

@inproceedings{cozma2018ASAP,
    title = {Automated essay scoring with string kernels and word embeddings},
    author = {Cozma, M{\u{a}}d{\u{a}}lina  and
      Butnaru, Andrei  and
      Ionescu, Radu Tudor},
    booktitle = {Proceedings of the 56th Annual Meeting of the Association for Computational Linguistics (Volume 2: Short Papers)},
    year = {2018},
    pages = {503--509}
}

@article{dang2024explainable,
  title={Explainable and interpretable multimodal large language models: A comprehensive survey},
  author={Dang, Yunkai and Huang, Kaichen and Huo, Jiahao and Yan, Yibo and Huang, Sirui and Liu, Dongrui and Gao, Mengxi and Zhang, Jie and Qian, Chen and Wang, Kun and others},
  journal={arXiv preprint arXiv:2412.02104},
  year={2024}
}

@misc{gemini,
    title={Gemini 1.5 Pro},
    author={Google DeepMind},
    year={2024},
    url={https://deepmind.google/technologies/gemini/pro}
}

@book{granger2009icle,
author = {Granger, Sylviane and Dagneaux, Estelle and Meunier, Fanny and Paquot, Magali},
year = {2009},
month = {01},
title = {International Corpus of Learner English. Version 2. Handbook and CD-ROM},
}

@article{grattafiori2024llama3herdmodels,
  title={The llama 3 herd of models},
  author={Dubey, Abhimanyu and Jauhri, Abhinav and Pandey, Abhinav and Kadian, Abhishek and Al-Dahle, Ahmad and Letman, Aiesha and Mathur, Akhil and Schelten, Alan and Yang, Amy and Fan, Angela and others},
  journal={arXiv preprint arXiv:2407.21783},
  year={2024}
}

@misc{hu2024minicpmunveilingpotentialsmall,
      title={MiniCPM: Unveiling the Potential of Small Language Models with Scalable Training Strategies}, 
      author={Shengding Hu and Yuge Tu and Xu Han and Chaoqun He and Ganqu Cui and Xiang Long and Zhi Zheng and Yewei Fang and Yuxiang Huang and Weilin Zhao and Xinrong Zhang and Zheng Leng Thai and Kaihuo Zhang and Chongyi Wang and Yuan Yao and Chenyang Zhao and Jie Zhou and Jie Cai and Zhongwu Zhai and Ning Ding and Chao Jia and Guoyang Zeng and Dahai Li and Zhiyuan Liu and Maosong Sun},
      year={2024},
      eprint={2404.06395},
      archivePrefix={arXiv},
      primaryClass={cs.CL},
      url={https://arxiv.org/abs/2404.06395} 
}

@article{huang2024miner,
  title={MINER: Mining the Underlying Pattern of Modality-Specific Neurons in Multimodal Large Language Models},
  author={Huang, Kaichen and Huo, Jiahao and Yan, Yibo and Wang, Kun and Yue, Yutao and Hu, Xuming},
  journal={arXiv preprint arXiv:2410.04819},
  year={2024}
}

@article{huo2024mmneuron,
  title={MMNeuron: Discovering Neuron-Level Domain-Specific Interpretation in Multimodal Large Language Model},
  author={Huo, Jiahao and Yan, Yibo and Hu, Boren and Yue, Yutao and Hu, Xuming},
  journal={arXiv preprint arXiv:2406.11193},
  year={2024}
}

@article{internvl2,
  title={How Far Are We to GPT-4V? Closing the Gap to Commercial Multimodal Models with Open-Source Suites},
  author={Chen, Zhe and Wang, Weiyun and Tian, Hao and Ye, Shenglong and Gao, Zhangwei and Cui, Erfei and Tong, Wenwen and Hu, Kongzhi and Luo, Jiapeng and Ma, Zheng and others},
  journal={arXiv preprint arXiv:2404.16821},
  year={2024}
}

@misc{internvl2.5,
      title={Expanding Performance Boundaries of Open-Source Multimodal Models with Model, Data, and Test-Time Scaling}, 
      author={Zhe Chen and Weiyun Wang and Yue Cao and Yangzhou Liu and Zhangwei Gao and Erfei Cui and Jinguo Zhu and Shenglong Ye and Hao Tian and Zhaoyang Liu and Lixin Gu and Xuehui Wang and Qingyun Li and Yimin Ren and Zixuan Chen and Jiapeng Luo and Jiahao Wang and Tan Jiang and Bo Wang and Conghui He and Botian Shi and Xingcheng Zhang and Han Lv and Yi Wang and Wenqi Shao and Pei Chu and Zhongying Tu and Tong He and Zhiyong Wu and Huipeng Deng and Jiaye Ge and Kai Chen and Kaipeng Zhang and Limin Wang and Min Dou and Lewei Lu and Xizhou Zhu and Tong Lu and Dahua Lin and Yu Qiao and Jifeng Dai and Wenhai Wang},
      year={2025},
      eprint={2412.05271},
      archivePrefix={arXiv},
      primaryClass={cs.CV},
      url={https://arxiv.org/abs/2412.05271} 
}

@inproceedings{lee2024TOEFL11,
    title = {Unleashing Large Language Models' Proficiency in Zero-shot Essay Scoring},
    author = {Lee, Sanwoo  and
      Cai, Yida  and
      Meng, Desong  and
      Wang, Ziyang  and
      Wu, Yunfang},
    booktitle = {Findings of the Association for Computational Linguistics: EMNLP 2024},
    year = {2024},
    pages = {181--198},
}

@inproceedings{li2024icle++,
  title={ICLE++: Modeling Fine-Grained Traits for Holistic Essay Scoring},
  author={Li, Shengjie and Ng, Vincent},
  booktitle={Proceedings of the 2024 Conference of the North American Chapter of the Association for Computational Linguistics: Human Language Technologies (Volume 1: Long Papers)},
  pages={8458--8478},
  year={2024}
}

@inproceedings{li2024recent,
  title     = {Automated Essay Scoring: Recent Successes and Future Directions},
  author    = {Li, Shengjie and Ng, Vincent},
  booktitle = {Proceedings of the Thirty-Third International Joint Conference on Artificial Intelligence, {IJCAI-24}},
  pages     = {8114--8122},
  year      = {2024},
  month     = {8}
}

@inproceedings{li2024reflection,
    title = {Automated Essay Scoring: A Reflection on the State of the Art},
    author = {Li, Shengjie  and
      Ng, Vincent},
    editor = {Al-Onaizan, Yaser  and
      Bansal, Mohit  and
      Chen, Yun-Nung},
    booktitle = {Proceedings of the 2024 Conference on Empirical Methods in Natural Language Processing},
    year = {2024},
    pages = {17876--17888}
}

@misc{liu2024llavanext,
    title={LLaVA-NeXT: Improved reasoning, OCR, and world knowledge},
    url={https://llava-vl.github.io/blog/2024-01-30-llava-next/},
    author={Liu, Haotian and Li, Chunyuan and Li, Yuheng and Li, Bo and Zhang, Yuanhan and Shen, Sheng and Lee, Yong Jae},
    month={January},
    year={2024}
}

@article{lu2024deepseek,
  title={Deepseek-vl: towards real-world vision-language understanding},
  author={Lu, Haoyu and Liu, Wen and Zhang, Bo and Wang, Bingxuan and Dong, Kai and Liu, Bo and Sun, Jingxiang and Ren, Tongzheng and Li, Zhuoshu and Sun, Yaofeng and others},
  journal={arXiv preprint arXiv:2403.05525},
  year={2024}
}

@misc{lu2024ovisstructuralembeddingalignment,
      title={Ovis: Structural Embedding Alignment for Multimodal Large Language Model}, 
      author={Shiyin Lu and Yang Li and Qing-Guo Chen and Zhao Xu and Weihua Luo and Kaifu Zhang and Han-Jia Ye},
      year={2024},
      eprint={2405.20797},
      archivePrefix={arXiv},
      primaryClass={cs.CV},
      url={https://arxiv.org/abs/2405.20797}
}

@misc{mansour2024fewshoting,
      title={Can Large Language Models Automatically Score Proficiency of Written Essays?}, 
      author={Watheq Mansour and Salam Albatarni and Sohaila Eltanbouly and Tamer Elsayed},
      year={2024},
      eprint={2403.06149},
      archivePrefix={arXiv},
      primaryClass={cs.CL},
      url={https://arxiv.org/abs/2403.06149} 
}

@inproceedings{mathias2018asap++,
    title = {{ASAP}++: Enriching the {ASAP} Automated Essay Grading Dataset with Essay Attribute Scores},
    author = {Mathias, Sandeep  and
      Bhattacharyya, Pushpak},
    booktitle = {Proceedings of the Eleventh International Conference on Language Resources and Evaluation ({LREC} 2018)},
    year = {2018}
}

@article{openai2024gpt4ocard,
  title={Gpt-4o system card},
  author={Hurst, Aaron and Lerer, Adam and Goucher, Adam P and Perelman, Adam and Ramesh, Aditya and Clark, Aidan and Ostrow, AJ and Welihinda, Akila and Hayes, Alan and Radford, Alec and others},
  journal={arXiv preprint arXiv:2410.21276},
  year={2024}
}

@article{qu2025tool,
  title={Tool learning with large language models: A survey},
  author={Qu, Changle and Dai, Sunhao and Wei, Xiaochi and Cai, Hengyi and Wang, Shuaiqiang and Yin, Dawei and Xu, Jun and Wen, Ji-Rong},
  journal={Frontiers of Computer Science},
  volume={19},
  number={8},
  pages={198343},
  year={2025},
  publisher={Springer}
}

@misc{qwen2vl,
      title={Qwen2-VL: Enhancing Vision-Language Model's Perception of the World at Any Resolution}, 
      author={Peng Wang and Shuai Bai and Sinan Tan and Shijie Wang and Zhihao Fan and Jinze Bai and Keqin Chen and Xuejing Liu and Jialin Wang and Wenbin Ge and Yang Fan and Kai Dang and Mengfei Du and Xuancheng Ren and Rui Men and Dayiheng Liu and Chang Zhou and Jingren Zhou and Junyang Lin},
      year={2024},
      eprint={2409.12191},
      archivePrefix={arXiv},
      primaryClass={cs.CV},
      url={https://arxiv.org/abs/2409.12191}
}

@inproceedings{stab2014AAE,
    title = {Annotating Argument Components and Relations in Persuasive Essays},
    author = {Stab, Christian  and
      Gurevych, Iryna},
    booktitle = {Proceedings of {COLING} 2014, the 25th International Conference on Computational Linguistics: Technical Papers},
    year = {2014},
    pages = {1501--1510}
}

@article{tate2024can,
  title={Can AI provide useful holistic essay scoring?},
  author={Tate, Tamara P and Steiss, Jacob and Bailey, Drew and Graham, Steve and Moon, Youngsun and Ritchie, Daniel and Tseng, Waverly and Warschauer, Mark},
  journal={Computers and Education: Artificial Intelligence},
  volume={7},
  pages={100255},
  year={2024},
  publisher={Elsevier}
}

@inproceedings{wang2022bert,
    title = {On the Use of Bert for Automated Essay Scoring: Joint Learning of Multi-Scale Essay Representation},
    author = {Wang, Yongjie  and
      Wang, Chuang  and
      Li, Ruobing  and
      Lin, Hui},
    editor = {Carpuat, Marine  and
      de Marneffe, Marie-Catherine  and
      Meza Ruiz, Ivan Vladimir},
    booktitle = {Proceedings of the 2022 Conference of the North American Chapter of the Association for Computational Linguistics: Human Language Technologies},
    year = {2022},
    pages = {3416--3425}
}

@article{xi2023rise,
  title={The rise and potential of large language model based agents: A survey},
  author={Xi, Zhiheng and Chen, Wenxiang and Guo, Xin and He, Wei and Ding, Yiwen and Hong, Boyang and Zhang, Ming and Wang, Junzhe and Jin, Senjie and Zhou, Enyu and others},
  journal={arXiv preprint arXiv:2309.07864},
  year={2023}
}

@article{xiao2024automation,
  title={From Automation to Augmentation: Large Language Models Elevating Essay Scoring Landscape},
  author={Xiao, Changrong and Ma, Wenxing and Xu, Sean Xin and Zhang, Kunpeng and Wang, Yufang and Fu, Qi},
  journal={arXiv preprint arXiv:2401.06431},
  year={2024}
}

@misc{xiao2024fewshoting,
      title={Human-AI Collaborative Essay Scoring: A Dual-Process Framework with LLMs}, 
      author={Changrong Xiao and Wenxing Ma and Qingping Song and Sean Xin Xu and Kunpeng Zhang and Yufang Wang and Qi Fu},
      year={2024},
      eprint={2401.06431},
      archivePrefix={arXiv},
      primaryClass={cs.CL},
      url={https://arxiv.org/abs/2401.06431}
}

@article{yan2024errorradar,
  title={Errorradar: Benchmarking complex mathematical reasoning of multimodal large language models via error detection},
  author={Yan, Yibo and Wang, Shen and Huo, Jiahao and Li, Hang and Li, Boyan and Su, Jiamin and Gao, Xiong and Zhang, Yi-Fan and Xu, Tianlong and Chu, Zhendong and others},
  journal={arXiv preprint arXiv:2410.04509},
  year={2024}
}

@inproceedings{yan2024georeasoner,
  title={Georeasoner: Reasoning on geospatially grounded context for natural language understanding},
  author={Yan, Yibo and Lee, Joey},
  booktitle={Proceedings of the 33rd ACM International Conference on Information and Knowledge Management},
  pages={4163--4167},
  year={2024}
}

@article{yan2024practical,
  title={Practical and ethical challenges of large language models in education: A systematic scoping review},
  author={Yan, Lixiang and Sha, Lele and Zhao, Linxuan and Li, Yuheng and Martinez-Maldonado, Roberto and Chen, Guanliang and Li, Xinyu and Jin, Yueqiao and Ga{\v{s}}evi{\'c}, Dragan},
  journal={British Journal of Educational Technology},
  volume={55},
  number={1},
  pages={90--112},
  year={2024},
  publisher={Wiley Online Library}
}

@article{yan2024survey,
  title={A Survey of Mathematical Reasoning in the Era of Multimodal Large Language Model: Benchmark, Method \& Challenges},
  author={Yan, Yibo and Su, Jiamin and He, Jianxiang and Fu, Fangteng and Zheng, Xu and Lyu, Yuanhuiyi and Wang, Kun and Wang, Shen and Wen, Qingsong and Hu, Xuming},
  journal={arXiv preprint arXiv:2412.11936},
  year={2024}
}

@inproceedings{yan2024urbanclip,
  title={Urbanclip: Learning text-enhanced urban region profiling with contrastive language-image pretraining from the web},
  author={Yan, Yibo and Wen, Haomin and Zhong, Siru and Chen, Wei and Chen, Haodong and Wen, Qingsong and Zimmermann, Roger and Liang, Yuxuan},
  booktitle={Proceedings of the ACM on Web Conference 2024},
  pages={4006--4017},
  year={2024}
}

@article{yan2025position,
  title={Position: Multimodal Large Language Models Can Significantly Advance Scientific Reasoning},
  author={Yan, Yibo and Wang, Shen and Huo, Jiahao and Ye, Jingheng and Chu, Zhendong and Hu, Xuming and Yu, Philip S and Gomes, Carla and Selman, Bart and Wen, Qingsong},
  journal={arXiv preprint arXiv:2502.02871},
  year={2025}
}

@inproceedings{yannakoudakis2011CLCFCE,
    title = {A New Dataset and Method for Automatically Grading {ESOL} Texts},
    author = {Yannakoudakis, Helen  and
      Briscoe, Ted  and
      Medlock, Ben},
    booktitle = {Proceedings of the 49th Annual Meeting of the Association for Computational Linguistics: Human Language Technologies},
    year = {2011},
    pages = {180--189}
}

@inproceedings{yannakoudakis2012lenthbased,
    title = {Modeling coherence in {ESOL} learner texts},
    author = {Yannakoudakis, Helen  and
      Briscoe, Ted},
    editor = {Tetreault, Joel  and
      Burstein, Jill  and
      Leacock, Claudia},
    booktitle = {Proceedings of the Seventh Workshop on Building Educational Applications Using {NLP}},
    year = {2012},
    pages = {33--43}
}

@article{young2024yi,
  title={Yi: Open foundation models by 01. ai},
  author={Young, Alex and Chen, Bei and Li, Chao and Huang, Chengen and Zhang, Ge and Zhang, Guanwei and Li, Heng and Zhu, Jiangcheng and Chen, Jianqun and Chang, Jing and others},
  journal={arXiv preprint arXiv:2403.04652},
  year={2024}
}

@article{zheng2024reefknot,
  title={Reefknot: A comprehensive benchmark for relation hallucination evaluation, analysis and mitigation in multimodal large language models},
  author={Zheng, Kening and Chen, Junkai and Yan, Yibo and Zou, Xin and Hu, Xuming},
  journal={arXiv preprint arXiv:2408.09429},
  year={2024}
}

@article{zhou2024mitigating,
  title={Mitigating modality prior-induced hallucinations in multimodal large language models via deciphering attention causality},
  author={Zhou, Guanyu and Yan, Yibo and Zou, Xin and Wang, Kun and Liu, Aiwei and Hu, Xuming},
  journal={arXiv preprint arXiv:2410.04780},
  year={2024}
}

@article{zou2024look,
  title={Look twice before you answer: Memory-space visual retracing for hallucination mitigation in multimodal large language models},
  author={Zou, Xin and Wang, Yizhou and Yan, Yibo and Huang, Sirui and Zheng, Kening and Chen, Junkai and Tang, Chang and Hu, Xuming},
  journal={arXiv preprint arXiv:2410.03577},
  year={2024}
}

@article{zou2025deep,
  title={Deep learning for cross-domain data fusion in urban computing: Taxonomy, advances, and outlook},
  author={Zou, Xingchen and Yan, Yibo and Hao, Xixuan and Hu, Yuehong and Wen, Haomin and Liu, Erdong and Zhang, Junbo and Li, Yong and Li, Tianrui and Zheng, Yu and others},
  journal={Information Fusion},
  volume={113},
  pages={102606},
  year={2025},
  publisher={Elsevier}
}

