@INPROCEEDINGS{9306745,
  author={Drainakis, Georgios and others},
  booktitle={Proc. IEEE NCA}, 
  title={Federated vs. Centralized Machine Learning under Privacy-elastic Users: {A} Comparative Analysis}, 
  year={2020},
}

@INPROCEEDINGS{9605846,
  author={Hashemi, Nazila and others},
  booktitle={Proc. ECOC}, 
  title={Vertical Federated Learning for Privacy-Preserving ML Model Development in Partially Disaggregated Networks}, 
  year={2021},
  volume={},
  number={},
  pages={}}

@INPROCEEDINGS{9748424,
  author={Abdelli, Khouloud and others},
  booktitle={Proc. IEEE/OPTICA OFC}, 
  title={Federated Learning Approach for Lifetime Prediction of Semiconductor Lasers}, 
  year={2022},
  volume={},
  number={},
  pages={}}

@INPROCEEDINGS{9748600,
  author={Panayiotou, Tania and Ellinas, Georgios},
  booktitle={Proc. IEEE/OPTICA OFC}, 
  title={Addressing Traffic Prediction Uncertainty in Multi-Period Planning Optical Networks}, 
  year={2022},
  volume={},
  number={},
  pages={1-3},
  doi={}}

@article{Chen:19,
author = {Chen, Xiaoliang and others},
journal = {Opt. Express},
number = {24},
pages = {35700--35709},
publisher = {Optica Publishing Group},
title = {Demonstration of distributed collaborative learning with end-to-end {Q}o{T} estimation in multi-domain elastic optical networks},
volume = {27},
month = {Nov},
year = {2019}
}

@inproceedings{agarwal2018reductions,
  title={A reductions approach to fair classification},
  author={Agarwal, Alekh and others},
  booktitle={Proc. ICML},
  pages={60--69},
  year={2018},
  organization={}
}

@article{asad2021federated,
  title={Federated learning versus classical machine learning: {A} convergence comparison},
  author={Asad, Muhammad and others},
  journal={arXiv:2107.10976 [cs.LG]},
  year={2021}
}

@inproceedings{behera2024federated,
  title={Federated Learning for Network Traffic Prediction},
  author={Behera, Sadananda and others},
  booktitle={Proc. IFIP Networking Conference},
  pages={},
  year={2024},
  organization={}
}

@inproceedings{calmon2017optimized,
  title={Optimized pre-processing for discrimination prevention},
  author={Calmon, Flavio and others},
  booktitle={Proc. NIPS},
  year={2017}
}

@article{cotter2019optimization,
  title={Optimization with non-differentiable constraints with applications to fairness, recall, churn, and other goals},
  author={Cotter, Andrew and others},
  journal={Journal of Machine Learning Research},
  volume={20},
  number={172},
  pages={1--59},
  year={2019}
}

@article{drainakis2023centralized,
  title={From centralized to Federated Learning: {E}xploring performance and end-to-end resource consumption},
  author={Drainakis, Georgios and others},
  journal={Computer Networks},
  volume={225},
  pages={109657},
  year={2023},
  publisher={}
}

@inproceedings{ezzeldin2023fairfed,
  title={Fairfed: {E}nabling group fairness in federated learning},
  author={Ezzeldin, Yahya H. and others},
  booktitle={Proc. AAAI Conference on Artificial Intelligence},
  pages={7494--7502},
  year={2023}
}

@inproceedings{hardt2016equality,
  title={Equality of opportunity in supervised learning},
  author={Hardt, Moritz and others},
  booktitle={Proc. NIPS},
  pages={3323-3333},
  year={2016}
}

@inproceedings{hashimoto2018fairness,
  title={Fairness without demographics in repeated loss minimization},
  author={Hashimoto, Tatsunori and others},
  booktitle={Proc. ICML},
  pages={1929--1938},
  year={2018},
  organization={}
}

@article{li2019fair,
  title={Fair resource allocation in federated learning},
  author={Li, Tian and others},
  journal={arXiv:1905.10497 [cs.LG]},
  year={2019}
}

@article{li2024core,
  title={Core network traffic prediction based on vertical federated learning and split learning},
  author={Li, Pengyu and others},
  journal={Sci. Rep.},
  volume={14},
  number={1},
  pages={4663},
  year={2024},
  publisher={}
}

@inproceedings{salazar2023fair,
  title={Fair-fate: {F}air federated learning with momentum},
  author={Salazar, Teresa and others},
  booktitle={Proc. ICCS},
  pages={524--538},
  year={2023},
}

@article{sepasgozar2022fed,
  title={Fed-{NTP}: A federated learning algorithm for network traffic prediction in {VANET}},
  author={Sepasgozar, Sanaz Shaker and Pierre, Samuel},
  journal={IEEE Access},
  volume={10},
  pages={119607--119616},
  year={2022},
  publisher={}
}

