@ARTICLE{9714789,
  author={Chen, Xiaoliang and others},
  journal={IEEE J. Sel. Top. Quantum Electron.}, 
  title={On Cooperative Fault Management in Multi-Domain Optical Networks Using Hybrid Learning}, 
  year={2022},
  volume={28},
  number={4},
  pages={1--9},
  doi={}}
  
  @article{Wang:17,
author = {Wang, Zhilong and others},
journal = {OSA Opt. Express},
number = {16},
pages = {18553--18565},
publisher = {},
title = {Failure prediction using machine learning and time series in optical network},
volume = {25},
month = {},
year = {2017},
doi = {},
}

@inproceedings{cho-etal-2014-learning,
    title = {Learning Phrase Representations using {RNN} Encoder{--}Decoder for Statistical Machine Translation},
    author = {Cho, Kyunghyun  and others},
    booktitle = {Proc. EMNLP},
    year = {2014},
}

@ARTICLE{8735762,
  author={Musumeci, Francesco and others},
  journal={IEEE/OSA J. Light. Technol.}, 
  title={A Tutorial on Machine Learning for Failure Management in Optical Networks}, 
  year={2019},
  volume={37},
  number={16},
  pages={4125-4139}}
  
  @INPROCEEDINGS{8385774,
  author={Shahkarami, Shahin and others},
  booktitle={Proc. IEEE/OSA OFC}, 
  title={Machine-Learning-Based Soft-Failure Detection and Identification in Optical Networks}, 
  year={2018},
}
  
  @ARTICLE{9422743,
  author={Barzegar, Sima and others},
  journal={IEEE Trans. Netw. Serv.}, 
  title={Soft-Failure Detection, Localization, Identification, and Severity Prediction by Estimating {QoT} Model Input Parameters},   year={2021},
  volume={18},
  number={3},
  pages={2627-2640}}
  
  
  @ARTICLE{8869746,
  author={Shu, Liang and others},
  journal={IEEE/OSA J. Light. Technol.}, 
  title={Dual-Stage Soft Failure Detection and Identification for Low-Margin Elastic Optical Network by Exploiting Digital Spectrum Information}, 
  year={2020},
  volume={38},
  number={9},
  pages={2669-2679},
 }

@ARTICLE{8418780,
  author={Shariati, Behnam and others},
  journal={IEEE/OSA J. Light. Technol.}, 
  title={Learning From the Optical Spectrum: {F}ailure Detection and Identification}, 
  year={2019},
  volume={37},
  number={2},
  pages={433-440},
}

  @ARTICLE{8320602,
  author={Panayiotou, T. and others},
  journal={IEEE/OSA J. Opt. Commun. Netw.}, 
  title={Leveraging statistical machine learning to address failure localization in optical networks}, 
  year={2018},
  volume={10},
  number={3},
  pages={162-173},
}    
 
@ARTICLE{9483888,
  author={Mayer, Kayol S. and others},
  journal={IEEE/OSA J. Opt. Commun. Netw.}, 
  title={Machine-learning-based soft-failure localization with partial software-defined networking telemetry}, 
  year={2021},
  volume={13},
  number={10},
  pages={E122-E131},
}

@article{behera2019impairment,
  title={Impairment aware routing, bit loading, and spectrum allocation in elastic optical networks},
  author={Behera, Sadananda and others},
  journal={IEEE/OSA J. Light. Technol.},
  volume={37},
  number={13},
  pages={3009--3020},
  year={2019},
}

@INPROCEEDINGS{1354653,
  author={Markopoulou, A. and others},
  booktitle={Proc. IEEE INFOCOM}, 
  title={Characterization of failures in an {IP} backbone}, 
  year={2004},
 } 

@article{kingma2014adam,
  title={Adam: {A} method for stochastic optimization},
  author={Kingma, Diederik P and Ba, Jimmy},
  journal={arXiv:1412.6980 [cs.LG]},
  year={2014}
}

@ARTICLE{9623420,
  author={Savva, Giannis and others},
  journal={IEEE/OSA J. Light. Technol.}, 
  title={Deep Graph Learning for {Q}o{T} Estimation of Unseen Optical Sub-Network States: {C}apturing the Crosstalk Impact on the In-Service Lightpaths}, 
  year={2022},
  volume={40},
  number={4},
  pages={921-934},
  }

@article{MARYAM2022108992,
title = {Learning quantile {Q}o{T} models to address uncertainty over unseen lightpaths},
journal = {Computer Networks},
volume = {212},
pages = {108992},
year = {2022},
author = {Maryam, Hafsa and others}
}

@INPROCEEDINGS{Maryam22,
  author={Maryam, Hafsa and others},
  booktitle={Proc. IEEE MedComNet}, 
  title={Representing Uncertainty in Deep {Q}o{T} Models}, 
  year={2022},
}
  
  
  @ARTICLE{9253990,
  author={Azzimonti, Dario and others},
  journal={IEEE/OSA J. Opt. Commun. Netw.}, 
  title={Comparison of domain adaptation and active learning techniques for quality of transmission estimation with small-sized training datasets}, 
  year={2021},
  volume={13},
  number={1},
  pages={A56-A66},
}
  

@article{panayiotou2023survey,
  title={Survey on machine learning for traffic-driven service provisioning in optical networks},
  author={Panayiotou, Tania and others},
  journal={IEEE Communications Surveys \& Tutorials},
  year={2023},
volume={25},
number={2},
pages={1412--1443},
}

@article{chung2014empirical,
  title={Empirical evaluation of gated recurrent neural networks on sequence modeling},
  author={Chung, Junyoung and others},
  journal={arXiv:1412.3555 [cs.NE]},
  year={2014}
}

@article{greff2016lstm,
  title={{LSTM: A} search space odyssey},
  author={Greff, Klaus and others},
  journal={IEEE Trans. Neural Netw. Learn. Syst.},
  volume={28},
  number={10},
  pages={2222--2232},
  year={2016},
}

@inproceedings{jozefowicz2015empirical,
  title={An empirical exploration of recurrent network architectures},
  author={Jozefowicz, Rafal and others},
  booktitle={Proc. ICML},
  pages={2342--2350},
  year={2015},
}

@article{bonawitz2019towards,
  title={Towards federated learning at scale: {S}ystem design},
  author={Bonawitz, Keith and others},
  journal={arXiv:1902.01046 [cs.LG]},
  year={2019}
}

@inproceedings{mcmahan2017communication,
  title={Communication-efficient learning of deep networks from decentralized data},
  author={McMahan, Brendan and others},
  booktitle={Proc. AISTATS},
  pages={},
  year={2017},
  organization={}
}


@article{konevcny2016federated,
  title={Federated optimization: {D}istributed machine learning for on-device intelligence},
  author={Kone{\v{c}}n{\`y}, Jakub and others},
  journal={arXiv:1610.02527 [cs.LG]},
  year={2016}
}

@article{li2020federated,
  title={Federated learning: {C}hallenges, methods, and future directions},
  author={Li, Tian and others},
  journal={IEEE Sig. Proces. Mag.},
  volume={37},
  number={3},
  pages={50--60},
  year={2020},
  publisher={}
}

@article{sang2002predictability,
  title={A predictability analysis of network traffic},
  author={Sang, Aimin and Li, San-qi},
  journal={Computer Networks},
  volume={39},
  number={4},
  pages={329--345},
  year={2002},
  publisher={}
}

@article{agrawal2013introductory,
  title={An introductory study on time series modeling and forecasting},
  author={Agrawal, R.K. and Adhikari, Ratnadip},
  journal={arXiv:1302.6613 [cs.LG]},
  pages={},
  year={2013}
}

@article{de200625,
  title={25 years of time series forecasting},
  author={De Gooijer, Jan G. and Hyndman, Rob J.},
  journal={International Journal of Forecasting},
  volume={22},
  number={3},
  pages={443--473},
  year={2006},
  publisher={}
}

@article{behera2023machine,
  title={Machine learning framework for timely soft-failure detection and localization in elastic optical networks},
  author={Behera, Sadananda and others},
  journal={IEEE/OPTICA J. Opt. Commun. Netw.},
  volume={15},
  number={10},
  pages={E74--E85},
  year={2023},
  publisher={}
}

@inproceedings{behera2022modeling,
  title={Modeling soft-failure evolution for triggering timely repair with low {QoT} margins},
  author={Behera, Sadananda and others},
  booktitle={Proc. IEEE GLOBECOM},
  pages={2140--2145},
  year={2022},
  organization={}
}

@article{GUPTA2021103521,
title = {{6G}-enabled Edge Intelligence for Ultra-Reliable Low Latency Applications: {V}ision and Mission},
journal = {Computer Standards \& Interfaces},
volume = {77},
pages = {103521},
year = {2021},
author = {Gupta, Rajesh and others}
}

@INPROCEEDINGS{9748600,
  author={Panayiotou, Tania and Ellinas, Georgios},
  booktitle={Proc. IEEE/OPTICA OFC}, 
  title={Addressing Traffic Prediction Uncertainty in Multi-Period Planning Optical Networks}, 
  year={2022},
  volume={},
  number={},
  pages={1-3},
  doi={}}

@inproceedings{Kim_Jernite_Sontag_Rush_2016, title={Character-Aware Neural Language Models}, volume={}, 
number={}, 
booktitle={Proc. AAAI Conference on Artificial Intelligence}, 
author={Kim, Yoon and others}, 
year={2016}, 
pages={2741-2749} }

@INPROCEEDINGS{8473978,
  author={Troia, Sebastian and others},
  booktitle={Proc. ICTON}, 
  title={Deep Learning-Based Traffic Prediction for Network Optimization}, 
  year={2018}}

@INPROCEEDINGS{9782838,
  author={Singh, Sandeep Kumar and others},
  booktitle={Proc. ONDM}, 
  title={Machine-Learning-Aided Dynamic Reconfiguration in Optical {DC/HPC} Networks}, 
  year={2022}}

@article{li2019fair,
  title={Fair resource allocation in federated learning},
  author={Li, Tian and others},
  journal={arXiv:1905.10497 [cs.LG]},
  year={2019}
}

@inproceedings{behera2024federated,
  title={Federated Learning for Network Traffic Prediction},
  author={Behera, Sadananda and others},
  booktitle={Proc. IFIP Networking Conference},
  pages={},
  year={2024},
  organization={}
}

@inproceedings{ezzeldin2023fairfed,
  title={Fairfed: {E}nabling group fairness in federated learning},
  author={Ezzeldin, Yahya H. and others},
  booktitle={Proc. AAAI Conference on Artificial Intelligence},
  pages={7494--7502},
  year={2023}
}

@inproceedings{salazar2023fair,
  title={Fair-fate: {F}air federated learning with momentum},
  author={Salazar, Teresa and others},
  booktitle={Proc. ICCS},
  pages={524--538},
  year={2023},
}

@inproceedings{hardt2016equality,
  title={Equality of opportunity in supervised learning},
  author={Hardt, Moritz and others},
  booktitle={Proc. NIPS},
  pages={3323-3333},
  year={2016}
}

@inproceedings{calmon2017optimized,
  title={Optimized pre-processing for discrimination prevention},
  author={Calmon, Flavio and others},
  booktitle={Proc. NIPS},
  year={2017}
}

@inproceedings{agarwal2018reductions,
  title={A reductions approach to fair classification},
  author={Agarwal, Alekh and others},
  booktitle={Proc. ICML},
  pages={60--69},
  year={2018},
  organization={}
}

@article{cotter2019optimization,
  title={Optimization with non-differentiable constraints with applications to fairness, recall, churn, and other goals},
  author={Cotter, Andrew and others},
  journal={Journal of Machine Learning Research},
  volume={20},
  number={172},
  pages={1--59},
  year={2019}
}

@inproceedings{hashimoto2018fairness,
  title={Fairness without demographics in repeated loss minimization},
  author={Hashimoto, Tatsunori and others},
  booktitle={Proc. ICML},
  pages={1929--1938},
  year={2018},
  organization={}
}

@inproceedings{zafar2017fairness,
  title={Fairness beyond disparate treatment \& disparate impact: {L}earning classification without disparate mistreatment},
  author={Zafar, Muhammad Bilal and others},
  booktitle={Proc. International Conference on World Wide Web},
  pages={1171--1180},
  year={2017}
}

@inproceedings{smith2017federated,
  title={Federated multi-task learning},
  author={Smith, Virginia and others},
  booktitle={Proc. NIPS},
  year={2017}
}

@inproceedings{mohri2019agnostic,
  title={Agnostic federated learning},
  author={Mohri, Mehryar and others},
  booktitle={Proc. ICML},
  pages={},
  year={2019},
  organization={}
}

@ARTICLE{10103508,
  author={Rodrigo, Mario Sanz and others},
  journal={IEEE Access}, 
  title={Digital Twins for 5{G} Networks: {A} Modeling and Deployment Methodology}, 
  year={2023},
  volume={11},
  pages={38112-38126}}

@ARTICLE{9429703,
  author={Wu, Yiwen and others},
  journal={IEEE Internet of Things Journal}, 
  title={Digital Twin Networks: {A} Survey}, 
  year={2021},
  volume={8},
  number={18},
  pages={13789-13804}}

@ARTICLE{9374645,
  author={Nguyen, Huan X. and others},
  journal={IEEE Communications Magazine}, 
  title={Digital Twin for 5{G} and Beyond}, 
  year={2021},
  volume={59},
  number={2},
  pages={10-15}}


@article{RAMU2022103663,
title = {Federated learning enabled digital twins for smart cities: {C}oncepts, recent advances, and future directions},
journal = {Sustainable Cities and Society},
volume = {79},
pages = {103663},
year = {2022},
issn = {2210-6707},
author = {Ramu, Swarna Priya and others}
}

@INPROCEEDINGS{9748222,
  author={Vilalta, R. and others},
  booktitle={Proc. IEEE/OPTICA OFC}, 
  title={Architecture to Deploy and Operate a Digital Twin Optical Network}, 
  year={2022},
}


@article{sun2020adaptivefederatedlearningdigital,
      title={Adaptive Federated Learning and Digital Twin for Industrial {I}nternet of {T}hings}, 
      author={Sun, Wen and others},
      year={2020},
      journal={arXiv:2010.13058 [cs.LG]}
}

@ARTICLE{9356524,
  author={Wang, Danshi and others},
  journal={IEEE Commun. Mag.}, 
  title={The Role of Digital Twin in Optical Communication: {F}ault Management, Hardware Configuration, and Transmission Simulation}, 
  year={2021},
  volume={59},
  number={1},
  pages={133-139}}

@article{jain1984quantitative,
  title={A quantitative measure of fairness and discrimination for resource allocation in shared computer system},
  author={Jain, R. and others},
  year={1984},
  journal={Technical Report, Eastern Research Laboratory, Digital Equipment Corporation}
}

@article{sepasgozar2022fed,
  title={Fed-{NTP}: A federated learning algorithm for network traffic prediction in {VANET}},
  author={Sepasgozar, Sanaz Shaker and Pierre, Samuel},
  journal={IEEE Access},
  volume={10},
  pages={119607--119616},
  year={2022},
  publisher={}
}

@article{li2024core,
  title={Core network traffic prediction based on vertical federated learning and split learning},
  author={Li, Pengyu and others},
  journal={Sci. Rep.},
  volume={14},
  number={1},
  pages={4663},
  year={2024},
  publisher={}
}


@ARTICLE{8681101,
  author={Behera, Sadananda and others},
  journal={IEEE/OSA J. Light. Technol.}, 
  title={Impairment Aware Routing, Bit Loading, and Spectrum Allocation in Elastic Optical Networks}, 
  year={2019},
  volume={37},
  number={13},
  pages={3009-3020}}

@INPROCEEDINGS{5461911,
  author={Lan, Tian and others},
  booktitle={Proc. IEEE INFOCOM}, 
  title={An Axiomatic Theory of Fairness in Network Resource Allocation}, 
  year={2010},
  pages={1-9}}


 @ARTICLE{Bertsimas11,
  author={Bertsimas, D. and others},
  journal={Oper. Res.}, 
  title={The price of fairness}, 
  year={2011},
  volume={59},
  number={1},
  pages={17-31}} 


@inproceedings{NIPS2017_3f5ee243,
 author = {Vaswani, Ashish and others},
 booktitle = {Proc. NIPS},
 title = {Attention is All you Need},
 year = {2017}
}

@INPROCEEDINGS{9306745,
  author={Drainakis, Georgios and others},
  booktitle={Proc. IEEE NCA}, 
  title={Federated vs. Centralized Machine Learning under Privacy-elastic Users: {A} Comparative Analysis}, 
  year={2020},
}

@article{drainakis2023centralized,
  title={From centralized to Federated Learning: {E}xploring performance and end-to-end resource consumption},
  author={Drainakis, Georgios and others},
  journal={Computer Networks},
  volume={225},
  pages={109657},
  year={2023},
  publisher={}
}

@INPROCEEDINGS{9748424,
  author={Abdelli, Khouloud and others},
  booktitle={Proc. IEEE/OPTICA OFC}, 
  title={Federated Learning Approach for Lifetime Prediction of Semiconductor Lasers}, 
  year={2022},
  volume={},
  number={},
  pages={}}

@article{asad2021federated,
  title={Federated learning versus classical machine learning: {A} convergence comparison},
  author={Asad, Muhammad and others},
  journal={arXiv:2107.10976 [cs.LG]},
  year={2021}
}

@INPROCEEDINGS{10527146,
  author={Ayoub, Omran and others},
  booktitle={Proc. IEEE/OPTICA OFC}, 
  title={Towards Explainable Reinforcement Learning in Optical Networks: {T}he {RMSA} Use Case}, 
  year={2024},
  volume={},
}

@INPROCEEDINGS{10619785,
  author={Duszyńska, Katarzyna and others},
  booktitle={Proc. IFIP Networking Conference}, 
  title={{XAI}-Guided Optimization of a Multilayer Network Regression Model}, 
  year={2024},
}

@INPROCEEDINGS{9605846,
  author={Hashemi, Nazila and others},
  booktitle={Proc. ECOC}, 
  title={Vertical Federated Learning for Privacy-Preserving ML Model Development in Partially Disaggregated Networks}, 
  year={2021},
  volume={},
  number={},
  pages={}}


@article{Chen:19,
author = {Chen, Xiaoliang and others},
journal = {Opt. Express},
number = {24},
pages = {35700--35709},
publisher = {Optica Publishing Group},
title = {Demonstration of distributed collaborative learning with end-to-end {Q}o{T} estimation in multi-domain elastic optical networks},
volume = {27},
month = {Nov},
year = {2019}
}