@article{leinster2012measuring,
  title={Measuring diversity: the importance of species similarity},
  author={Leinster, Tom and Cobbold, Christina A},
  journal={Ecology},
  volume={93},
  number={3},
  pages={477--489},
  year={2012},
  publisher={Wiley Online Library}
}

@article{achiam2023gpt,
  title={Gpt-4 technical report},
  author={Achiam, Josh and Adler, Steven and Agarwal, Sandhini and Ahmad, Lama and Akkaya, Ilge and Aleman, Florencia Leoni and Almeida, Diogo and Altenschmidt, Janko and Altman, Sam and Anadkat, Shyamal and others},
  journal={arXiv preprint arXiv:2303.08774},
  year={2023}
}

@inproceedings{gu2023llm,
  title={Llm-based code generation method for golang compiler testing},
  author={Gu, Qiuhan},
  booktitle={Proceedings of the 31st ACM Joint European Software Engineering Conference and Symposium on the Foundations of Software Engineering},
  pages={2201--2203},
  year={2023}
}

@article{yuan2024advancing,
  title={Advancing llm reasoning generalists with preference trees},
  author={Yuan, Lifan and Cui, Ganqu and Wang, Hanbin and Ding, Ning and Wang, Xingyao and Deng, Jia and Shan, Boji and Chen, Huimin and Xie, Ruobing and Lin, Yankai and others},
  journal={arXiv preprint arXiv:2404.02078},
  year={2024}
}

@article{ye2022zerogen,
  title={Zerogen: Efficient zero-shot learning via dataset generation},
  author={Ye, Jiacheng and Gao, Jiahui and Li, Qintong and Xu, Hang and Feng, Jiangtao and Wu, Zhiyong and Yu, Tao and Kong, Lingpeng},
  journal={arXiv preprint arXiv:2202.07922},
  year={2022}
}

@article{abdullin2024synthetic,
  title={Synthetic dialogue dataset generation using llm agents},
  author={Abdullin, Yelaman and Molla-Aliod, Diego and Ofoghi, Bahadorreza and Yearwood, John and Li, Qingyang},
  journal={arXiv preprint arXiv:2401.17461},
  year={2024}
}

@article{ding2024data,
  title={Data augmentation using llms: Data perspectives, learning paradigms and challenges},
  author={Ding, Bosheng and Qin, Chengwei and Zhao, Ruochen and Luo, Tianze and Li, Xinze and Chen, Guizhen and Xia, Wenhan and Hu, Junjie and Luu, Anh Tuan and Joty, Shafiq},
  journal={arXiv preprint arXiv:2403.02990},
  year={2024}
}

@article{yu2024large,
  title={Large language model as attributed training data generator: A tale of diversity and bias},
  author={Yu, Yue and Zhuang, Yuchen and Zhang, Jieyu and Meng, Yu and Ratner, Alexander J and Krishna, Ranjay and Shen, Jiaming and Zhang, Chao},
  journal={Advances in Neural Information Processing Systems},
  volume={36},
  year={2024}
}

@article{lee2023beyond,
  title={Beyond scale: the diversity coefficient as a data quality metric demonstrates llms are pre-trained on formally diverse data},
  author={Lee, Alycia and Miranda, Brando and Sundar, Sudharsan and Koyejo, Sanmi},
  journal={arXiv preprint arXiv:2306.13840},
  year={2023}
}

@article{khurana2023natural,
  title={Natural language processing: state of the art, current trends and challenges},
  author={Khurana, Diksha and Koli, Aditya and Khatter, Kiran and Singh, Sukhdev},
  journal={Multimedia tools and applications},
  volume={82},
  number={3},
  pages={3713--3744},
  year={2023},
  publisher={Springer}
}

@article{jordan2015machine,
  title={Machine learning: Trends, perspectives, and prospects},
  author={Jordan, Michael I and Mitchell, Tom M},
  journal={Science},
  volume={349},
  number={6245},
  pages={255--260},
  year={2015},
  publisher={American Association for the Advancement of Science}
}

@inproceedings{zhu2018texygen,
  title={Texygen: A benchmarking platform for text generation models},
  author={Zhu, Yaoming and Lu, Sidi and Zheng, Lei and Guo, Jiaxian and Zhang, Weinan and Wang, Jun and Yu, Yong},
  booktitle={The 41st international ACM SIGIR conference on research \& development in information retrieval},
  pages={1097--1100},
  year={2018}
}

@article{mishra2020dqi,
  title={Dqi: Measuring data quality in nlp},
  author={Mishra, Swaroop and Arunkumar, Anjana and Sachdeva, Bhavdeep and Bryan, Chris and Baral, Chitta},
  journal={arXiv preprint arXiv:2005.00816},
  year={2020}
}

@article{li2015diversity,
  title={A diversity-promoting objective function for neural conversation models},
  author={Li, Jiwei and Galley, Michel and Brockett, Chris and Gao, Jianfeng and Dolan, Bill},
  journal={arXiv preprint arXiv:1510.03055},
  year={2015}
}

@article{heusel2017gans,
  title={Gans trained by a two time-scale update rule converge to a local nash equilibrium},
  author={Heusel, Martin and Ramsauer, Hubert and Unterthiner, Thomas and Nessler, Bernhard and Hochreiter, Sepp},
  journal={Advances in neural information processing systems},
  volume={30},
  year={2017}
}

@article{cifka2018eval,
  title={Eval all, trust a few, do wrong to none: Comparing sentence generation models},
  author={C{\'\i}fka, Ond{\v{r}}ej and Severyn, Aliaksei and Alfonseca, Enrique and Filippova, Katja},
  journal={arXiv preprint arXiv:1804.07972},
  year={2018}
}

@inproceedings{du2019boosting,
  title={Boosting dialog response generation},
  author={Du, Wenchao and Black, Alan W},
  booktitle={Proceedings of the 57th Annual Meeting of the Association for Computational Linguistics},
  year={2019}
}

@article{zhang2024improving,
  title={Improving Diversity of Commonsense Generation by Large Language Models via In-Context Learning},
  author={Zhang, Tianhui and Peng, Bei and Bollegala, Danushka},
  journal={arXiv preprint arXiv:2404.16807},
  year={2024}
}

@article{tevet2020evaluating,
  title={Evaluating the evaluation of diversity in natural language generation},
  author={Tevet, Guy and Berant, Jonathan},
  journal={arXiv preprint arXiv:2004.02990},
  year={2020}
}

@article{holtzman2019curious,
  title={The curious case of neural text degeneration},
  author={Holtzman, Ari and Buys, Jan and Du, Li and Forbes, Maxwell and Choi, Yejin},
  journal={arXiv preprint arXiv:1904.09751},
  year={2019}
}

@inproceedings{butepage2017deep,
  title={Deep representation learning for human motion prediction and classification},
  author={Butepage, Judith and Black, Michael J and Kragic, Danica and Kjellstrom, Hedvig},
  booktitle={Proceedings of the IEEE conference on computer vision and pattern recognition},
  pages={6158--6166},
  year={2017}
}

@inproceedings{zhang2021bootstrapped,
  title={Bootstrapped unsupervised sentence representation learning},
  author={Zhang, Yan and He, Ruidan and Liu, Zuozhu and Bing, Lidong and Li, Haizhou},
  booktitle={Proceedings of the 59th Annual Meeting of the Association for Computational Linguistics and the 11th International Joint Conference on Natural Language Processing (Volume 1: Long Papers)},
  pages={5168--5180},
  year={2021}
}

@article{reimers2019sentence,
  title={Sentence-BERT: Sentence Embeddings using Siamese BERT-Networks},
  author={Reimers, N},
  journal={arXiv preprint arXiv:1908.10084},
  year={2019}
}

@article{gao2021simcse,
  title={Simcse: Simple contrastive learning of sentence embeddings},
  author={Gao, Tianyu and Yao, Xingcheng and Chen, Danqi},
  journal={arXiv preprint arXiv:2104.08821},
  year={2021}
}

@article{dai2023auggpt,
  title={Auggpt: Leveraging chatgpt for text data augmentation},
  author={Dai, Haixing and Liu, Zhengliang and Liao, Wenxiong and Huang, Xiaoke and Cao, Yihan and Wu, Zihao and Zhao, Lin and Xu, Shaochen and Liu, Wei and Liu, Ninghao and others},
  journal={arXiv preprint arXiv:2302.13007},
  year={2023}
}

@article{yoo2021gpt3mix,
  title={Gpt3mix: Leveraging large-scale language models for text augmentation},
  author={Yoo, Kang Min and Park, Dongju and Kang, Jaewook and Lee, Sang-Woo and Park, Woomyeong},
  journal={arXiv preprint arXiv:2104.08826},
  year={2021}
}

@article{tan2024large,
  title={Large language models for data annotation: A survey},
  author={Tan, Zhen and Beigi, Alimohammad and Wang, Song and Guo, Ruocheng and Bhattacharjee, Amrita and Jiang, Bohan and Karami, Mansooreh and Li, Jundong and Cheng, Lu and Liu, Huan},
  journal={arXiv preprint arXiv:2402.13446},
  year={2024}
}

@article{gilardi2023chatgpt,
  title={ChatGPT outperforms crowd workers for text-annotation tasks},
  author={Gilardi, Fabrizio and Alizadeh, Meysam and Kubli, Ma{\"e}l},
  journal={Proceedings of the National Academy of Sciences},
  volume={120},
  number={30},
  pages={e2305016120},
  year={2023},
  publisher={National Acad Sciences}
}

@article{ding2022gpt,
  title={Is gpt-3 a good data annotator?},
  author={Ding, Bosheng and Qin, Chengwei and Liu, Linlin and Chia, Yew Ken and Joty, Shafiq and Li, Boyang and Bing, Lidong},
  journal={arXiv preprint arXiv:2212.10450},
  year={2022}
}

@article{li2023synthetic,
  title={Synthetic data generation with large language models for text classification: Potential and limitations},
  author={Li, Zhuoyan and Zhu, Hangxiao and Lu, Zhuoran and Yin, Ming},
  journal={arXiv preprint arXiv:2310.07849},
  year={2023}
}

@article{chung2023increasing,
  title={Increasing diversity while maintaining accuracy: Text data generation with large language models and human interventions},
  author={Chung, John Joon Young and Kamar, Ece and Amershi, Saleema},
  journal={arXiv preprint arXiv:2306.04140},
  year={2023}
}

@article{samuel2023can,
  title={Can llms augment low-resource reading comprehension datasets? opportunities and challenges},
  author={Samuel, Vinay and Aynaou, Houda and Chowdhury, Arijit Ghosh and Ramanan, Karthik Venkat and Chadha, Aman},
  journal={arXiv preprint arXiv:2309.12426},
  year={2023}
}

@article{mahmoudi2024zero,
  title={Zero-Shot Stance Detection using Contextual Data Generation with LLMs},
  author={Mahmoudi, Ghazaleh and Behkamkia, Babak and Eetemadi, Sauleh},
  journal={arXiv preprint arXiv:2405.11637},
  year={2024}
}

@inproceedings{yuan2023large,
  title={Large language models for healthcare data augmentation: An example on patient-trial matching},
  author={Yuan, Jiayi and Tang, Ruixiang and Jiang, Xiaoqian and Hu, Xia},
  booktitle={AMIA Annual Symposium Proceedings},
  volume={2023},
  pages={1324},
  year={2023},
  organization={American Medical Informatics Association}
}

@article{li2024data,
  title={Data Augmentation for Text-based Person Retrieval Using Large Language Models},
  author={Li, Zheng and Si, Lijia and Guo, Caili and Yang, Yang and Cao, Qiushi},
  journal={arXiv preprint arXiv:2405.11971},
  year={2024}
}

@inproceedings{dos2024identifying,
  title={Identifying Citizen-Related Issues from Social Media Using LLM-Based Data Augmentation},
  author={dos Santos, Vitor Gaboardi and Santos, Guto Leoni and Lynn, Theo and Benatallah, Boualem},
  booktitle={International Conference on Advanced Information Systems Engineering},
  pages={531--546},
  year={2024},
  organization={Springer}
}

@article{ye2024llm,
  title={Llm-da: Data augmentation via large language models for few-shot named entity recognition},
  author={Ye, Junjie and Xu, Nuo and Wang, Yikun and Zhou, Jie and Zhang, Qi and Gui, Tao and Huang, Xuanjing},
  journal={arXiv preprint arXiv:2402.14568},
  year={2024}
}

@inproceedings{yang2024mini,
  title={Mini-DA: Improving Your Model Performance through Minimal Data Augmentation using LLM},
  author={Yang, Shuangtao and Liu, Xiaoyi and Dong, Xiaozheng and Fu, Bo},
  booktitle={Proceedings of the Fifth Workshop on Data Science with Human-in-the-Loop (DaSH 2024)},
  pages={25--30},
  year={2024}
}

@article{sahu2024mixsumm,
  title={MixSumm: Topic-based Data Augmentation using LLMs for Low-resource Extractive Text Summarization},
  author={Sahu, Gaurav and Laradji, Issam H},
  journal={arXiv preprint arXiv:2407.07341},
  year={2024}
}

@article{white2023prompt,
  title={A prompt pattern catalog to enhance prompt engineering with chatgpt},
  author={White, Jules and Fu, Quchen and Hays, Sam and Sandborn, Michael and Olea, Carlos and Gilbert, Henry and Elnashar, Ashraf and Spencer-Smith, Jesse and Schmidt, Douglas C},
  journal={arXiv preprint arXiv:2302.11382},
  year={2023}
}

@article{evuru2024coda,
  title={CoDa: Constrained Generation based Data Augmentation for Low-Resource NLP},
  author={Evuru, Chandra Kiran Reddy and Ghosh, Sreyan and Kumar, Sonal and Tyagi, Utkarsh and Manocha, Dinesh and others},
  journal={arXiv preprint arXiv:2404.00415},
  year={2024}
}

@inproceedings{huang2023learning,
  title={Learning preference model for llms via automatic preference data generation},
  author={Huang, Shijia and Zhao, Jianqiao and Li, Yanyang and Wang, Liwei},
  booktitle={Proceedings of the 2023 Conference on Empirical Methods in Natural Language Processing},
  pages={9187--9199},
  year={2023}
}

@article{wang2022self,
  title={Self-instruct: Aligning language models with self-generated instructions},
  author={Wang, Yizhong and Kordi, Yeganeh and Mishra, Swaroop and Liu, Alisa and Smith, Noah A and Khashabi, Daniel and Hajishirzi, Hannaneh},
  journal={arXiv preprint arXiv:2212.10560},
  year={2022}
}

@article{li2024empowering,
  title={Empowering Large Language Models for Textual Data Augmentation},
  author={Li, Yichuan and Ding, Kaize and Wang, Jianling and Lee, Kyumin},
  journal={arXiv preprint arXiv:2404.17642},
  year={2024}
}

@article{chen2023mixture,
  title={Mixture of soft prompts for controllable data generation},
  author={Chen, Derek and Lee, Celine and Lu, Yunan and Rosati, Domenic and Yu, Zhou},
  journal={arXiv preprint arXiv:2303.01580},
  year={2023}
}

@article{gupta2023targen,
  title={Targen: Targeted data generation with large language models},
  author={Gupta, Himanshu and Scaria, Kevin and Anantheswaran, Ujjwala and Verma, Shreyas and Parmar, Mihir and Sawant, Saurabh Arjun and Mishra, Swaroop and Baral, Chitta},
  journal={arXiv preprint arXiv:2310.17876},
  year={2023}
}

@article{liang2022holistic,
  title={Holistic evaluation of language models},
  author={Liang, Percy and Bommasani, Rishi and Lee, Tony and Tsipras, Dimitris and Soylu, Dilara and Yasunaga, Michihiro and Zhang, Yian and Narayanan, Deepak and Wu, Yuhuai and Kumar, Ananya and others},
  journal={arXiv preprint arXiv:2211.09110},
  year={2022}
}

@misc{AlpacaEval,
      author = "tatsu-lab",
      title = "AlpacaEval : An Automatic Evaluator for Instruction-following Language Models",
      year = "2023",
      url = "https://github.com/tatsu-lab/alpaca_eval?tab=readme-ov-file#evaluators"
}

@article{song2024scaling,
  title={Scaling Data Diversity for Fine-Tuning Language Models in Human Alignment},
  author={Song, Feifan and Yu, Bowen and Lang, Hao and Yu, Haiyang and Huang, Fei and Wang, Houfeng and Li, Yongbin},
  journal={arXiv preprint arXiv:2403.11124},
  year={2024}
}

@article{padmakumar2023does,
  title={Does Writing with Language Models Reduce Content Diversity?},
  author={Padmakumar, Vishakh and He, He},
  journal={arXiv preprint arXiv:2309.05196},
  year={2023}
}

@inproceedings{shu2019generating,
  title={Generating diverse translations with sentence codes},
  author={Shu, Raphael and Nakayama, Hideki and Cho, Kyunghyun},
  booktitle={Proceedings of the 57th annual meeting of the association for computational linguistics},
  pages={1823--1827},
  year={2019}
}

@article{stasaski2022semantic,
  title={Semantic diversity in dialogue with natural language inference},
  author={Stasaski, Katherine and Hearst, Marti A},
  journal={arXiv preprint arXiv:2205.01497},
  year={2022}
}

@inproceedings{le2024exploring,
  title={Exploring Precision and Recall to assess the quality and diversity of LLMs},
  author={Le Bronnec, Florian and V{\'e}rine, Alexandre and Negrevergne, Benjamin and Chevaleyre, Yann and Allauzen, Alexandre},
  booktitle={62nd Annual Meeting of the Association for Computational Linguistics},
  year={2024}
}

@article{pillutla2021mauve,
  title={Mauve: Measuring the gap between neural text and human text using divergence frontiers},
  author={Pillutla, Krishna and Swayamdipta, Swabha and Zellers, Rowan and Thickstun, John and Welleck, Sean and Choi, Yejin and Harchaoui, Zaid},
  journal={Advances in Neural Information Processing Systems},
  volume={34},
  pages={4816--4828},
  year={2021}
}

@article{young2024improving,
  title={Improving Structural Diversity of Blackbox LLMs via Chain-of-Specification Prompting},
  author={Young, Halley and Zeng, Yimeng and Gardner, Jacob and Bastani, Osbert},
  journal={arXiv preprint arXiv:2408.06186},
  year={2024}
}

@article{lai2020diversity,
  title={Diversity, density, and homogeneity: Quantitative characteristic metrics for text collections},
  author={Lai, Yi-An and Zhu, Xuan and Zhang, Yi and Diab, Mona},
  journal={arXiv preprint arXiv:2003.08529},
  year={2020}
}

@article{long2024llms,
  title={On llms-driven synthetic data generation, curation, and evaluation: A survey},
  author={Long, Lin and Wang, Rui and Xiao, Ruixuan and Zhao, Junbo and Ding, Xiao and Chen, Gang and Wang, Haobo},
  journal={arXiv preprint arXiv:2406.15126},
  year={2024}
}

@article{dan2023vendi,
  title={The vendi score: A diversity evaluation metric for machine learning},
  author={Dan Friedman, Dan and Dieng, Adji Bousso},
  journal={Transactions on machine learning research},
  year={2023}
}

@article{wang2018additive,
  title={Additive margin softmax for face verification},
  author={Wang, Feng and Cheng, Jian and Liu, Weiyang and Liu, Haijun},
  journal={IEEE Signal Processing Letters},
  volume={25},
  number={7},
  pages={926--930},
  year={2018},
  publisher={IEEE}
}

@article{spearman1961proof,
  title={The proof and measurement of association between two things.},
  author={Spearman, Charles},
  year={1961},
  publisher={Appleton-Century-Crofts}
}

@article{touvron2023llama,
  title={Llama 2: Open foundation and fine-tuned chat models},
  author={Touvron, Hugo and Martin, Louis and Stone, Kevin and Albert, Peter and Almahairi, Amjad and Babaei, Yasmine and Bashlykov, Nikolay and Batra, Soumya and Bhargava, Prajjwal and Bhosale, Shruti and others},
  journal={arXiv preprint arXiv:2307.09288},
  year={2023}
}

@article{akoglu2018user,
  title={User's guide to correlation coefficients},
  author={Akoglu, Haldun},
  journal={Turkish journal of emergency medicine},
  volume={18},
  number={3},
  pages={91--93},
  year={2018},
  publisher={Elsevier}
}

@inproceedings{imdb,
    title = "Learning Word Vectors for Sentiment Analysis",
    author = "Maas, Andrew L.  and
      Daly, Raymond E.  and
      Pham, Peter T.  and
      Huang, Dan  and
      Ng, Andrew Y.  and
      Potts, Christopher",
    editor = "Lin, Dekang  and
      Matsumoto, Yuji  and
      Mihalcea, Rada",
    booktitle = "Proceedings of the 49th Annual Meeting of the Association for Computational Linguistics: Human Language Technologies",
    month = jun,
    year = "2011",
    address = "Portland, Oregon, USA",
    publisher = "Association for Computational Linguistics",
    url = "https://aclanthology.org/P11-1015",
    pages = "142--150",
}

@article{mostafazadeh2016corpus,
  title={A corpus and evaluation framework for deeper understanding of commonsense stories},
  author={Mostafazadeh, Nasrin and Chambers, Nathanael and He, Xiaodong and Parikh, Devi and Batra, Dhruv and Vanderwende, Lucy and Kohli, Pushmeet and Allen, James},
  journal={arXiv preprint arXiv:1604.01696},
  year={2016}
}

@misc{sen_bert,
      author = "princeton-nlp",
      title = "unsup-simcse-bert-base-uncased",
      year = "2021",
      url = "https://huggingface.co/princeton-nlp/unsup-simcse-bert-base-uncased"
}

@article{liu2019roberta,
  title={Roberta: A robustly optimized bert pretraining approach},
  author={Liu, Yinhan},
  journal={arXiv preprint arXiv:1907.11692},
  year={2019}
}

@article{hu2021lora,
  title={Lora: Low-rank adaptation of large language models},
  author={Hu, Edward J and Shen, Yelong and Wallis, Phillip and Allen-Zhu, Zeyuan and Li, Yuanzhi and Wang, Shean and Wang, Lu and Chen, Weizhu},
  journal={arXiv preprint arXiv:2106.09685},
  year={2021}
}

@article{loshchilov2017decoupled,
  title={Decoupled weight decay regularization},
  author={Loshchilov, I},
  journal={arXiv preprint arXiv:1711.05101},
  year={2017}
}

@inproceedings{socher2013recursive,
  title={Recursive deep models for semantic compositionality over a sentiment treebank},
  author={Socher, Richard and Perelygin, Alex and Wu, Jean and Chuang, Jason and Manning, Christopher D and Ng, Andrew Y and Potts, Christopher},
  booktitle={Proceedings of the 2013 conference on empirical methods in natural language processing},
  pages={1631--1642},
  year={2013}
}

@article{zhang2015character,
  title={Character-level convolutional networks for text classification},
  author={Zhang, Xiang and Zhao, Junbo and LeCun, Yann},
  journal={Advances in neural information processing systems},
  volume={28},
  year={2015}
}

@article{caccia2018language,
  title={Language gans falling short},
  author={Caccia, Massimo and Caccia, Lucas and Fedus, William and Larochelle, Hugo and Pineau, Joelle and Charlin, Laurent},
  journal={arXiv preprint arXiv:1811.02549},
  year={2018}
}

@article{seeger2004gaussian,
  title={Gaussian processes for machine learning},
  author={Seeger, Matthias},
  journal={International journal of neural systems},
  volume={14},
  number={02},
  pages={69--106},
  year={2004},
  publisher={World Scientific}
}

@article{shim2017svd,
  title={SVD-softmax: Fast softmax approximation on large vocabulary neural networks},
  author={Shim, Kyuhong and Lee, Minjae and Choi, Iksoo and Boo, Yoonho and Sung, Wonyong},
  journal={Advances in neural information processing systems},
  volume={30},
  year={2017}
}

@inproceedings{wen2023pairwise,
  title={Pairwise Similarity Learning is SimPLE},
  author={Wen, Yandong and Liu, Weiyang and Feng, Yao and Raj, Bhiksha and Singh, Rita and Weller, Adrian and Black, Michael J and Sch{\"o}lkopf, Bernhard},
  booktitle={Proceedings of the IEEE/CVF International Conference on Computer Vision},
  pages={5308--5318},
  year={2023}
}

@article{cao2023instruction,
  title={Instruction Mining: Instruction Data Selection for Tuning Large Language Models},
  author={Cao, Yihan and Kang, Yanbin and Wang, Chi and Sun, Lichao},
  journal={arXiv preprint arXiv:2307.06290},
  year={2023}
}

@article{gontijo2020affinity,
  title={Affinity and diversity: Quantifying mechanisms of data augmentation},
  author={Gontijo-Lopes, Raphael and Smullin, Sylvia J and Cubuk, Ekin D and Dyer, Ethan},
  journal={arXiv preprint arXiv:2002.08973},
  year={2020}
}

@article{yang2024investigating,
  title={Investigating the effectiveness of data augmentation from similarity and diversity: An empirical study},
  author={Yang, Suorong and Guo, Suhan and Zhao, Jian and Shen, Furao},
  journal={Pattern Recognition},
  volume={148},
  pages={110204},
  year={2024},
  publisher={Elsevier}
}

@misc{quine1969ontological,
  title={Ontological Relativity and Other Essays},
  author={Quine, Willard VO},
  year={1969},
  publisher={Columbia University Press}
}

@article{zhang2017mixup,
  title={mixup: Beyond empirical risk minimization},
  author={Zhang, Hongyi},
  journal={arXiv preprint arXiv:1710.09412},
  year={2017}
}

@article{park2019specaugment,
  title={Specaugment: A simple data augmentation method for automatic speech recognition},
  author={Park, Daniel S and Chan, William and Zhang, Yu and Chiu, Chung-Cheng and Zoph, Barret and Cubuk, Ekin D and Le, Quoc V},
  journal={arXiv preprint arXiv:1904.08779},
  year={2019}
}

@article{cubuk2019randaugment,
  title={Randaugment: Practical data augmentation with no separate search},
  author={Cubuk, Ekin D and Zoph, Barret and Shlens, Jonathon and Le, Quoc V},
  journal={arXiv preprint arXiv:1909.13719},
  volume={2},
  number={4},
  pages={7},
  year={2019}
}

@article{dieng2019prescribed,
  title={Prescribed generative adversarial networks},
  author={Dieng, Adji B and Ruiz, Francisco JR and Blei, David M and Titsias, Michalis K},
  journal={arXiv preprint arXiv:1910.04302},
  year={2019}
}

@inproceedings{liu2020diverse,
  title={Diverse image generation via self-conditioned gans},
  author={Liu, Steven and Wang, Tongzhou and Bau, David and Zhu, Jun-Yan and Torralba, Antonio},
  booktitle={Proceedings of the IEEE/CVF conference on computer vision and pattern recognition},
  pages={14286--14295},
  year={2020}
}

@article{goodfellow2020generative,
  title={Generative adversarial networks},
  author={Goodfellow, Ian and Pouget-Abadie, Jean and Mirza, Mehdi and Xu, Bing and Warde-Farley, David and Ozair, Sherjil and Courville, Aaron and Bengio, Yoshua},
  journal={Communications of the ACM},
  volume={63},
  number={11},
  pages={139--144},
  year={2020},
  publisher={ACM New York, NY, USA}
}

@inproceedings{yu2017seqgan,
  title={Seqgan: Sequence generative adversarial nets with policy gradient},
  author={Yu, Lantao and Zhang, Weinan and Wang, Jun and Yu, Yong},
  booktitle={Proceedings of the AAAI conference on artificial intelligence},
  volume={31},
  number={1},
  year={2017}
}

@article{lee2022graddiv,
  title={Graddiv: Adversarial robustness of randomized neural networks via gradient diversity regularization},
  author={Lee, Sungyoon and Kim, Hoki and Lee, Jaewook},
  journal={IEEE Transactions on Pattern Analysis and Machine Intelligence},
  volume={45},
  number={2},
  pages={2645--2651},
  year={2022},
  publisher={IEEE}
}

@inproceedings{huber2024bias,
  title={Bias and diversity in synthetic-based face recognition},
  author={Huber, Marco and Luu, Anh Thi and Boutros, Fadi and Kuijper, Arjan and Damer, Naser},
  booktitle={Proceedings of the IEEE/CVF Winter Conference on Applications of Computer Vision},
  pages={6215--6226},
  year={2024}
}

@article{milakov2018online,
  title={Online normalizer calculation for softmax},
  author={Milakov, Maxim and Gimelshein, Natalia},
  journal={arXiv preprint arXiv:1805.02867},
  year={2018}
}

