@inproceedings{DBLP:conf/chi/SongLLKK23,
  author       = {Jean Y. Song and
                  Sangwook Lee and
                  Jisoo Lee and
                  Mina Kim and
                  Juho Kim},
  editor       = {Albrecht Schmidt and
                  Kaisa V{\"{a}}{\"{a}}n{\"{a}}nen and
                  Tesh Goyal and
                  Per Ola Kristensson and
                  Anicia Peters and
                  Stefanie Mueller and
                  Julie R. Williamson and
                  Max L. Wilson},
  title        = {ModSandbox: Facilitating Online Community Moderation Through Error
                  Prediction and Improvement of Automated Rules},
  booktitle    = {Proceedings of the 2023 {CHI} Conference on Human Factors in Computing
                  Systems, {CHI} 2023, Hamburg, Germany, April 23-28, 2023},
  pages        = {107:1--107:20},
  publisher    = {{ACM}},
  year         = {2023},
  url          = {https://doi.org/10.1145/3544548.3581057},
  doi          = {10.1145/3544548.3581057},
  timestamp    = {Sun, 19 Jan 2025 13:11:38 +0100},
  biburl       = {https://dblp.org/rec/conf/chi/SongLLKK23.bib},
  bibsource    = {dblp computer science bibliography, https://dblp.org}
}

@inproceedings{DBLP:conf/fat/GomezMPC24,
  author       = {Juan Felipe G{\'{o}}mez and
                  Caio Vieira Machado and
                  Lucas Monteiro Paes and
                  Fl{\'{a}}vio P. Calmon},
  title        = {Algorithmic Arbitrariness in Content Moderation},
  booktitle    = {The 2024 {ACM} Conference on Fairness, Accountability, and Transparency,
                  FAccT 2024, Rio de Janeiro, Brazil, June 3-6, 2024},
  pages        = {2234--2253},
  publisher    = {{ACM}},
  year         = {2024},
  url          = {https://doi.org/10.1145/3630106.3659036},
  doi          = {10.1145/3630106.3659036},
  timestamp    = {Sun, 19 Jan 2025 13:09:54 +0100},
  biburl       = {https://dblp.org/rec/conf/fat/GomezMPC24.bib},
  bibsource    = {dblp computer science bibliography, https://dblp.org}
}

@inproceedings{DBLP:conf/lamps/Zhu0ZW0WY000024,
  author       = {Kaijie Zhu and
                  Jindong Wang and
                  Jiaheng Zhou and
                  Zichen Wang and
                  Hao Chen and
                  Yidong Wang and
                  Linyi Yang and
                  Wei Ye and
                  Yue Zhang and
                  Neil Gong and
                  Xing Xie},
  editor       = {Bo Li and
                  Wenyuan Xu and
                  Jieshan Chen and
                  Yang Zhang and
                  Jason Xue and
                  Shuo Wang and
                  Guangdong Bai and
                  Xingliang Yuan},
  title        = {PromptRobust: Towards Evaluating the Robustness of Large Language
                  Models on Adversarial Prompts},
  booktitle    = {Proceedings of the 1st {ACM} Workshop on Large {AI} Systems and Models
                  with Privacy and Safety Analysis, {LAMPS} 2024, Salt Lake City, UT,
                  USA, October 14-18, 2024},
  pages        = {57--68},
  publisher    = {{ACM}},
  year         = {2024},
  url          = {https://doi.org/10.1145/3689217.3690621},
  doi          = {10.1145/3689217.3690621},
  timestamp    = {Sat, 30 Nov 2024 21:10:14 +0100},
  biburl       = {https://dblp.org/rec/conf/lamps/Zhu0ZW0WY000024.bib},
  bibsource    = {dblp computer science bibliography, https://dblp.org}
}

@inproceedings{DBLP:conf/nips/HanREJL00D24,
  author       = {Seungju Han and
                  Kavel Rao and
                  Allyson Ettinger and
                  Liwei Jiang and
                  Bill Yuchen Lin and
                  Nathan Lambert and
                  Yejin Choi and
                  Nouha Dziri},
  editor       = {Amir Globersons and
                  Lester Mackey and
                  Danielle Belgrave and
                  Angela Fan and
                  Ulrich Paquet and
                  Jakub M. Tomczak and
                  Cheng Zhang},
  title        = {WildGuard: Open One-stop Moderation Tools for Safety Risks, Jailbreaks,
                  and Refusals of LLMs},
  booktitle    = {Advances in Neural Information Processing Systems 38: Annual Conference
                  on Neural Information Processing Systems 2024, NeurIPS 2024, Vancouver,
                  BC, Canada, December 10 - 15, 2024},
  year         = {2024},
  url          = {http://papers.nips.cc/paper\_files/paper/2024/hash/0f69b4b96a46f284b726fbd70f74fb3b-Abstract-Datasets\_and\_Benchmarks\_Track.html},
  timestamp    = {Wed, 05 Feb 2025 17:21:59 +0100},
  biburl       = {https://dblp.org/rec/conf/nips/HanREJL00D24.bib},
  bibsource    = {dblp computer science bibliography, https://dblp.org}
}

@article{DBLP:journals/corr/abs-2212-05926,
  author       = {Pujan Paudel and
                  Jeremy Blackburn and
                  Emiliano De Cristofaro and
                  Savvas Zannettou and
                  Gianluca Stringhini},
  title        = {{LAMBRETTA:} Learning to Rank for Twitter Soft Moderation},
  journal      = {CoRR},
  volume       = {abs/2212.05926},
  year         = {2022},
  url          = {https://doi.org/10.48550/arXiv.2212.05926},
  doi          = {10.48550/ARXIV.2212.05926},
  eprinttype    = {arXiv},
  eprint       = {2212.05926},
  timestamp    = {Mon, 02 Jan 2023 15:09:55 +0100},
  biburl       = {https://dblp.org/rec/journals/corr/abs-2212-05926.bib},
  bibsource    = {dblp computer science bibliography, https://dblp.org}
}

@article{DBLP:journals/corr/abs-2309-02705,
  author       = {Aounon Kumar and
                  Chirag Agarwal and
                  Suraj Srinivas and
                  Soheil Feizi and
                  Hima Lakkaraju},
  title        = {Certifying {LLM} Safety against Adversarial Prompting},
  journal      = {CoRR},
  volume       = {abs/2309.02705},
  year         = {2023},
  url          = {https://doi.org/10.48550/arXiv.2309.02705},
  doi          = {10.48550/ARXIV.2309.02705},
  eprinttype    = {arXiv},
  eprint       = {2309.02705},
  timestamp    = {Mon, 11 Sep 2023 16:01:35 +0200},
  biburl       = {https://dblp.org/rec/journals/corr/abs-2309-02705.bib},
  bibsource    = {dblp computer science bibliography, https://dblp.org}
}

@article{DBLP:journals/corr/abs-2310-18075,
  author       = {Xiaoyu Tian and
                  Liangyu Chen and
                  Na Liu and
                  Yaxuan Liu and
                  Wei Zou and
                  Kaijiang Chen and
                  Ming Cui},
  title        = {{DUMA:} a Dual-Mind Conversational Agent with Fast and Slow Thinking},
  journal      = {CoRR},
  volume       = {abs/2310.18075},
  year         = {2023},
  url          = {https://doi.org/10.48550/arXiv.2310.18075},
  doi          = {10.48550/ARXIV.2310.18075},
  eprinttype    = {arXiv},
  eprint       = {2310.18075},
  timestamp    = {Thu, 02 Nov 2023 17:30:29 +0100},
  biburl       = {https://dblp.org/rec/journals/corr/abs-2310-18075.bib},
  bibsource    = {dblp computer science bibliography, https://dblp.org}
}

@article{DBLP:journals/corr/abs-2312-06674,
  author       = {Hakan Inan and
                  Kartikeya Upasani and
                  Jianfeng Chi and
                  Rashi Rungta and
                  Krithika Iyer and
                  Yuning Mao and
                  Michael Tontchev and
                  Qing Hu and
                  Brian Fuller and
                  Davide Testuggine and
                  Madian Khabsa},
  title        = {Llama Guard: LLM-based Input-Output Safeguard for Human-AI Conversations},
  journal      = {CoRR},
  volume       = {abs/2312.06674},
  year         = {2023},
  url          = {https://doi.org/10.48550/arXiv.2312.06674},
  doi          = {10.48550/ARXIV.2312.06674},
  eprinttype    = {arXiv},
  eprint       = {2312.06674},
  timestamp    = {Thu, 04 Jan 2024 15:12:49 +0100},
  biburl       = {https://dblp.org/rec/journals/corr/abs-2312-06674.bib},
  bibsource    = {dblp computer science bibliography, https://dblp.org}
}

@article{DBLP:journals/corr/abs-2404-05993,
  author       = {Shaona Ghosh and
                  Prasoon Varshney and
                  Erick Galinkin and
                  Christopher Parisien},
  title        = {{AEGIS:} Online Adaptive {AI} Content Safety Moderation with Ensemble
                  of {LLM} Experts},
  journal      = {CoRR},
  volume       = {abs/2404.05993},
  year         = {2024},
  url          = {https://doi.org/10.48550/arXiv.2404.05993},
  doi          = {10.48550/ARXIV.2404.05993},
  eprinttype    = {arXiv},
  eprint       = {2404.05993},
  timestamp    = {Sun, 06 Oct 2024 21:25:00 +0200},
  biburl       = {https://dblp.org/rec/journals/corr/abs-2404-05993.bib},
  bibsource    = {dblp computer science bibliography, https://dblp.org}
}

@article{DBLP:journals/corr/abs-2407-21772,
  author       = {Wenjun Zeng and
                  Yuchi Liu and
                  Ryan Mullins and
                  Ludovic Peran and
                  Joe Fernandez and
                  Hamza Harkous and
                  Karthik Narasimhan and
                  Drew Proud and
                  Piyush Kumar and
                  Bhaktipriya Radharapu and
                  Olivia Sturman and
                  Oscar Wahltinez},
  title        = {ShieldGemma: Generative {AI} Content Moderation Based on Gemma},
  journal      = {CoRR},
  volume       = {abs/2407.21772},
  year         = {2024},
  url          = {https://doi.org/10.48550/arXiv.2407.21772},
  doi          = {10.48550/ARXIV.2407.21772},
  eprinttype    = {arXiv},
  eprint       = {2407.21772},
  timestamp    = {Wed, 21 Aug 2024 20:53:28 +0200},
  biburl       = {https://dblp.org/rec/journals/corr/abs-2407-21772.bib},
  bibsource    = {dblp computer science bibliography, https://dblp.org}
}

@article{DBLP:journals/corr/abs-2411-10414,
  author       = {Jianfeng Chi and
                  Ujjwal Karn and
                  Hongyuan Zhan and
                  Eric Smith and
                  Javier Rando and
                  Yiming Zhang and
                  Kate Plawiak and
                  Zacharie Delpierre Coudert and
                  Kartikeya Upasani and
                  Mahesh Pasupuleti},
  title        = {Llama Guard 3 Vision: Safeguarding Human-AI Image Understanding Conversations},
  journal      = {CoRR},
  volume       = {abs/2411.10414},
  year         = {2024},
  url          = {https://doi.org/10.48550/arXiv.2411.10414},
  doi          = {10.48550/ARXIV.2411.10414},
  eprinttype    = {arXiv},
  eprint       = {2411.10414},
  timestamp    = {Wed, 01 Jan 2025 13:20:08 +0100},
  biburl       = {https://dblp.org/rec/journals/corr/abs-2411-10414.bib},
  bibsource    = {dblp computer science bibliography, https://dblp.org}
}

@article{DBLP:journals/corr/abs-2411-17713,
  author       = {Igor Fedorov and
                  Kate Plawiak and
                  Lemeng Wu and
                  Tarek Elgamal and
                  Naveen Suda and
                  Eric Smith and
                  Hongyuan Zhan and
                  Jianfeng Chi and
                  Yuriy Hulovatyy and
                  Kimish Patel and
                  Zechun Liu and
                  Changsheng Zhao and
                  Yangyang Shi and
                  Tijmen Blankevoort and
                  Mahesh Pasupuleti and
                  Bilge Soran and
                  Zacharie Delpierre Coudert and
                  Rachad Alao and
                  Raghuraman Krishnamoorthi and
                  Vikas Chandra},
  title        = {Llama Guard 3-1B-INT4: Compact and Efficient Safeguard for Human-AI
                  Conversations},
  journal      = {CoRR},
  volume       = {abs/2411.17713},
  year         = {2024},
  url          = {https://doi.org/10.48550/arXiv.2411.17713},
  doi          = {10.48550/ARXIV.2411.17713},
  eprinttype    = {arXiv},
  eprint       = {2411.17713},
  timestamp    = {Wed, 29 Jan 2025 13:47:28 +0100},
  biburl       = {https://dblp.org/rec/journals/corr/abs-2411-17713.bib},
  bibsource    = {dblp computer science bibliography, https://dblp.org}
}

@article{DBLP:journals/corr/abs-2412-09413,
  author       = {Yingqian Min and
                  Zhipeng Chen and
                  Jinhao Jiang and
                  Jie Chen and
                  Jia Deng and
                  Yiwen Hu and
                  Yiru Tang and
                  Jiapeng Wang and
                  Xiaoxue Cheng and
                  Huatong Song and
                  Wayne Xin Zhao and
                  Zheng Liu and
                  Zhongyuan Wang and
                  Ji{-}Rong Wen},
  title        = {Imitate, Explore, and Self-Improve: {A} Reproduction Report on Slow-thinking
                  Reasoning Systems},
  journal      = {CoRR},
  volume       = {abs/2412.09413},
  year         = {2024},
  url          = {https://doi.org/10.48550/arXiv.2412.09413},
  doi          = {10.48550/ARXIV.2412.09413},
  eprinttype    = {arXiv},
  eprint       = {2412.09413},
  timestamp    = {Mon, 20 Jan 2025 22:09:50 +0100},
  biburl       = {https://dblp.org/rec/journals/corr/abs-2412-09413.bib},
  bibsource    = {dblp computer science bibliography, https://dblp.org}
}

@inproceedings{clarke-etal-2023-rule,
    title = "Rule By Example: Harnessing Logical Rules for Explainable Hate Speech Detection",
    author = "Clarke, Christopher  and
      Hall, Matthew  and
      Mittal, Gaurav  and
      Yu, Ye  and
      Sajeev, Sandra  and
      Mars, Jason  and
      Chen, Mei",
    editor = "Rogers, Anna  and
      Boyd-Graber, Jordan  and
      Okazaki, Naoaki",
    booktitle = "Proceedings of the 61st Annual Meeting of the Association for Computational Linguistics (Volume 1: Long Papers)",
    month = jul,
    year = "2023",
    address = "Toronto, Canada",
    publisher = "Association for Computational Linguistics",
    url = "https://aclanthology.org/2023.acl-long.22/",
    doi = "10.18653/v1/2023.acl-long.22",
    pages = "364--376"
}

@article{hagendorff2022thinking,
  title={Thinking fast and slow in large language models},
  author={Hagendorff, Thilo and Fabi, Sarah and Kosinski, Michal},
  journal={arXiv preprint arXiv:2212.05206},
  volume={10},
  year={2022}
}

@misc{openai2024learning,
  title        = {Learning to Reason with LLMs},
  author       = {{OpenAI}},
  year         = 2024,
  url          = {https://openai.com/index/learning-to-reason-with-llms/}
}

@article{thompson2009dual,
  title={Dual process theories: A metacognitive perspective},
  author={Thompson, Valerie A and Evans, JSBT and Frankish, K},
  journal={Ariel},
  volume={137},
  pages={51--43},
  year={2009}
}

