@inproceedings{benton2024nearly,
  title={Nearly d-linear convergence bounds for diffusion models via stochastic localization},
  author={Benton, Joe and De Bortoli, Valentin and Doucet, Arnaud and Deligiannidis, George},
  booktitle={The Twelfth International Conference on Learning Representations},
  year={2024}
}

@inproceedings{bhandari2018finite,
  title={A finite time analysis of temporal difference learning with linear function approximation},
  author={Bhandari, Jalaj and Russo, Daniel and Singal, Raghav},
  booktitle={Conference on learning theory},
  pages={1691--1692},
  year={2018},
  organization={PMLR}
}

@article{block2020generative,
  title={Generative modeling with denoising auto-encoders and Langevin sampling},
  author={Block, Adam and Mroueh, Youssef and Rakhlin, Alexander},
  journal={arXiv preprint arXiv:2002.00107},
  year={2020}
}

@article{chen2022sampling,
  title={Sampling is as easy as learning the score: theory for diffusion models with minimal data assumptions},
  author={Chen, Sitan and Chewi, Sinho and Li, Jerry and Li, Yuanzhi and Salim, Adil and Zhang, Anru R},
  journal={arXiv preprint arXiv:2209.11215},
  year={2022}
}

@inproceedings{chen2023score,
  title={Score approximation, estimation and distribution recovery of diffusion models on low-dimensional data},
  author={Chen, Minshuo and Huang, Kaixuan and Zhao, Tuo and Wang, Mengdi},
  booktitle={International Conference on Machine Learning},
  pages={4672--4712},
  year={2023},
  organization={PMLR}
}

@article{de2024target,
  title={Target Score Matching},
  author={De Bortoli, Valentin and Hutchinson, Michael and Wirnsberger, Peter and Doucet, Arnaud},
  journal={arXiv preprint arXiv:2402.08667},
  year={2024}
}

@article{duchi2012ergodic,
  title={Ergodic mirror descent},
  author={Duchi, John C and Agarwal, Alekh and Johansson, Mikael and Jordan, Michael I},
  journal={SIAM Journal on Optimization},
  volume={22},
  number={4},
  pages={1549--1578},
  year={2012},
  publisher={SIAM}
}

@inproceedings{gupta2023sample,
  title={Improved Sample Complexity Bounds for Diffusion Model Training},
  author={Gupta, Shivam and Parulekar, Aditya and Price, Eric and Xun, Zhiyang},
  booktitle={The Thirty-eighth Annual Conference on Neural Information Processing Systems},
year={2024}
}

@article{hyvarinen2005estimation,
  title={Estimation of non-normalized statistical models by score matching.},
  author={Hyv{\"a}rinen, Aapo and Dayan, Peter},
  journal={Journal of Machine Learning Research},
  volume={6},
  number={4},
  year={2005}
}

@article{kowshik2021near,
  title={Near-optimal offline and streaming algorithms for learning non-linear dynamical systems},
  author={Kowshik, Suhas and Nagaraj, Dheeraj and Jain, Prateek and Netrapalli, Praneeth},
  journal={Advances in Neural Information Processing Systems},
  volume={34},
  pages={8518--8531},
  year={2021}
}

@article{kumar2024streaming,
  title={Streaming PCA for Markovian data},
  author={Kumar, Syamantak and Sarkar, Purnamrita},
  journal={Advances in Neural Information Processing Systems},
  volume={36},
  year={2024}
}

@inproceedings{lee2023convergence,
  title={Convergence of score-based generative modeling for general data distributions},
  author={Lee, Holden and Lu, Jianfeng and Tan, Yixin},
  booktitle={International Conference on Algorithmic Learning Theory},
  pages={946--985},
  year={2023},
  organization={PMLR}
}

@article{nagaraj2020least,
  title={Least squares regression with markovian data: Fundamental limits and algorithms},
  author={Nagaraj, Dheeraj and Wu, Xian and Bresler, Guy and Jain, Prateek and Netrapalli, Praneeth},
  journal={Advances in neural information processing systems},
  volume={33},
  pages={16666--16676},
  year={2020}
}

@inproceedings{oko2023diffusion,
  title={Diffusion models are minimax optimal distribution estimators},
  author={Oko, Kazusato and Akiyama, Shunta and Suzuki, Taiji},
  booktitle={International Conference on Machine Learning},
  pages={26517--26582},
  year={2023},
  organization={PMLR}
}

@inproceedings{simchowitz2018learning,
  title={Learning without mixing: Towards a sharp analysis of linear system identification},
  author={Simchowitz, Max and Mania, Horia and Tu, Stephen and Jordan, Michael I and Recht, Benjamin},
  booktitle={Conference On Learning Theory},
  pages={439--473},
  year={2018},
  organization={PMLR}
}

@inproceedings{song2020sliced,
  title={Sliced score matching: A scalable approach to density and score estimation},
  author={Song, Yang and Garg, Sahaj and Shi, Jiaxin and Ermon, Stefano},
  booktitle={Uncertainty in Artificial Intelligence},
  pages={574--584},
  year={2020},
  organization={PMLR}
}

@article{srikant2024rates,
  title={Rates of Convergence in the Central Limit Theorem for Markov Chains, with an Application to TD Learning},
  author={Srikant, R},
  journal={arXiv preprint arXiv:2401.15719},
  year={2024}
}

@article{tu2024learning,
  title={Learning from many trajectories},
  author={Tu, Stephen and Frostig, Roy and Soltanolkotabi, Mahdi},
  journal={Journal of Machine Learning Research},
  volume={25},
  number={216},
  pages={1--109},
  year={2024}
}

@article{vincent2011connection,
  title={A connection between score matching and denoising autoencoders},
  author={Vincent, Pascal},
  journal={Neural computation},
  volume={23},
  number={7},
  pages={1661--1674},
  year={2011},
  publisher={MIT Press}
}

@article{ziemann2022learning,
  title={Learning with little mixing},
  author={Ziemann, Ingvar and Tu, Stephen},
  journal={Advances in Neural Information Processing Systems},
  volume={35},
  pages={4626--4637},
  year={2022}
}

