@inproceedings{simchowitz2018learning,
  title={Learning without mixing: Towards a sharp analysis of linear system identification},
  author={Simchowitz, Max and Mania, Horia and Tu, Stephen and Jordan, Michael I and Recht, Benjamin},
  booktitle={Conference On Learning Theory},
  pages={439--473},
  year={2018},
  organization={PMLR}
}

@article{bartlett2002rademacher,
  title={Rademacher and Gaussian complexities: Risk bounds and structural results},
  author={Bartlett, Peter L and Mendelson, Shahar},
  journal={Journal of Machine Learning Research},
  volume={3},
  number={Nov},
  pages={463--482},
  year={2002}
}

@book{durrett2019probability,
  title={Probability: theory and examples},
  author={Durrett, Rick},
  volume={49},
  year={2019},
  publisher={Cambridge university press}
}

@article{nagaraj2020least,
  title={Least squares regression with markovian data: Fundamental limits and algorithms},
  author={Nagaraj, Dheeraj and Wu, Xian and Bresler, Guy and Jain, Prateek and Netrapalli, Praneeth},
  journal={Advances in neural information processing systems},
  volume={33},
  pages={16666--16676},
  year={2020}
}

@article{kowshik2021near,
  title={Near-optimal offline and streaming algorithms for learning non-linear dynamical systems},
  author={Kowshik, Suhas and Nagaraj, Dheeraj and Jain, Prateek and Netrapalli, Praneeth},
  journal={Advances in Neural Information Processing Systems},
  volume={34},
  pages={8518--8531},
  year={2021}
}

@article{tu2024learning,
  title={Learning from many trajectories},
  author={Tu, Stephen and Frostig, Roy and Soltanolkotabi, Mahdi},
  journal={Journal of Machine Learning Research},
  volume={25},
  number={216},
  pages={1--109},
  year={2024}
}

@article{ziemann2022learning,
  title={Learning with little mixing},
  author={Ziemann, Ingvar and Tu, Stephen},
  journal={Advances in Neural Information Processing Systems},
  volume={35},
  pages={4626--4637},
  year={2022}
}

@inproceedings{bhandari2018finite,
  title={A finite time analysis of temporal difference learning with linear function approximation},
  author={Bhandari, Jalaj and Russo, Daniel and Singal, Raghav},
  booktitle={Conference on learning theory},
  pages={1691--1692},
  year={2018},
  organization={PMLR}
}

@article{kumar2024streaming,
  title={Streaming PCA for Markovian data},
  author={Kumar, Syamantak and Sarkar, Purnamrita},
  journal={Advances in Neural Information Processing Systems},
  volume={36},
  year={2024}
}

@article{srikant2024rates,
  title={Rates of Convergence in the Central Limit Theorem for Markov Chains, with an Application to TD Learning},
  author={Srikant, R},
  journal={arXiv preprint arXiv:2401.15719},
  year={2024}
}

########################

@inproceedings{benton2024nearly,
  title={Nearly d-linear convergence bounds for diffusion models via stochastic localization},
  author={Benton, Joe and De Bortoli, Valentin and Doucet, Arnaud and Deligiannidis, George},
  booktitle={The Twelfth International Conference on Learning Representations},
  year={2024}
}

@article{block2020generative,
  title={Generative modeling with denoising auto-encoders and Langevin sampling},
  author={Block, Adam and Mroueh, Youssef and Rakhlin, Alexander},
  journal={arXiv preprint arXiv:2002.00107},
  year={2020}
}

@incollection{boucheron2003concentration,
  title={Concentration inequalities},
  author={Boucheron, St{\'e}phane and Lugosi, G{\'a}bor and Bousquet, Olivier},
  booktitle={Summer school on machine learning},
  pages={208--240},
  year={2003},
  publisher={Springer}
}

@article{de2024target,
  title={Target Score Matching},
  author={De Bortoli, Valentin and Hutchinson, Michael and Wirnsberger, Peter and Doucet, Arnaud},
  journal={arXiv preprint arXiv:2402.08667},
  year={2024}
}

@article{efron2011tweedie,
  title={Tweedieâ€™s formula and selection bias},
  author={Efron, Bradley},
  journal={Journal of the American Statistical Association},
  volume={106},
  number={496},
  pages={1602--1614},
  year={2011},
  publisher={Taylor \& Francis}
}

@inproceedings{
evans2024fast,
title={Fast Timing-Conditioned Latent Audio Diffusion},
author={Zach Evans and CJ Carr and Josiah Taylor and Scott H. Hawley and Jordi Pons},
booktitle={Forty-first International Conference on Machine Learning},
year={2024},
url={https://arxiv.org/abs/2402.04825}
}

@article{gulrajani2024likelihood,
  title={Likelihood-based diffusion language models},
  author={Gulrajani, Ishaan and Hashimoto, Tatsunori B},
  journal={Advances in Neural Information Processing Systems},
  volume={36},
  year={2024}
}

@inproceedings{gupta2023sample,
  title={Improved Sample Complexity Bounds for Diffusion Model Training},
  author={Gupta, Shivam and Parulekar, Aditya and Price, Eric and Xun, Zhiyang},
  booktitle={The Thirty-eighth Annual Conference on Neural Information Processing Systems},
year={2024}
}

@article{tropp2011freedman,
  title={Freedman's inequality for matrix martingales},
  author={Tropp, Joel},
  year={2011}
}

@article{han2022ssd,
  title={Ssd-lm: Semi-autoregressive simplex-based diffusion language model for text generation and modular control},
  author={Han, Xiaochuang and Kumar, Sachin and Tsvetkov, Yulia},
  journal={arXiv preprint arXiv:2210.17432},
  year={2022}
}

@article{ho2020denoising,
  title={Denoising diffusion probabilistic models},
  author={Ho, Jonathan and Jain, Ajay and Abbeel, Pieter},
  journal={Advances in neural information processing systems},
  volume={33},
  pages={6840--6851},
  year={2020}
}

@article{jalal2021robust,
  title={Robust compressed sensing mri with deep generative priors},
  author={Jalal, Ajil and Arvinte, Marius and Daras, Giannis and Price, Eric and Dimakis, Alexandros G and Tamir, Jon},
  journal={Advances in Neural Information Processing Systems},
  volume={34},
  pages={14938--14954},
  year={2021}
}

@article{jin2019short,
  title={A short note on concentration inequalities for random vectors with subgaussian norm},
  author={Jin, Chi and Netrapalli, Praneeth and Ge, Rong and Kakade, Sham M and Jordan, Michael I},
  journal={arXiv preprint arXiv:1902.03736},
  year={2019}
}

@inproceedings{
kong2021diffwave,
title={DiffWave: A Versatile Diffusion Model for Audio Synthesis},
author={Zhifeng Kong and Wei Ping and Jiaji Huang and Kexin Zhao and Bryan Catanzaro},
booktitle={International Conference on Learning Representations},
year={2021},
url={https://openreview.net/forum?id=a-xFK8Ymz5J}
}

@article{milne2019piecewise,
  title={Piecewise strong convexity of neural networks},
  author={Milne, Tristan},
  journal={Advances in Neural Information Processing Systems},
  volume={32},
  year={2019}
}

@article{ramesh2022hierarchical,
  title={Hierarchical text-conditional image generation with clip latents},
  author={Ramesh, Aditya and Dhariwal, Prafulla and Nichol, Alex and Chu, Casey and Chen, Mark},
  journal={arXiv preprint arXiv:2204.06125},
  volume={1},
  number={2},
  pages={3},
  year={2022}
}

@inproceedings{rombach2022high,
  title={High-resolution image synthesis with latent diffusion models},
  author={Rombach, Robin and Blattmann, Andreas and Lorenz, Dominik and Esser, Patrick and Ommer, Bj{\"o}rn},
  booktitle={Proceedings of the IEEE/CVF conference on computer vision and pattern recognition},
  pages={10684--10695},
  year={2022}
}

@inproceedings{sohl2015deep,
  title={Deep unsupervised learning using nonequilibrium thermodynamics},
  author={Sohl-Dickstein, Jascha and Weiss, Eric and Maheswaranathan, Niru and Ganguli, Surya},
  booktitle={International conference on machine learning},
  pages={2256--2265},
  year={2015},
  organization={PMLR}
}

@inproceedings{
song2022solving,
title={Solving Inverse Problems in Medical Imaging with Score-Based Generative Models},
author={Yang Song and Liyue Shen and Lei Xing and Stefano Ermon},
booktitle={International Conference on Learning Representations},
year={2022},
url={https://openreview.net/forum?id=vaRCHVj0uGI}
}

@TechReport{subgaussians_expository_note,
author = "Alessandro Rinaldo",
title = {Subgaussian Random Variables},
institution = "Carnegie Mellon University",
year = {2012},
}

@article{varma2024glauber,
  title={Glauber Generative Model: Discrete Diffusion Models via Binary Classification},
  author={Varma, Harshit and Nagaraj, Dheeraj and Shanmugam, Karthikeyan},
  journal={arXiv preprint arXiv:2405.17035},
  year={2024}
}
@book{vershynin2018high,
  title={High-dimensional probability: An introduction with applications in data science},
  author={Vershynin, Roman},
  volume={47},
  year={2018},
  publisher={Cambridge university press}
}

@article{yi2022characterization,
  title={Characterization of excess risk for locally strongly convex population risk},
  author={Yi, Mingyang and Wang, Ruoyu and Ma, Zhi-Ming},
  journal={Advances in Neural Information Processing Systems},
  volume={35},
  pages={21270--21285},
  year={2022}
}

@article{meng2021estimating,
  title={Estimating high order gradients of the data distribution by denoising},
  author={Meng, Chenlin and Song, Yang and Li, Wenzhe and Ermon, Stefano},
  journal={Advances in Neural Information Processing Systems},
  volume={34},
  pages={25359--25369},
  year={2021}
}

@article{schymura2014upper,
  title={An upper bound on the volume of the symmetric difference of a body and a congruent copy},
  author={Schymura, Daria},
  journal={Advances in Geometry},
  volume={14},
  number={2},
  pages={287--298},
  year={2014},
  publisher={De Gruyter}
}

@misc{wikipedia_surface_area_to_volume_ratio,
  author       = {Wikipedia},
  title        = {Surface-area-to-volume ratio},
  year         = {2024},
  howpublished = {\url{https://en.wikipedia.org/wiki/Surface-area-to-volume_ratio}},
  note         = {Accessed: 2024-12-25}
}

@book{folland1999real,
  title={Real Analysis: Modern Techniques and Their Applications},
  author={Folland, Gerald B.},
  year={1999},
  publisher={John Wiley \& Sons}
}

@book{rudin1976principles,
  title={Principles of Mathematical Analysis},
  author={Rudin, Walter},
  year={1976},
  publisher={McGraw-Hill}
}

@article{lou2023discrete,
  title={Discrete diffusion language modeling by estimating the ratios of the data distribution},
  author={Lou, Aaron and Meng, Chenlin and Ermon, Stefano},
  year={2023}
}

@inproceedings{hoogeboom2022equivariant,
  title={Equivariant diffusion for molecule generation in 3d},
  author={Hoogeboom, Emiel and Satorras, V{\i}ctor Garcia and Vignac, Cl{\'e}ment and Welling, Max},
  booktitle={International conference on machine learning},
  pages={8867--8887},
  year={2022},
  organization={PMLR}
}

@inproceedings{hua2024mudiff,
  title={Mudiff: Unified diffusion for complete molecule generation},
  author={Hua, Chenqing and Luan, Sitao and Xu, Minkai and Ying, Zhitao and Fu, Jie and Ermon, Stefano and Precup, Doina},
  booktitle={Learning on Graphs Conference},
  pages={33--1},
  year={2024},
  organization={PMLR}
}

@inproceedings{inoue2023layoutdm,
  title={Layoutdm: Discrete diffusion model for controllable layout generation},
  author={Inoue, Naoto and Kikuchi, Kotaro and Simo-Serra, Edgar and Otani, Mayu and Yamaguchi, Kota},
  booktitle={Proceedings of the IEEE/CVF Conference on Computer Vision and Pattern Recognition},
  pages={10167--10176},
  year={2023}
}

@inproceedings{levi2023dlt,
  title={Dlt: Conditioned layout generation with joint discrete-continuous diffusion layout transformer},
  author={Levi, Elad and Brosh, Eli and Mykhailych, Mykola and Perez, Meir},
  booktitle={Proceedings of the IEEE/CVF International Conference on Computer Vision},
  pages={2106--2115},
  year={2023}
}

@article{saharia2022photorealistic,
  title={Photorealistic text-to-image diffusion models with deep language understanding},
  author={Saharia, Chitwan and Chan, William and Saxena, Saurabh and Li, Lala and Whang, Jay and Denton, Emily L and Ghasemipour, Kamyar and Gontijo Lopes, Raphael and Karagol Ayan, Burcu and Salimans, Tim and others},
  journal={Advances in neural information processing systems},
  volume={35},
  pages={36479--36494},
  year={2022}
}



@article{podell2023sdxl,
  title={Sdxl: Improving latent diffusion models for high-resolution image synthesis},
  author={Podell, Dustin and English, Zion and Lacey, Kyle and Blattmann, Andreas and Dockhorn, Tim and M{\"u}ller, Jonas and Penna, Joe and Rombach, Robin},
  journal={arXiv preprint arXiv:2307.01952},
  year={2023}
}

@article{chen2022sampling,
  title={Sampling is as easy as learning the score: theory for diffusion models with minimal data assumptions},
  author={Chen, Sitan and Chewi, Sinho and Li, Jerry and Li, Yuanzhi and Salim, Adil and Zhang, Anru R},
  journal={arXiv preprint arXiv:2209.11215},
  year={2022}
}

@inproceedings{bentonnearly,
  title={Nearly $ d $-Linear Convergence Bounds for Diffusion Models via Stochastic Localization},
  author={Benton, Joe and De Bortoli, Valentin and Doucet, Arnaud and Deligiannidis, George},
  booktitle={The Twelfth International Conference on Learning Representations}
}

@article{hyvarinen2005estimation,
  title={Estimation of non-normalized statistical models by score matching.},
  author={Hyv{\"a}rinen, Aapo and Dayan, Peter},
  journal={Journal of Machine Learning Research},
  volume={6},
  number={4},
  year={2005}
}

@article{vincent2011connection,
  title={A connection between score matching and denoising autoencoders},
  author={Vincent, Pascal},
  journal={Neural computation},
  volume={23},
  number={7},
  pages={1661--1674},
  year={2011},
  publisher={MIT Press}
}

@inproceedings{song2020sliced,
  title={Sliced score matching: A scalable approach to density and score estimation},
  author={Song, Yang and Garg, Sahaj and Shi, Jiaxin and Ermon, Stefano},
  booktitle={Uncertainty in Artificial Intelligence},
  pages={574--584},
  year={2020},
  organization={PMLR}
}





@inproceedings{lee2023convergence,
  title={Convergence of score-based generative modeling for general data distributions},
  author={Lee, Holden and Lu, Jianfeng and Tan, Yixin},
  booktitle={International Conference on Algorithmic Learning Theory},
  pages={946--985},
  year={2023},
  organization={PMLR}
}


@inproceedings{chen2023score,
  title={Score approximation, estimation and distribution recovery of diffusion models on low-dimensional data},
  author={Chen, Minshuo and Huang, Kaixuan and Zhao, Tuo and Wang, Mengdi},
  booktitle={International Conference on Machine Learning},
  pages={4672--4712},
  year={2023},
  organization={PMLR}
}

@inproceedings{oko2023diffusion,
  title={Diffusion models are minimax optimal distribution estimators},
  author={Oko, Kazusato and Akiyama, Shunta and Suzuki, Taiji},
  booktitle={International Conference on Machine Learning},
  pages={26517--26582},
  year={2023},
  organization={PMLR}
}

@article{song2020score,
  title={Score-based generative modeling through stochastic differential equations},
  author={Song, Yang and Sohl-Dickstein, Jascha and Kingma, Diederik P and Kumar, Abhishek and Ermon, Stefano and Poole, Ben},
  journal={arXiv preprint arXiv:2011.13456},
  year={2020}
}

@article{duchi2012ergodic,
  title={Ergodic mirror descent},
  author={Duchi, John C and Agarwal, Alekh and Johansson, Mikael and Jordan, Michael I},
  journal={SIAM Journal on Optimization},
  volume={22},
  number={4},
  pages={1549--1578},
  year={2012},
  publisher={SIAM}
}

@article{han2024neural,
  title={Neural network-based score estimation in diffusion models: Optimization and generalization},
  author={Han, Yinbin and Razaviyayn, Meisam and Xu, Renyuan},
  journal={arXiv preprint arXiv:2401.15604},
  year={2024}
}

@article{boffi2024shallow,
  title={Shallow diffusion networks provably learn hidden low-dimensional structure},
  author={Boffi, Nicholas M and Jacot, Arthur and Tu, Stephen and Ziemann, Ingvar},
  journal={arXiv preprint arXiv:2410.11275},
  year={2024}
}

@inproceedings{klivans2018efficient,
  title={Efficient algorithms for outlier-robust regression},
  author={Klivans, Adam and Kothari, Pravesh K and Meka, Raghu},
  booktitle={Conference On Learning Theory},
  pages={1420--1430},
  year={2018},
  organization={PMLR}
}

@article{mendelson2020robust,
  title={Robust covariance estimation under L\_4-L\_2 norm equivalence},
  author={Mendelson, Shahar and Zhivotovskiy, Nikita},
  year={2020}
}

@article{minsker2018sub,
  title={Sub-Gaussian estimators of the mean of a random matrix with heavy-tailed entries},
  author={Minsker, Stanislav},
  journal={The Annals of Statistics},
  volume={46},
  number={6A},
  pages={2871--2903},
  year={2018},
  publisher={JSTOR}
}