% Introduction
@article{AlphaGo-Zero,
  title     = {Mastering the game of go without human knowledge},
  author    = {Silver, David and Schrittwieser, Julian and Simonyan, Karen and Antonoglou, Ioannis and Huang, Aja and Guez, Arthur and Hubert, Thomas and Baker, Lucas and Lai, Matthew and Bolton, Adrian and others},
  journal   = {nature},
  volume    = {550},
  number    = {7676},
  pages     = {354--359},
  year      = {2017},
  publisher = {Nature Publishing Group}
}

@article{AlphaZero,
  title     = {A general reinforcement learning algorithm that masters chess, shogi, and Go through self-play},
  author    = {Silver, David and Hubert, Thomas and Schrittwieser, Julian and Antonoglou, Ioannis and Lai, Matthew and Guez, Arthur and Lanctot, Marc and Sifre, Laurent and Kumaran, Dharshan and Graepel, Thore and others},
  journal   = {Science},
  volume    = {362},
  number    = {6419},
  pages     = {1140--1144},
  year      = {2018},
  publisher = {American Association for the Advancement of Science}
}

@article{kiran2021deep,
  title     = {Deep reinforcement learning for autonomous driving: A survey},
  author    = {Kiran, B Ravi and Sobh, Ibrahim and Talpaert, Victor and Mannion, Patrick and Al Sallab, Ahmad A and Yogamani, Senthil and P{\'e}rez, Patrick},
  journal   = {IEEE Transactions on Intelligent Transportation Systems},
  volume    = {23},
  number    = {6},
  pages     = {4909--4926},
  year      = {2021},
  publisher = {IEEE}
}

@inproceedings{Smarts,
  title     = {Smarts: An open-source scalable multi-agent rl training school for autonomous driving},
  author    = {Zhou, Ming and Luo, Jun and Villella, Julian and Yang, Yaodong and Rusu, David and Miao, Jiayu and Zhang, Weinan and Alban, Montgomery and Fadakar, Iman and Chen, Zheng and others},
  booktitle = {Conference on robot learning (CoRL)},
  pages     = {264--285},
  year      = {2021},
  volume    = {155},
  publisher = {PMLR}
}

@article{kober2013reinforcement,
  title     = {Reinforcement learning in robotics: A survey},
  author    = {Kober, Jens and Bagnell, J Andrew and Peters, Jan},
  journal   = {The International Journal of Robotics Research},
  volume    = {32},
  number    = {11},
  pages     = {1238--1274},
  year      = {2013},
  publisher = {SAGE Publications Sage UK: London, England}
}

@article{andrychowicz2020learning,
  title     = {Learning dexterous in-hand manipulation},
  author    = {Andrychowicz, OpenAI: Marcin and Baker, Bowen and Chociej, Maciek and Jozefowicz, Rafal and McGrew, Bob and Pachocki, Jakub and Petron, Arthur and Plappert, Matthias and Powell, Glenn and Ray, Alex and others},
  journal   = {The International Journal of Robotics Research},
  volume    = {39},
  number    = {1},
  pages     = {3--20},
  year      = {2020},
  publisher = {SAGE Publications Sage UK: London, England}
}

@inproceedings{Bi-DexHands,
  title     = {Towards human-level bimanual dexterous manipulation with reinforcement learning},
  author    = {Chen, Yuanpei and Wu, Tianhao and Wang, Shengjie and Feng, Xidong and Jiang, Jiechuan and Lu, Zongqing and McAleer, Stephen and Dong, Hao and Zhu, Song-Chun and Yang, Yaodong},
  booktitle = {Advances in Neural Information Processing Systems (NeurIPS)},
  volume    = {35},
  pages     = {5150--5163},
  year      = {2022}
}

@inproceedings{sun2024enhancing,
  title        = {Enhancing Visual Generalization in Reinforcement Learning with Cycling Augmentation},
  author       = {Sun, Shengjie and Lyu, Jiafei and Li, Lu and Guo, Jiazhe and Yan, Mengbei and Liu, Runze and Li, Xiu},
  booktitle    = {International Conference on Artificial Neural Networks},
  pages        = {397--411},
  year         = {2024},
  organization = {Springer}
}

@article{bai2025retrdex,
  author  = {Fengshuo Bai and Yu Li and Jie Chu and Tawei Chou and Runchuan Zhu and Ying Wen and Yaodong Yang and Yuanpei Chen},
  title   = {Retrieval Dexterity: Efficient Object Retrieval in Clutters with Dexterous Hand},
  journal = {arXiv preprint arXiv:2502.20113},
  year    = {2025}
}

@article{PiCor,
  author  = {Bai, Fengshuo and Zhang, Hongming and Tao, Tianyang and Wu, Zhiheng and Wang, Yanna and Xu, Bo},
  title   = {PiCor: Multi-Task Deep Reinforcement Learning with Policy Correction},
  journal = {Proceedings of the AAAI Conference on Artificial Intelligence (AAAI)},
  volume  = {37},
  number  = {6},
  year    = {2023},
  pages   = {6728-6736}
}

@article{IRD,
  title   = {Inverse reward design},
  author  = {Hadfield-Menell, Dylan and Milli, Smitha and Abbeel, Pieter and Russell, Stuart J and Dragan, Anca},
  journal = {Advances in neural information processing systems (NeurIPS)},
  volume  = {30},
  year    = {2017}
}

@article{GAIL,
  title   = {Generative adversarial imitation learning},
  author  = {Ho, Jonathan and Ermon, Stefano},
  journal = {Advances in neural information processing systems (NeurIPS)},
  volume  = {29},
  year    = {2016}
}

@article{GAIfO,
  title   = {Generative adversarial imitation from observation},
  author  = {Torabi, Faraz and Warnell, Garrett and Stone, Peter},
  journal = {arXiv preprint arXiv:1807.06158},
  year    = {2018}
}

@misc{o1,
  title  = {Learning to Reason with LLMs},
  author = {OpenAI},
  url    = {https://openai.com/index/learning-to-reason-with-llms/},
  year   = {2024}
}

@article{liu2025can,
  title   = {Can 1B LLM Surpass 405B LLM? Rethinking Compute-Optimal Test-Time Scaling},
  author  = {Runze Liu and Junqi Gao and Jian Zhao and Kaiyan Zhang and Xiu Li and Biqing Qi and Wanli Ouyang and Bowen Zhou},
  journal = {arXiv preprint arXiv:2502.06703},
  year    = {2025}
}

@inproceedings{COPO,
  title     = {Online Preference Alignment for Language Models via Count-based Exploration},
  author    = {Chenjia Bai and Yang Zhang and Shuang Qiu and Qiaosheng Zhang and Kang Xu and Xuelong Li},
  booktitle = {International Conference on Learning Representations (ICLR)},
  year      = {2025},
  url       = {https://openreview.net/forum?id=cfKZ5VrhXt}
}

@inproceedings{Meta-World,
  title     = {{Meta-World}: A Benchmark and Evaluation for Multi-Task and Meta Reinforcement Learning},
  author    = {Yu, Tianhe and Quillen, Deirdre and He, Zhanpeng and Julian, Ryan and Hausman, Karol and Finn, Chelsea and Levine, Sergey},
  booktitle = {Conference on Robot Learning (CoRL)},
  pages     = {1094--1100},
  year      = {2020},
  volume    = {100},
  publisher = {PMLR}
}

@inproceedings{ManiSkill2,
  title     = {{ManiSkill2}: A Unified Benchmark for Generalizable Manipulation Skills},
  author    = {Jiayuan Gu and Fanbo Xiang and Xuanlin Li and Zhan Ling and Xiqiang Liu and Tongzhou Mu and Yihe Tang and Stone Tao and Xinyue Wei and Yunchao Yao and Xiaodi Yuan and Pengwei Xie and Zhiao Huang and Rui Chen and Hao Su},
  booktitle = {International Conference on Learning Representations (ICLR)},
  year      = {2023},
  url       = {https://openreview.net/forum?id=b_CQDy9vrD1}
}

% Related work
@inproceedings{CLIP,
  title     = {Learning transferable visual models from natural language supervision},
  author    = {Radford, Alec and Kim, Jong Wook and Hallacy, Chris and Ramesh, Aditya and Goh, Gabriel and Agarwal, Sandhini and Sastry, Girish and Askell, Amanda and Mishkin, Pamela and Clark, Jack and others},
  booktitle = {International Conference on Machine Learning (ICML)},
  pages     = {8748--8763},
  volume    = {139},
  year      = {2021},
  series    = {Proceedings of Machine Learning Research},
  publisher = {PMLR}
}

@inproceedings{R3M,
  title     = {{R3M}: A Universal Visual Representation for Robot Manipulation},
  author    = {Nair, Suraj and Rajeswaran, Aravind and Kumar, Vikash and Finn, Chelsea and Gupta, Abhinav},
  booktitle = {Conference on Robot Learning (CoRL)},
  pages     = {892--909},
  year      = {2023},
  volume    = {205},
  series    = {Proceedings of Machine Learning Research},
  publisher = {PMLR}
}

@inproceedings{VIP,
  title     = {{VIP}: Towards Universal Visual Reward and Representation via Value-Implicit Pre-Training},
  author    = {Yecheng Jason Ma and Shagun Sodhani and Dinesh Jayaraman and Osbert Bastani and Vikash Kumar and Amy Zhang},
  booktitle = {International Conference on Learning Representations (ICLR)},
  year      = {2023},
  url       = {https://openreview.net/forum?id=YJ7o2wetJ2}
}

@inproceedings{LIV,
  title     = {{LIV}: Language-Image Representations and Rewards for Robotic Control},
  author    = {Ma, Yecheng Jason and Kumar, Vikash and Zhang, Amy and Bastani, Osbert and Jayaraman, Dinesh},
  booktitle = {International Conference on Machine Learning (ICML)},
  volume    = {202},
  pages     = {23301--23320},
  year      = {2023},
  series    = {Proceedings of Machine Learning Research},
  publisher = {PMLR}
}

@inproceedings{LAPP,
  title     = {Language-conditioned path planning},
  author    = {Xie, Amber and Lee, Youngwoon and Abbeel, Pieter and James, Stephen},
  booktitle = {Conference on Robot Learning (CORL)},
  pages     = {3384--3396},
  year      = {2023},
  volume    = {229},
  series    = {Proceedings of Machine Learning Research},
  publisher = {PMLR}
}

@article{LAMP,
  title   = {Language reward modulation for pretraining reinforcement learning},
  author  = {Adeniji, Ademi and Xie, Amber and Sferrazza, Carmelo and Seo, Younggyo and James, Stephen and Abbeel, Pieter},
  journal = {arXiv preprint arXiv:2308.12270},
  year    = {2023}
}

@inproceedings{Ego4D,
  title     = {Ego4d: Around the world in 3,000 hours of egocentric video},
  author    = {Grauman, Kristen and Westbury, Andrew and Byrne, Eugene and Chavis, Zachary and Furnari, Antonino and Girdhar, Rohit and Hamburger, Jackson and Jiang, Hao and Liu, Miao and Liu, Xingyu and others},
  booktitle = {Proceedings of the IEEE/CVF Conference on Computer Vision and Pattern Recognition (CVPR)},
  pages     = {18995--19012},
  year      = {2022}
}

@inproceedings{EpicKitchen,
  title     = {Scaling egocentric vision: The epic-kitchens dataset},
  author    = {Damen, Dima and Doughty, Hazel and Farinella, Giovanni Maria and Fidler, Sanja and Furnari, Antonino and Kazakos, Evangelos and Moltisanti, Davide and Munro, Jonathan and Perrett, Toby and Price, Will and others},
  booktitle = {Proceedings of the European conference on computer vision (ECCV)},
  pages     = {720--736},
  year      = {2018}
}

@inproceedings{VLM-RM,
  title     = {Vision-Language Models are Zero-Shot Reward Models for Reinforcement Learning},
  author    = {Juan Rocamonde and Victoriano Montesinos and Elvis Nava and Ethan Perez and David Lindner},
  booktitle = {International Conference on Learning Representations (ICLR)},
  year      = {2024},
  url       = {https://openreview.net/forum?id=N0I2RtD8je}
}

@inproceedings{S3D,
  title     = {Rethinking spatiotemporal feature learning: Speed-accuracy trade-offs in video classification},
  author    = {Xie, Saining and Sun, Chen and Huang, Jonathan and Tu, Zhuowen and Murphy, Kevin},
  booktitle = {Proceedings of the European conference on computer vision (ECCV)},
  pages     = {305--321},
  year      = {2018}
}

@inproceedings{HowTo100M,
  title     = {Howto100m: Learning a text-video embedding by watching hundred million narrated video clips},
  author    = {Miech, Antoine and Zhukov, Dimitri and Alayrac, Jean-Baptiste and Tapaswi, Makarand and Laptev, Ivan and Sivic, Josef},
  booktitle = {Proceedings of the IEEE/CVF international conference on computer vision (ICCV)},
  pages     = {2630--2640},
  year      = {2019}
}

@inproceedings{RoboCLIP,
  title     = {RoboCLIP: One demonstration is enough to learn robot policies},
  author    = {Sontakke, Sumedh and Zhang, Jesse and Arnold, S{\'e}b and Pertsch, Karl and B{\i}y{\i}k, Erdem and Sadigh, Dorsa and Finn, Chelsea and Itti, Laurent},
  booktitle = {Advances in Neural Information Processing Systems (NeurIPS)},
  volume    = {36},
  pages     = {55681--55693},
  year      = {2023}
}

@inproceedings{RL-VLM-F,
  title     = {{RL-VLM-F}: Reinforcement Learning from Vision Language Foundation Model Feedback},
  author    = {Wang, Yufei and Sun, Zhanyi and Zhang, Jesse and Xian, Zhou and Biyik, Erdem and Held, David and Erickson, Zackory},
  booktitle = {International Conference on Machine Learning (ICML)},
  year      = {2024}
}

@article{CriticGPT,
  title   = {Enhancing Robotic Manipulation with AI Feedback from Multimodal Large Language Models},
  author  = {Liu, Jinyi and Yuan, Yifu and Hao, Jianye and Ni, Fei and Fu, Lingzhi and Chen, Yibin and Zheng, Yan},
  journal = {arXiv preprint arXiv:2402.14245},
  year    = {2024}
}

% Related work: PbRL
@article{BTModel,
  title     = {Rank Analysis of Incomplete Block Designs: I. The Method of Paired Comparisons},
  author    = {Bradley, Ralph Allan and Terry, Milton E},
  journal   = {Biometrika},
  volume    = {39},
  number    = {3/4},
  pages     = {324--345},
  year      = {1952},
  publisher = {JSTOR}
}

@inproceedings{christiano2017deep,
  title     = {Deep Reinforcement Learning from Human Preferences},
  author    = {Christiano, Paul F and Leike, Jan and Brown, Tom and Martic, Miljan and Legg, Shane and Amodei, Dario},
  booktitle = {Advances in Neural Information Processing Systems (NeurIPS)},
  volume    = {30},
  year      = {2017}
}

@inproceedings{ibarz2018reward,
  author    = {Ibarz, Borja and Leike, Jan and Pohlen, Tobias and Irving, Geoffrey and Legg, Shane and Amodei, Dario},
  booktitle = {Advances in Neural Information Processing Systems (NeurIPS)},
  publisher = {Curran Associates, Inc.},
  title     = {Reward learning from human preferences and demonstrations in Atari},
  volume    = {31},
  year      = {2018}
}

@inproceedings{PEBBLE,
  title     = {{PEBBLE}: Feedback-Efficient Interactive Reinforcement Learning via Relabeling Experience and Unsupervised Pre-training},
  author    = {Lee, Kimin and Smith, Laura M and Abbeel, Pieter},
  booktitle = {International Conference on Machine Learning (ICML)},
  pages     = {6152--6163},
  year      = {2021},
  volume    = {139}
}

@inproceedings{B-Pref,
  title     = {{B-Pref}: Benchmarking Preference-Based Reinforcement Learning},
  author    = {Lee, Kimin and Smith, Laura and Dragan, Anca and Abbeel, Pieter},
  booktitle = {Advances in Neural Information Processing Systems Track on Datasets and Benchmarks (NeurIPS)},
  volume    = {1},
  year      = {2021}
}

@inproceedings{SURF,
  title     = {{SURF}: Semi-supervised Reward Learning with Data Augmentation for Feedback-efficient Preference-based Reinforcement Learning},
  author    = {Jongjin Park and Younggyo Seo and Jinwoo Shin and Honglak Lee and Pieter Abbeel and Kimin Lee},
  booktitle = {International Conference on Learning Representations (ICLR)},
  year      = {2022}
}

@inproceedings{RUNE,
  title     = {Reward Uncertainty for Exploration in Preference-based Reinforcement Learning},
  author    = {Xinran Liang and Katherine Shu and Kimin Lee and Pieter Abbeel},
  booktitle = {International Conference on Learning Representations (ICLR)},
  year      = {2022}
}

@inproceedings{Meta-Reward-Net,
  title     = {{Meta-Reward-Net}: Implicitly Differentiable Reward Learning for Preference-based Reinforcement Learning},
  author    = {Liu, Runze and Bai, Fengshuo and Du, Yali and Yang, Yaodong},
  booktitle = {Advances in Neural Information Processing Systems (NeurIPS)},
  volume    = {35},
  pages     = {22270--22284},
  year      = {2022}
}

@inproceedings{hejna2023few,
  title        = {Few-shot preference learning for human-in-the-loop RL},
  author       = {Hejna III, Donald Joseph and Sadigh, Dorsa},
  booktitle    = {Conference on Robot Learning (CORL)},
  pages        = {2014--2025},
  year         = {2023},
  organization = {PMLR}
}

@article{SEER,
  title   = {Efficient Preference-based Reinforcement Learning via Aligned Experience Estimation},
  author  = {Bai, Fengshuo and Zhao, Rui and Zhang, Hongming and Cui, Sijia and Wen, Ying and Yang, Yaodong and Xu, Bo and Han, Lei},
  journal = {arXiv preprint arXiv:2405.18688},
  year    = {2024}
}

@inproceedings{RAT,
  title     = {{RAT}: Adversarial Attacks on Deep Reinforcement Agents for Targeted Behaviors},
  author    = {Fengshuo Bai and Runze Liu and Yali Du and Ying Wen and Yaodong Yang},
  booktitle = {Proceedings of the AAAI Conference on Artificial Intelligence (AAAI)},
  year      = {2025}
}

@article{PrefCLM,
  title   = {{PrefCLM}: Enhancing Preference-Based Reinforcement Learning With Crowdsourced Large Language Models},
  author  = {Wang, Ruiqi and Zhao, Dezhong and Yuan, Ziqin and Obi, Ike and Min, Byung-Cheol},
  journal = {IEEE Robotics and Automation Letters (RAL)},
  volume  = {10},
  number  = {3},
  pages   = {2486-2493},
  year    = {2025}
}

@inproceedings{PT,
  title     = {Preference Transformer: Modeling Human Preferences using Transformers for RL},
  author    = {Kim, Changyeon and Park, Jongjin and Shin, Jinwoo and Lee, Honglak and Abbeel, Pieter and Lee, Kimin},
  booktitle = {International Conference on Learning Representations (ICLR)},
  year      = {2023}
}

@inproceedings{OPPO,
  title     = {Beyond Reward: Offline Preference-guided Policy Optimization},
  author    = {Kang, Yachen and Shi, Diyuan and Liu, Jinxin and He, Li and Wang, Donglin},
  booktitle = {International Conference on Machine Learning (ICML)},
  pages     = {15753--15768},
  year      = {2023},
  volume    = {202}
}

@inproceedings{IPL,
  title     = {Inverse Preference Learning: Preference-based {RL} without a Reward Function},
  author    = {Joey Hejna and Dorsa Sadigh},
  booktitle = {Advances in Neural Information Processing Systems (NeurIPS)},
  year      = {2023},
  url       = {https://openreview.net/forum?id=gAP52Z2dar}
}

@inproceedings{CPL,
  title     = {Contrastive Preference Learning: Learning from Human Feedback without Reinforcement Learning},
  author    = {Joey Hejna and Rafael Rafailov and Harshit Sikchi and Chelsea Finn and Scott Niekum and W. Bradley Knox and Dorsa Sadigh},
  booktitle = {International Conference on Learning Representations (ICLR)},
  year      = {2024},
  url       = {https://openreview.net/forum?id=iX1RjVQODj}
}

@inproceedings{FTB,
  title     = {Flow to Better: Offline Preference-based Reinforcement Learning via Preferred Trajectory Generation},
  author    = {Zhilong Zhang and Yihao Sun and Junyin Ye and Tian-Shuo Liu and Jiaji Zhang and Yang Yu},
  booktitle = {International Conference on Learning Representations (ICLR)},
  year      = {2024},
  url       = {https://openreview.net/forum?id=EG68RSznLT}
}

@inproceedings{PEARL,
  title     = {{PEARL}: Zero-shot Cross-task Preference Alignment and Robust Reward Learning for Robotic Manipulation},
  author    = {Runze Liu and Yali Du and Fengshuo Bai and Jiafei Lyu and Xiu Li},
  booktitle = {International Conference on Machine Learning (ICML)},
  year      = {2024},
  url       = {https://openreview.net/forum?id=0urN0PnNDj}
}

@inproceedings{CAMP,
  title     = {Regularized Conditional Diffusion Model for Multi-Task Preference Alignment},
  author    = {Xudong Yu and Chenjia Bai and Haoran He and Changhong Wang and Xuelong Li},
  booktitle = {Advances in Neural Information Processing Systems (NeurIPS)},
  year      = {2024},
  url       = {https://openreview.net/forum?id=YCS0xGFrb4}
}

@book{sutton2018reinforcement,
  title     = {Reinforcement learning: An introduction},
  author    = {Sutton, Richard S and Barto, Andrew G},
  year      = {2018},
  publisher = {MIT press}
}

% Offline RL
@article{levine2020offline,
  title   = {Offline reinforcement learning: Tutorial, review, and perspectives on open problems},
  author  = {Levine, Sergey and Kumar, Aviral and Tucker, George and Fu, Justin},
  journal = {arXiv preprint arXiv:2005.01643},
  year    = {2020}
}

@inproceedings{IQL,
  title     = {Offline Reinforcement Learning with Implicit Q-Learning},
  author    = {Ilya Kostrikov and Ashvin Nair and Sergey Levine},
  booktitle = {International Conference on Learning Representations (ICLR)},
  year      = {2022},
  url       = {https://openreview.net/forum?id=68n2s9ZJWF8}
}

@inproceedings{SEABO,
  title     = {{SEABO}: A Simple Search-Based Method for Offline Imitation Learning},
  author    = {Jiafei Lyu and Xiaoteng Ma and Le Wan and Runze Liu and Xiu Li and Zongqing Lu},
  booktitle = {International Conference on Learning Representations (ICLR)},
  year      = {2024},
  url       = {https://openreview.net/forum?id=MNyOI3C7YB}
}

@inproceedings{OTDF,
  title     = {Cross-Domain Offline Policy Adaptation with Optimal Transport and Dataset Constraint},
  author    = {Jiafei Lyu and Mengbei Yan and Zhongjian Qiao and Runze Liu and Xiaoteng Ma and Deheng Ye and Jing-Wen Yang and Zongqing Lu and Xiu Li},
  booktitle = {International Conference on Learning Representations (ICLR)},
  year      = {2025},
  url       = {https://openreview.net/forum?id=LRrbD8EZJl}
}

@misc{ChatGPT,
  title  = {{ChatGPT}},
  author = {OpenAI},
  year   = {2022},
  url    = {https://openai.com/blog/chatgpt}
}

@misc{GPT-4,
  title  = {{GPT-4}},
  author = {OpenAI},
  year   = {2023},
  url    = {https://openai.com/research/gpt-4}
}

@misc{GPT-4V,
  title  = {{GPT-4V}(ision) system card},
  author = {OpenAI},
  year   = {2023},
  url    = {https://openai.com/index/gpt-4v-system-card}
}

@article{Gemini,
  title   = {Gemini: a family of highly capable multimodal models},
  author  = {Team, Gemini and Anil, Rohan and Borgeaud, Sebastian and Wu, Yonghui and Alayrac, Jean-Baptiste and Yu, Jiahui and Soricut, Radu and Schalkwyk, Johan and Dai, Andrew M and Hauth, Anja and others},
  journal = {arXiv preprint arXiv:2312.11805},
  year    = {2023}
}

@inproceedings{RLHF-1,
  title     = {Training language models to follow instructions with human feedback},
  author    = {Ouyang, Long and Wu, Jeffrey and Jiang, Xu and Almeida, Diogo and Wainwright, Carroll and Mishkin, Pamela and Zhang, Chong and Agarwal, Sandhini and Slama, Katarina and Ray, Alex and others},
  booktitle = {Advances in Neural Information Processing Systems (NeurIPS)},
  volume    = {35},
  pages     = {27730--27744},
  year      = {2022}
}

@article{RLHF-2,
  title   = {Training a helpful and harmless assistant with reinforcement learning from human feedback},
  author  = {Bai, Yuntao and Jones, Andy and Ndousse, Kamal and Askell, Amanda and Chen, Anna and DasSarma, Nova and Drain, Dawn and Fort, Stanislav and Ganguli, Deep and Henighan, Tom and others},
  journal = {arXiv preprint arXiv:2204.05862},
  year    = {2022}
}

@article{yang2023using,
  title   = {Using Human Feedback to Fine-tune Diffusion Models without Any Reward Model},
  author  = {Yang, Kai and Tao, Jian and Lyu, Jiafei and Ge, Chunjiang and Chen, Jiaxin and Li, Qimai and Shen, Weihan and Zhu, Xiaolong and Li, Xiu},
  journal = {arXiv preprint arXiv:2311.13231},
  year    = {2023}
}

@article{ahmadian2024back,
  title   = {Back to Basics: Revisiting REINFORCE Style Optimization for Learning from Human Feedback in LLMs},
  author  = {Ahmadian, Arash and Cremer, Chris and Gall{\'e}, Matthias and Fadaee, Marzieh and Kreutzer, Julia and {\"U}st{\"u}n, Ahmet and Hooker, Sara},
  journal = {arXiv preprint arXiv:2402.14740},
  year    = {2024}
}

@article{DPO,
  title   = {Direct preference optimization: Your language model is secretly a reward model},
  author  = {Rafailov, Rafael and Sharma, Archit and Mitchell, Eric and Manning, Christopher D and Ermon, Stefano and Finn, Chelsea},
  journal = {Advances in Neural Information Processing Systems (NeurIPS)},
  volume  = {36},
  year    = {2023}
}

@article{rewardbench,
  title   = {{Rewardbench}: Evaluating reward models for language modeling},
  author  = {Lambert, Nathan and Pyatkin, Valentina and Morrison, Jacob and Miranda, LJ and Lin, Bill Yuchen and Chandu, Khyathi and Dziri, Nouha and Kumar, Sachin and Zick, Tom and Choi, Yejin and others},
  journal = {arXiv preprint arXiv:2403.13787},
  year    = {2024}
}

@inproceedings{zero-shot,
  title        = {Language models as zero-shot planners: Extracting actionable knowledge for embodied agents},
  author       = {Huang, Wenlong and Abbeel, Pieter and Pathak, Deepak and Mordatch, Igor},
  booktitle    = {International Conference on Machine Learning (ICML)},
  pages        = {9118--9147},
  year         = {2022},
  organization = {PMLR}
}

@article{gpt4robot,
  title   = {Chatgpt for robotics: Design principles and model abilities},
  author  = {Vemprala, Sai and Bonatti, Rogerio and Bucker, Arthur and Kapoor, Ashish},
  journal = {Microsoft Auton. Syst. Robot. Res},
  volume  = {2},
  pages   = {20},
  year    = {2023}
}

@article{llama2,
  title   = {{Llama 2}: Open foundation and fine-tuned chat models},
  author  = {Touvron, Hugo and Martin, Louis and Stone, Kevin and Albert, Peter and Almahairi, Amjad and Babaei, Yasmine and Bashlykov, Nikolay and Batra, Soumya and Bhargava, Prajjwal and Bhosale, Shruti and others},
  journal = {arXiv preprint arXiv:2307.09288},
  year    = {2023}
}

@article{llama1,
  title   = {{Llama}: Open and efficient foundation language models},
  author  = {Touvron, Hugo and Lavril, Thibaut and Izacard, Gautier and Martinet, Xavier and Lachaux, Marie-Anne and Lacroix, Timoth{\'e}e and Rozi{\`e}re, Baptiste and Goyal, Naman and Hambro, Eric and Azhar, Faisal and others},
  journal = {arXiv preprint arXiv:2302.13971},
  year    = {2023}
}

@article{palm,
  title   = {{Palm}: Scaling language modeling with pathways},
  author  = {Chowdhery, Aakanksha and Narang, Sharan and Devlin, Jacob and Bosma, Maarten and Mishra, Gaurav and Roberts, Adam and Barham, Paul and Chung, Hyung Won and Sutton, Charles and Gehrmann, Sebastian and others},
  journal = {Journal of Machine Learning Research},
  volume  = {24},
  number  = {240},
  pages   = {1--113},
  year    = {2023}
}

@inproceedings{RT-2,
  title     = {{RT}-2: Vision-Language-Action Models Transfer Web Knowledge to Robotic Control},
  author    = {Brianna Zitkovich and Tianhe Yu and Sichun Xu and Peng Xu and Ted Xiao and Fei Xia and Jialin Wu and Paul Wohlhart and Stefan Welker and Ayzaan Wahid and Quan Vuong and Vincent Vanhoucke and Huong Tran and Radu Soricut and Anikait Singh and Jaspiar Singh and Pierre Sermanet and Pannag R Sanketi and Grecia Salazar and Michael S Ryoo and Krista Reymann and Kanishka Rao and Karl Pertsch and Igor Mordatch and Henryk Michalewski and Yao Lu and Sergey Levine and Lisa Lee and Tsang-Wei Edward Lee and Isabel Leal and Yuheng Kuang and Dmitry Kalashnikov and Ryan Julian and Nikhil J Joshi and Alex Irpan and brian ichter and Jasmine Hsu and Alexander Herzog and Karol Hausman and Keerthana Gopalakrishnan and Chuyuan Fu and Pete Florence and Chelsea Finn and Kumar Avinava Dubey and Danny Driess and Tianli Ding and Krzysztof Marcin Choromanski and Xi Chen and Yevgen Chebotar and Justice Carbajal and Noah Brown and Anthony Brohan and Montserrat Gonzalez Arenas and Kehang Han},
  booktitle = {Conference on Robot Learning (CORL)},
  volume    = {229},
  pages     = {2165--2183},
  year      = {2023},
  series    = {Proceedings of Machine Learning Research},
  publisher = {PMLR}
}

@article{driess2023palme,
  title   = {{Palm-e}: An embodied multimodal language model},
  author  = {Driess, Danny and Xia, Fei and Sajjadi, Mehdi SM and Lynch, Corey and Chowdhery, Aakanksha and Ichter, Brian and Wahid, Ayzaan and Tompson, Jonathan and Vuong, Quan and Yu, Tianhe and others},
  journal = {arXiv preprint arXiv:2303.03378},
  year    = {2023}
}

@inproceedings{EmbodiedGPT,
  title     = {Embodied{GPT}: Vision-Language Pre-Training via Embodied Chain of Thought},
  author    = {Yao Mu and Qinglong Zhang and Mengkang Hu and Wenhai Wang and Mingyu Ding and Jun Jin and Bin Wang and Jifeng Dai and Yu Qiao and Ping Luo},
  booktitle = {Advances in Neural Information Processing Systems (NeurIPS)},
  year      = {2023},
  url       = {https://openreview.net/forum?id=IL5zJqfxAa}
}

@inproceedings{video-llama,
  title     = {{Video-LLaMA}: An Instruction-tuned Audio-Visual Language Model for Video Understanding},
  author    = {Zhang, Hang and Li, Xin and Bing, Lidong},
  booktitle = {Proceedings of the 2023 Conference on Empirical Methods in Natural Language Processing: System Demonstrations},
  pages     = {543--553},
  year      = {2023}
}

@article{VideoChat,
  title   = {{Videochat}: Chat-centric video understanding},
  author  = {Li, KunChang and He, Yinan and Wang, Yi and Li, Yizhuo and Wang, Wenhai and Luo, Ping and Wang, Yali and Wang, Limin and Qiao, Yu},
  journal = {arXiv preprint arXiv:2305.06355},
  year    = {2023}
}

@inproceedings{llava,
  title     = {Visual Instruction Tuning},
  author    = {Haotian Liu and Chunyuan Li and Qingyang Wu and Yong Jae Lee},
  booktitle = {Advances in Neural Information Processing Systems (NeurIPS)},
  year      = {2023},
  url       = {https://openreview.net/forum?id=w0H2xGHlkw}
}

@article{Mm-vid,
  title   = {Mm-vid: Advancing video understanding with gpt-4v (ision)},
  author  = {Lin, Kevin and Ahmed, Faisal and Li, Linjie and Lin, Chung-Ching and Azarnasab, Ehsan and Yang, Zhengyuan and Wang, Jianfeng and Liang, Lin and Liu, Zicheng and Lu, Yumao and others},
  journal = {arXiv preprint arXiv:2310.19773},
  year    = {2023}
}

@inproceedings{Text2Reward,
  title     = {{Text2Reward}: Reward Shaping with Language Models for Reinforcement Learning},
  author    = {Tianbao Xie and Siheng Zhao and Chen Henry Wu and Yitao Liu and Qian Luo and Victor Zhong and Yanchao Yang and Tao Yu},
  booktitle = {International Conference on Learning Representations (ICLR)},
  year      = {2024},
  url       = {https://openreview.net/forum?id=tUM39YTRxH}
}

@inproceedings{Eureka,
  title     = {Eureka: Human-Level Reward Design via Coding Large Language Models},
  author    = {Yecheng Jason Ma and William Liang and Guanzhi Wang and De-An Huang and Osbert Bastani and Dinesh Jayaraman and Yuke Zhu and Linxi Fan and Anima Anandkumar},
  booktitle = {International Conference on Learning Representations (ICLR)},
  year      = {2024},
  url       = {https://openreview.net/forum?id=IEduRUO55F}
}

@article{CARD,
  title   = {A Large Language Model-Driven Reward Design Framework via Dynamic Feedback for Reinforcement Learning},
  author  = {Sun, Shengjie and Liu, Runze and Lyu, Jiafei and Yang, Jing-Wen and Zhang, Liangpeng and Li, Xiu},
  journal = {arXiv preprint arXiv:2410.14660},
  year    = {2024}
}

@article{CLIP4Clip,
  title     = {{CLIP4Clip}: An empirical study of clip for end to end video clip retrieval and captioning},
  author    = {Luo, Huaishao and Ji, Lei and Zhong, Ming and Chen, Yang and Lei, Wen and Duan, Nan and Li, Tianrui},
  journal   = {Neurocomputing},
  volume    = {508},
  pages     = {293--304},
  year      = {2022},
  publisher = {Elsevier}
}

@inproceedings{EPIC,
  title     = {Quantifying Differences in Reward Functions},
  author    = {Adam Gleave and Michael D Dennis and Shane Legg and Stuart Russell and Jan Leike},
  booktitle = {International Conference on Learning Representations (ICLR)},
  year      = {2021},
  url       = {https://openreview.net/forum?id=LwEQnp6CYev}
}

@inproceedings{unipi,
  title     = {Learning Universal Policies via Text-Guided Video Generation},
  author    = {Yilun Du and Sherry Yang and Bo Dai and Hanjun Dai and Ofir Nachum and Joshua B. Tenenbaum and Dale Schuurmans and Pieter Abbeel},
  booktitle = {Advances in Neural Information Processing Systems (NeurIPS)},
  year      = {2023},
  url       = {https://openreview.net/forum?id=bo8q5MRcwy}
}

@inproceedings{ajay2023is,
  title     = {Is Conditional Generative Modeling all you need for Decision Making?},
  author    = {Anurag Ajay and Yilun Du and Abhi Gupta and Joshua B. Tenenbaum and Tommi S. Jaakkola and Pulkit Agrawal},
  booktitle = {International Conference on Learning Representations (ICLR)},
  year      = {2023},
  url       = {https://openreview.net/forum?id=sP1fo2K9DFG}
}

@inproceedings{wang2023is,
  title     = {Is RLHF More Difficult than Standard RL? A Theoretical Perspective},
  author    = {Yuanhao Wang and Qinghua Liu and Chi Jin},
  booktitle = {Advances in Neural Information Processing Systems (NeurIPS)},
  year      = {2023},
  url       = {https://openreview.net/forum?id=sxZLrBqg50}
}

@inproceedings{cai20d,
  title     = {Provably Efficient Exploration in Policy Optimization},
  author    = {Cai, Qi and Yang, Zhuoran and Jin, Chi and Wang, Zhaoran},
  booktitle = {International Conference on Machine Learning (ICML)},
  pages     = {1283--1294},
  year      = {2020}
}
