@inproceedings{CAMP,
  title     = {Regularized Conditional Diffusion Model for Multi-Task Preference Alignment},
  author    = {Xudong Yu and Chenjia Bai and Haoran He and Changhong Wang and Xuelong Li},
  booktitle = {Advances in Neural Information Processing Systems (NeurIPS)},
  year      = {2024},
  url       = {https://openreview.net/forum?id=YCS0xGFrb4}
}

@inproceedings{CLIP,
  title     = {Learning transferable visual models from natural language supervision},
  author    = {Radford, Alec and Kim, Jong Wook and Hallacy, Chris and Ramesh, Aditya and Goh, Gabriel and Agarwal, Sandhini and Sastry, Girish and Askell, Amanda and Mishkin, Pamela and Clark, Jack and others},
  booktitle = {International Conference on Machine Learning (ICML)},
  pages     = {8748--8763},
  volume    = {139},
  year      = {2021},
  series    = {Proceedings of Machine Learning Research},
  publisher = {PMLR}
}

@inproceedings{CPL,
  title     = {Contrastive Preference Learning: Learning from Human Feedback without Reinforcement Learning},
  author    = {Joey Hejna and Rafael Rafailov and Harshit Sikchi and Chelsea Finn and Scott Niekum and W. Bradley Knox and Dorsa Sadigh},
  booktitle = {International Conference on Learning Representations (ICLR)},
  year      = {2024},
  url       = {https://openreview.net/forum?id=iX1RjVQODj}
}

@article{CriticGPT,
  title   = {Enhancing Robotic Manipulation with AI Feedback from Multimodal Large Language Models},
  author  = {Liu, Jinyi and Yuan, Yifu and Hao, Jianye and Ni, Fei and Fu, Lingzhi and Chen, Yibin and Zheng, Yan},
  journal = {arXiv preprint arXiv:2402.14245},
  year    = {2024}
}

@inproceedings{Ego4D,
  title     = {Ego4d: Around the world in 3,000 hours of egocentric video},
  author    = {Grauman, Kristen and Westbury, Andrew and Byrne, Eugene and Chavis, Zachary and Furnari, Antonino and Girdhar, Rohit and Hamburger, Jackson and Jiang, Hao and Liu, Miao and Liu, Xingyu and others},
  booktitle = {Proceedings of the IEEE/CVF Conference on Computer Vision and Pattern Recognition (CVPR)},
  pages     = {18995--19012},
  year      = {2022}
}

@inproceedings{EpicKitchen,
  title     = {Scaling egocentric vision: The epic-kitchens dataset},
  author    = {Damen, Dima and Doughty, Hazel and Farinella, Giovanni Maria and Fidler, Sanja and Furnari, Antonino and Kazakos, Evangelos and Moltisanti, Davide and Munro, Jonathan and Perrett, Toby and Price, Will and others},
  booktitle = {Proceedings of the European conference on computer vision (ECCV)},
  pages     = {720--736},
  year      = {2018}
}

@inproceedings{FTB,
  title     = {Flow to Better: Offline Preference-based Reinforcement Learning via Preferred Trajectory Generation},
  author    = {Zhilong Zhang and Yihao Sun and Junyin Ye and Tian-Shuo Liu and Jiaji Zhang and Yang Yu},
  booktitle = {International Conference on Learning Representations (ICLR)},
  year      = {2024},
  url       = {https://openreview.net/forum?id=EG68RSznLT}
}

@misc{GPT-4V,
  title  = {{GPT-4V}(ision) system card},
  author = {OpenAI},
  year   = {2023},
  url    = {https://openai.com/index/gpt-4v-system-card}
}

@article{Gemini,
  title   = {Gemini: a family of highly capable multimodal models},
  author  = {Team, Gemini and Anil, Rohan and Borgeaud, Sebastian and Wu, Yonghui and Alayrac, Jean-Baptiste and Yu, Jiahui and Soricut, Radu and Schalkwyk, Johan and Dai, Andrew M and Hauth, Anja and others},
  journal = {arXiv preprint arXiv:2312.11805},
  year    = {2023}
}

@inproceedings{HowTo100M,
  title     = {Howto100m: Learning a text-video embedding by watching hundred million narrated video clips},
  author    = {Miech, Antoine and Zhukov, Dimitri and Alayrac, Jean-Baptiste and Tapaswi, Makarand and Laptev, Ivan and Sivic, Josef},
  booktitle = {Proceedings of the IEEE/CVF international conference on computer vision (ICCV)},
  pages     = {2630--2640},
  year      = {2019}
}

@inproceedings{IPL,
  title     = {Inverse Preference Learning: Preference-based {RL} without a Reward Function},
  author    = {Joey Hejna and Dorsa Sadigh},
  booktitle = {Advances in Neural Information Processing Systems (NeurIPS)},
  year      = {2023},
  url       = {https://openreview.net/forum?id=gAP52Z2dar}
}

@inproceedings{IQL,
  title     = {Offline Reinforcement Learning with Implicit Q-Learning},
  author    = {Ilya Kostrikov and Ashvin Nair and Sergey Levine},
  booktitle = {International Conference on Learning Representations (ICLR)},
  year      = {2022},
  url       = {https://openreview.net/forum?id=68n2s9ZJWF8}
}

@inproceedings{LIV,
  title     = {{LIV}: Language-Image Representations and Rewards for Robotic Control},
  author    = {Ma, Yecheng Jason and Kumar, Vikash and Zhang, Amy and Bastani, Osbert and Jayaraman, Dinesh},
  booktitle = {International Conference on Machine Learning (ICML)},
  volume    = {202},
  pages     = {23301--23320},
  year      = {2023},
  series    = {Proceedings of Machine Learning Research},
  publisher = {PMLR}
}

@inproceedings{Meta-Reward-Net,
  title     = {{Meta-Reward-Net}: Implicitly Differentiable Reward Learning for Preference-based Reinforcement Learning},
  author    = {Liu, Runze and Bai, Fengshuo and Du, Yali and Yang, Yaodong},
  booktitle = {Advances in Neural Information Processing Systems (NeurIPS)},
  volume    = {35},
  pages     = {22270--22284},
  year      = {2022}
}

@inproceedings{OPPO,
  title     = {Beyond Reward: Offline Preference-guided Policy Optimization},
  author    = {Kang, Yachen and Shi, Diyuan and Liu, Jinxin and He, Li and Wang, Donglin},
  booktitle = {International Conference on Machine Learning (ICML)},
  pages     = {15753--15768},
  year      = {2023},
  volume    = {202}
}

@inproceedings{OTDF,
  title     = {Cross-Domain Offline Policy Adaptation with Optimal Transport and Dataset Constraint},
  author    = {Jiafei Lyu and Mengbei Yan and Zhongjian Qiao and Runze Liu and Xiaoteng Ma and Deheng Ye and Jing-Wen Yang and Zongqing Lu and Xiu Li},
  booktitle = {International Conference on Learning Representations (ICLR)},
  year      = {2025},
  url       = {https://openreview.net/forum?id=LRrbD8EZJl}
}

@inproceedings{PEARL,
  title     = {{PEARL}: Zero-shot Cross-task Preference Alignment and Robust Reward Learning for Robotic Manipulation},
  author    = {Runze Liu and Yali Du and Fengshuo Bai and Jiafei Lyu and Xiu Li},
  booktitle = {International Conference on Machine Learning (ICML)},
  year      = {2024},
  url       = {https://openreview.net/forum?id=0urN0PnNDj}
}

@inproceedings{PEBBLE,
  title     = {{PEBBLE}: Feedback-Efficient Interactive Reinforcement Learning via Relabeling Experience and Unsupervised Pre-training},
  author    = {Lee, Kimin and Smith, Laura M and Abbeel, Pieter},
  booktitle = {International Conference on Machine Learning (ICML)},
  pages     = {6152--6163},
  year      = {2021},
  volume    = {139}
}

@inproceedings{PT,
  title     = {Preference Transformer: Modeling Human Preferences using Transformers for RL},
  author    = {Kim, Changyeon and Park, Jongjin and Shin, Jinwoo and Lee, Honglak and Abbeel, Pieter and Lee, Kimin},
  booktitle = {International Conference on Learning Representations (ICLR)},
  year      = {2023}
}

@article{PiCor,
  author  = {Bai, Fengshuo and Zhang, Hongming and Tao, Tianyang and Wu, Zhiheng and Wang, Yanna and Xu, Bo},
  title   = {PiCor: Multi-Task Deep Reinforcement Learning with Policy Correction},
  journal = {Proceedings of the AAAI Conference on Artificial Intelligence (AAAI)},
  volume  = {37},
  number  = {6},
  year    = {2023},
  pages   = {6728-6736}
}

@inproceedings{R3M,
  title     = {{R3M}: A Universal Visual Representation for Robot Manipulation},
  author    = {Nair, Suraj and Rajeswaran, Aravind and Kumar, Vikash and Finn, Chelsea and Gupta, Abhinav},
  booktitle = {Conference on Robot Learning (CoRL)},
  pages     = {892--909},
  year      = {2023},
  volume    = {205},
  series    = {Proceedings of Machine Learning Research},
  publisher = {PMLR}
}

@inproceedings{RAT,
  title     = {{RAT}: Adversarial Attacks on Deep Reinforcement Agents for Targeted Behaviors},
  author    = {Fengshuo Bai and Runze Liu and Yali Du and Ying Wen and Yaodong Yang},
  booktitle = {Proceedings of the AAAI Conference on Artificial Intelligence (AAAI)},
  year      = {2025}
}

@inproceedings{RL-VLM-F,
  title     = {{RL-VLM-F}: Reinforcement Learning from Vision Language Foundation Model Feedback},
  author    = {Wang, Yufei and Sun, Zhanyi and Zhang, Jesse and Xian, Zhou and Biyik, Erdem and Held, David and Erickson, Zackory},
  booktitle = {International Conference on Machine Learning (ICML)},
  year      = {2024}
}

@inproceedings{RUNE,
  title     = {Reward Uncertainty for Exploration in Preference-based Reinforcement Learning},
  author    = {Xinran Liang and Katherine Shu and Kimin Lee and Pieter Abbeel},
  booktitle = {International Conference on Learning Representations (ICLR)},
  year      = {2022}
}

@inproceedings{RoboCLIP,
  title     = {RoboCLIP: One demonstration is enough to learn robot policies},
  author    = {Sontakke, Sumedh and Zhang, Jesse and Arnold, S{\'e}b and Pertsch, Karl and B{\i}y{\i}k, Erdem and Sadigh, Dorsa and Finn, Chelsea and Itti, Laurent},
  booktitle = {Advances in Neural Information Processing Systems (NeurIPS)},
  volume    = {36},
  pages     = {55681--55693},
  year      = {2023}
}

@inproceedings{S3D,
  title     = {Rethinking spatiotemporal feature learning: Speed-accuracy trade-offs in video classification},
  author    = {Xie, Saining and Sun, Chen and Huang, Jonathan and Tu, Zhuowen and Murphy, Kevin},
  booktitle = {Proceedings of the European conference on computer vision (ECCV)},
  pages     = {305--321},
  year      = {2018}
}

@inproceedings{SEABO,
  title     = {{SEABO}: A Simple Search-Based Method for Offline Imitation Learning},
  author    = {Jiafei Lyu and Xiaoteng Ma and Le Wan and Runze Liu and Xiu Li and Zongqing Lu},
  booktitle = {International Conference on Learning Representations (ICLR)},
  year      = {2024},
  url       = {https://openreview.net/forum?id=MNyOI3C7YB}
}

@article{SEER,
  title   = {Efficient Preference-based Reinforcement Learning via Aligned Experience Estimation},
  author  = {Bai, Fengshuo and Zhao, Rui and Zhang, Hongming and Cui, Sijia and Wen, Ying and Yang, Yaodong and Xu, Bo and Han, Lei},
  journal = {arXiv preprint arXiv:2405.18688},
  year    = {2024}
}

@inproceedings{SURF,
  title     = {{SURF}: Semi-supervised Reward Learning with Data Augmentation for Feedback-efficient Preference-based Reinforcement Learning},
  author    = {Jongjin Park and Younggyo Seo and Jinwoo Shin and Honglak Lee and Pieter Abbeel and Kimin Lee},
  booktitle = {International Conference on Learning Representations (ICLR)},
  year      = {2022}
}

@inproceedings{VIP,
  title     = {{VIP}: Towards Universal Visual Reward and Representation via Value-Implicit Pre-Training},
  author    = {Yecheng Jason Ma and Shagun Sodhani and Dinesh Jayaraman and Osbert Bastani and Vikash Kumar and Amy Zhang},
  booktitle = {International Conference on Learning Representations (ICLR)},
  year      = {2023},
  url       = {https://openreview.net/forum?id=YJ7o2wetJ2}
}

@inproceedings{VLM-RM,
  title     = {Vision-Language Models are Zero-Shot Reward Models for Reinforcement Learning},
  author    = {Juan Rocamonde and Victoriano Montesinos and Elvis Nava and Ethan Perez and David Lindner},
  booktitle = {International Conference on Learning Representations (ICLR)},
  year      = {2024},
  url       = {https://openreview.net/forum?id=N0I2RtD8je}
}

@inproceedings{hejna2023few,
  title        = {Few-shot preference learning for human-in-the-loop RL},
  author       = {Hejna III, Donald Joseph and Sadigh, Dorsa},
  booktitle    = {Conference on Robot Learning (CORL)},
  pages        = {2014--2025},
  year         = {2023},
  organization = {PMLR}
}

@article{levine2020offline,
  title   = {Offline reinforcement learning: Tutorial, review, and perspectives on open problems},
  author  = {Levine, Sergey and Kumar, Aviral and Tucker, George and Fu, Justin},
  journal = {arXiv preprint arXiv:2005.01643},
  year    = {2020}
}

