@book{schrodinger1931umkehrung,
  title={{\"U}ber die Umkehrung der Naturgesetze},
  author={Schr{\"o}dinger, Erwin},
  year={1931},
  publisher={Verlag der Akademie der Wissenschaften in Kommission bei Walter De Gruyter u. Company}
}

@article{leonard2013survey,
  title = {{A survey of the Schr{\"o}dinger problem and some of its connections with optimal transport}},
  author = {L{\'e}onard, Christian},
  url = {https://hal.science/hal-00849930},
  journal = {{Discrete and Continuous Dynamical Systems - Series A}},
  publisher = {{American Institute of Mathematical Sciences}},
  volume = {34},
  number = {4},
  pages = {1533-1574},
  year = {2014},
}

@inproceedings{gushchin2023building,
  title={Building the Bridge of Schr{\"o}dinger: A Continuous Entropic Optimal Transport Benchmark},
  author={Gushchin, Nikita and Kolesov, Alexander and Mokrov, Petr and Karpikova, Polina and Spiridonov, Andrey and Burnaev, Evgeny and Korotin, Alexander},
  booktitle={Thirty-seventh Conference on Neural Information Processing Systems Datasets and Benchmarks Track},
  year={2023}
}

@article{peluchetti2023diffusion,
    title={Diffusion bridge mixture transports, Schr{\"o}dinger bridge problems and generative modeling},
    author={Peluchetti, Stefano},
    journal={Journal of Machine Learning Research},
    volume={24},
    number={374},
    pages={1--51},
    year={2023}
}

@article{shi2023diffusion,
  title={Diffusion Schr{\"o}dinger bridge matching},
  author={Shi, Yuyang and De Bortoli, Valentin and Campbell, Andrew and Doucet, Arnaud},
  journal={Advances in Neural Information Processing Systems},
  volume={36},
  year={2024}
}

@inproceedings{
    gushchin2024adversarial,
    title={Adversarial Schr\"odinger Bridge Matching},
    author={Nikita Gushchin and Daniil Selikhanovych and Sergei Kholkin and Evgeny Burnaev and Alexander Korotin},
    booktitle={The Thirty-eighth Annual Conference on Neural Information Processing Systems},
    year={2024},
    url={https://openreview.net/forum?id=L3Knnigicu}
}

@article{austin2021structured,
	title={Structured denoising diffusion models in discrete state-spaces},
	author={Austin, Jacob and Johnson, Daniel D and Ho, Jonathan and Tarlow, Daniel and Van Den Berg, Rianne},
	journal={Advances in Neural Information Processing Systems},
	volume={34},
	pages={17981--17993},
	year={2021}
}

@inproceedings{gat2024discrete,
    title={Discrete Flow Matching},
    author={Itai Gat and Tal Remez and Neta Shaul and Felix Kreuk and Ricky T. Q. Chen and Gabriel Synnaeve and Yossi Adi and Yaron Lipman},
    booktitle={The Thirty-eighth Annual Conference on Neural Information Processing Systems},
    year={2024},
    url={https://openreview.net/forum?id=GTDKo3Sv9p}
}

@inproceedings{vignac2022digress,
    title={DiGress: Discrete Denoising diffusion for graph generation},
    author={Clement Vignac and Igor Krawczuk and Antoine Siraudin and Bohan Wang and Volkan Cevher and Pascal Frossard},
    booktitle={The Eleventh International Conference on Learning Representations },
    year={2023},
    url={https://openreview.net/forum?id=UaAD-Nu86WX}
}

@article{qin2024defog,
	title={DeFoG: Discrete Flow Matching for Graph Generation},
	author={Qin, Yiming and Madeira, Manuel and Thanou, Dorina and Frossard, Pascal},
	journal={arXiv preprint arXiv:2410.04263},
	year={2024}
}

@article{luo2024crystalflow,
	title={CrystalFlow: A Flow-Based Generative Model for Crystalline Materials},
	author={Luo, Xiaoshan and Wang, Zhenyu and Lv, Jian and Wang, Lei and Wang, Yanchao and Ma, Yanming},
	journal={arXiv preprint arXiv:2412.11693},
	year={2024}
}

@inproceedings{campbell2024generative,
    title={Generative Flows on Discrete State-Spaces: Enabling Multimodal Flows with Applications to Protein Co-Design},
    author={Andrew Campbell and Jason Yim and Regina Barzilay and Tom Rainforth and Tommi Jaakkola},
    booktitle={Forty-first International Conference on Machine Learning},
    year={2024},
    url={https://openreview.net/forum?id=kQwSbv0BR4}
}

@article{van2017neural,
	title={Neural discrete representation learning},
	author={Van Den Oord, Aaron and Vinyals, Oriol and others},
	journal={Advances in neural information processing systems},
	volume={30},
	year={2017}
}

@inproceedings{esser2021taming,
	title={Taming transformers for high-resolution image synthesis},
	author={Esser, Patrick and Rombach, Robin and Ommer, Bjorn},
	booktitle={Proceedings of the IEEE/CVF conference on computer vision and pattern recognition},
	pages={12873--12883},
	year={2021}
}

@article{cuturi2013sinkhorn,
	title={Sinkhorn distances: Lightspeed computation of optimal transport},
	author={Cuturi, Marco},
	journal={Advances in neural information processing systems},
	volume={26},
	year={2013}
}

@article{peyre2019computational,
    title={Computational optimal transport},
    author={Peyr{\'e}, Gabriel and Cuturi, Marco and others},
    journal={Foundations and Trends{\textregistered} in Machine Learning},
    volume={11},
    number={5-6},
    pages={355--607},
    year={2019},
    publisher={Now Publishers, Inc.}
}

@inproceedings{zhu2017unpaired,
    title={Unpaired image-to-image translation using cycle-consistent adversarial networks},
    author={Zhu, Jun-Yan and Park, Taesung and Isola, Phillip and Efros, Alexei A},
    booktitle={Proceedings of the IEEE international conference on computer vision},
    pages={2223--2232},
    year={2017}
}

@inproceedings{
    mokrov2023energy,
    title={Energy-guided Entropic Neural Optimal Transport},
    author={Petr Mokrov and Alexander Korotin and Alexander Kolesov and Nikita Gushchin and Evgeny Burnaev},
    booktitle={The Twelfth International Conference on Learning Representations},
    year={2024},
    url={https://openreview.net/forum?id=d6tUsZeVs7}
}

@article{de2021diffusion,
    title={Diffusion Schr{\"o}dinger bridge with applications to score-based generative modeling},
    author={De Bortoli, Valentin and Thornton, James and Heng, Jeremy and Doucet, Arnaud},
    journal={Advances in Neural Information Processing Systems},
    volume={34},
    pages={17695--17709},
    year={2021}
}

@article{vargas2021solving,
    title={Solving schr{\"o}dinger bridges via maximum likelihood},
    author={Vargas, Francisco and Thodoroff, Pierre and Lamacraft, Austen and Lawrence, Neil},
    journal={Entropy},
    volume={23},
    number={9},
    pages={1134},
    year={2021},
    publisher={MDPI}
}

@inproceedings{gushchin2023entropic,
    title={Entropic neural optimal transport via diffusion processes},
    author={Gushchin, Nikita and Kolesov, Alexander and Korotin, Alexander and Vetrov, Dmitry and Burnaev, Evgeny},
    booktitle={Advances in Neural Information Processing Systems},
    year={2023}
}

@inproceedings{korotin2024light,
    title={Light Schr{\"o}dinger Bridge},
    author={Korotin, Alexander and Gushchin, Nikita and Burnaev, Evgeny},
    booktitle={The Twelfth International Conference on Learning Representations},
    year={2024}
}

@inproceedings{gushchin2024light,
    title={Light and Optimal Schr{\"o}dinger Bridge Matching},
    author={Gushchin, Nikita and Kholkin, Sergei and Burnaev, Evgeny and Korotin, Alexander},
    booktitle={Forty-first International Conference on Machine Learning},
    year={2024}
}

@article{liu2022deep,
    title={Deep generalized schr{\"o}dinger bridge},
    author={Liu, Guan-Horng and Chen, Tianrong and So, Oswin and Theodorou, Evangelos},
    journal={Advances in Neural Information Processing Systems},
    volume={35},
    pages={9374--9388},
	year={2022}
}

@inproceedings{chen2022likelihood,
    title={Likelihood Training of Schr{\"o}dinger Bridge using Forward-Backward SDEs Theory},
    author={Chen, Tianrong and Liu, Guan-Horng and Theodorou, Evangelos},
    booktitle={International Conference on Learning Representations},
    year={2022}
}

@article{pariset2023unbalanced,
    title={Unbalanced Diffusion Schr$\backslash$" odinger Bridge},
    author={Pariset, Matteo and Hsieh, Ya-Ping and Bunne, Charlotte and Krause, Andreas and De Bortoli, Valentin},
    journal={arXiv preprint arXiv:2306.09099},
    year={2023}
}

@inproceedings{tong2024simulation,
    title={Simulation-Free Schr{\"o}dinger Bridges via Score and Flow Matching},
    author={Tong, Alexander Y and Malkin, Nikolay and Fatras, Kilian and Atanackovic, Lazar and Zhang, Yanlei and Huguet, Guillaume and Wolf, Guy and Bengio, Yoshua},
    booktitle={International Conference on Artificial Intelligence and Statistics},
    pages={1279--1287},
    year={2024},
    organization={PMLR}
}

@inproceedings{goodfellow2014generative,
    title={Generative adversarial nets},
    author={Goodfellow, Ian and Pouget-Abadie, Jean and Mirza, Mehdi and Xu, Bing and Warde-Farley, David and Ozair, Sherjil and Courville, Aaron and Bengio, Yoshua},
    booktitle={Advances in neural information processing systems},
    pages={2672--2680},
    year={2014}
}

@inproceedings{jang2017categorical,
    title={Categorical Reparameterization with Gumbel-Softmax},
    author={Jang, Eric and Gu, Shixiang and Poole, Ben},
    booktitle={International Conference on Learning Representations},
    year={2017}
}

@inproceedings{liu2022flow,
    title={Flow Straight and Fast: Learning to Generate and Transfer Data with Rectified Flow},
    author={Liu, Xingchao and Gong, Chengyue and others},
    booktitle={The Eleventh International Conference on Learning Representations},
    year={2022}
}

@inproceedings{dvurechensky2018computational,
    title={Computational optimal transport: Complexity by accelerated gradient descent is better than by Sinkhornâ€™s algorithm},
    author={Dvurechensky, Pavel and Gasnikov, Alexander and Kroshnin, Alexey},
    booktitle={International conference on machine learning},
    pages={1367--1376},
    year={2018},
    organization={PMLR}
}

@inproceedings{dvurechenskii2018decentralize,
    title={Decentralize and randomize: Faster algorithm for {W}asserstein barycenters},
    author={Dvurechenskii, Pavel and Dvinskikh, Darina and Gasnikov, Alexander and Uribe, Cesar and Nedich, Angelia},
    booktitle={Advances in Neural Information Processing Systems},
    pages={10760--10770},
    year={2018}
}

@article{hutter2021minimax,
    author = {Jan-Christian H{\"u}tter and Philippe Rigollet},
    title = {{Minimax estimation of smooth optimal transport maps}},
    volume = {49},
    journal = {The Annals of Statistics},
    number = {2},
    publisher = {Institute of Mathematical Statistics},
    pages = {1166 -- 1194},
    keywords = {Minimax rates, nonparametric estimation, Optimal transport, wavelet estimator},
    year = {2021},
    doi = {10.1214/20-AOS1997},
    url = {https://doi.org/10.1214/20-AOS1997}
}


@article{pooladian2021entropic,
    title={Entropic estimation of optimal transport maps},
    author={Pooladian, Aram-Alexandre and Niles-Weed, Jonathan},
    journal={arXiv preprint arXiv:2109.12004},
    year={2021}
}

@article{manole2021plugin,
  title={Plugin estimation of smooth optimal transport maps},
  author={Manole, Tudor and Balakrishnan, Sivaraman and Niles-Weed, Jonathan and Wasserman, Larry},
  journal={The Annals of Statistics},
  volume={52},
  number={3},
  pages={966--998},
  year={2024},
  publisher={Institute of Mathematical Statistics}
}

@article{deb2021rates,
    title={Rates of estimation of optimal transport maps using plug-in estimators via barycentric projections},
    author={Deb, Nabarun and Ghosal, Promit and Sen, Bodhisattva},
    journal={Advances in Neural Information Processing Systems},
    volume={34},
    pages={29736--29753},
    year={2021}
}

@article{leonard2014reciprocal,
    title={Reciprocal processes. A measure-theoretical point of view},
    author={L{\'e}onard, Christian and R{\oe}lly, Sylvie and Zambrini, Jean-Claude},
    journal={Probability Surveys},
    volume={11},
    pages={237--269},
    year={2014}
}

@article{kim2024discrete,
    title={Discrete Diffusion Schr$\backslash$" odinger Bridge Matching for Graph Transformation},
    author={Kim, Jun Hyeong and Kim, Seonghwan and Moon, Seokhyun and Kim, Hyeongwoo and Woo, Jeheon and Kim, Woo Youn},
    journal={arXiv preprint arXiv:2410.01500},
    year={2024}
}

@article{hoogeboom2021argmax,
    title={Argmax flows and multinomial diffusion: Learning categorical distributions},
    author={Hoogeboom, Emiel and Nielsen, Didrik and Jaini, Priyank and Forr{\'e}, Patrick and Welling, Max},
    journal={Advances in Neural Information Processing Systems},
    volume={34},
    pages={12454--12465},
    year={2021}
}

@article{ho2020denoising,
    title={Denoising diffusion probabilistic models},
    author={Ho, Jonathan and Jain, Ajay and Abbeel, Pieter},
    journal={Advances in Neural Information Processing Systems},
    volume={33},
    pages={6840--6851},
    year={2020}
}

@inproceedings{de2024schr,
    title={Schrodinger Bridge Flow for Unpaired Data Translation},
    author={Valentin De Bortoli and Iryna Korshunova and Andriy Mnih and Arnaud Doucet},
    booktitle={The Thirty-eighth Annual Conference on Neural Information Processing Systems},
    year={2024},
    url={https://openreview.net/forum?id=1F32iCJFfa}
}

@inproceedings{heusel2017gans,
    title={{GAN}s trained by a two time-scale update rule converge to a local nash equilibrium},
    author={Heusel, Martin and Ramsauer, Hubert and Unterthiner, Thomas and Nessler, Bernhard and Hochreiter, Sepp},
    booktitle={Advances in neural information processing systems},
    pages={6626--6637},
    year={2017}
}

@inproceedings{jayasumana2024rethinking,
    title={Rethinking fid: Towards a better evaluation metric for image generation},
    author={Jayasumana, Sadeep and Ramalingam, Srikumar and Veit, Andreas and Glasner, Daniel and Chakrabarti, Ayan and Kumar, Sanjiv},
    booktitle={Proceedings of the IEEE/CVF Conference on Computer Vision and Pattern Recognition},
    pages={9307--9315},
    year={2024}
}

@article{kholkin2024diffusion,
    title={Diffusion \& adversarial schr$\backslash$" odinger bridges via iterative proportional markovian fitting},
    author={Kholkin, Sergei and Ksenofontov, Grigoriy and Li, David and Kornilov, Nikita and Gushchin, Nikita and Burnaev, Evgeny and Korotin, Alexander},
    journal={arXiv preprint arXiv:2410.02601},
    year={2024}
}

@inproceedings{salimans2016improved,
    title={Improved techniques for training {GAN}s},
    author={Salimans, Tim and Goodfellow, Ian and Zaremba, Wojciech and Cheung, Vicki and Radford, Alec and Chen, Xi},
    booktitle={Advances in neural information processing systems},
    pages={2234--2242},
    year={2016}
}

@inproceedings{ronneberger2015u,
    title={U-net: Convolutional networks for biomedical image segmentation},
    author={Ronneberger, Olaf and Fischer, Philipp and Brox, Thomas},
    booktitle={Medical image computing and computer-assisted intervention--MICCAI 2015: 18th international conference, Munich, Germany, October 5-9, 2015, proceedings, part III 18},
    pages={234--241},
    year={2015},
    organization={Springer}
}

@inproceedings{gu2022vector,
    title={Vector quantized diffusion model for text-to-image synthesis},
    author={Gu, Shuyang and Chen, Dong and Bao, Jianmin and Wen, Fang and Zhang, Bo and Chen, Dongdong and Yuan, Lu and Guo, Baining},
    booktitle={Proceedings of the IEEE/CVF conference on computer vision and pattern recognition},
    pages={10696--10706},
    year={2022}
}