@inproceedings{BeiCZHZ24,
  author       = {Jiachen Bei and
                  Guo Cao and
                  Jinbao Zhu and
                  Yingchun Han and
                  Yijun Zhang},
  title        = {Cross-Domain Few-Shot Hyperspectral Image Classification with Bias
                  Diminishing and Domain Bridging},
  booktitle    = {{IGARSS} 2024 - 2024 {IEEE} International Geoscience and Remote Sensing
                  Symposium, Athens, Greece, July 7-12, 2024},
  pages        = {9961--9965},
  publisher    = {{IEEE}},
  year         = {2024}
}

@inproceedings{ChenGZHW21,
  author       = {Zhengyu Chen and
                  Jixie Ge and
                  Heshen Zhan and
                  Siteng Huang and
                  Donglin Wang},
  title        = {Pareto Self-Supervised Training for Few-Shot Learning},
  booktitle    = {{IEEE} Conference on Computer Vision and Pattern Recognition, {CVPR}
                  2021, virtual, June 19-25, 2021},
  pages        = {13663--13672},
  publisher    = {Computer Vision Foundation / {IEEE}},
  year         = {2021}
}

@inproceedings{ChenK0H20,
  author       = {Ting Chen and
                  Simon Kornblith and
                  Mohammad Norouzi and
                  Geoffrey E. Hinton},
  title        = {A Simple Framework for Contrastive Learning of Visual Representations},
  booktitle    = {Proceedings of the 37th International Conference on Machine Learning,
                  {ICML} 2020, 13-18 July 2020, Virtual Event},
  series       = {Proceedings of Machine Learning Research},
  volume       = {119},
  pages        = {1597--1607},
  publisher    = {{PMLR}},
  year         = {2020}
}

@inproceedings{DoerschGZ20,
  author       = {Carl Doersch and
                  Ankush Gupta and
                  Andrew Zisserman},
  editor       = {Hugo Larochelle and
                  Marc'Aurelio Ranzato and
                  Raia Hadsell and
                  Maria{-}Florina Balcan and
                  Hsuan{-}Tien Lin},
  title        = {CrossTransformers: spatially-aware few-shot transfer},
  booktitle    = {Advances in Neural Information Processing Systems 33: Annual Conference
                  on Neural Information Processing Systems 2020, NeurIPS 2020, December
                  6-12, 2020, virtual},
  year         = {2020}
}

@inproceedings{FallahMO21,
  author       = {Alireza Fallah and
                  Aryan Mokhtari and
                  Asuman E. Ozdaglar},
  editor       = {Marc'Aurelio Ranzato and
                  Alina Beygelzimer and
                  Yann N. Dauphin and
                  Percy Liang and
                  Jennifer Wortman Vaughan},
  title        = {Generalization of Model-Agnostic Meta-Learning Algorithms: Recurring
                  and Unseen Tasks},
  booktitle    = {Advances in Neural Information Processing Systems 34: Annual Conference
                  on Neural Information Processing Systems 2021, NeurIPS 2021, December
                  6-14, 2021, virtual},
  pages        = {5469--5480},
  year         = {2021}
}

@inproceedings{FinnAL17,
  author       = {Chelsea Finn and
                  Pieter Abbeel and
                  Sergey Levine},
  editor       = {Doina Precup and
                  Yee Whye Teh},
  title        = {Model-Agnostic Meta-Learning for Fast Adaptation of Deep Networks},
  booktitle    = {Proceedings of the 34th International Conference on Machine Learning,
                  {ICML} 2017, Sydney, NSW, Australia, 6-11 August 2017},
  series       = {Proceedings of Machine Learning Research},
  volume       = {70},
  pages        = {1126--1135},
  publisher    = {{PMLR}},
  year         = {2017}
}

@article{GargS23a,
  author       = {Shankey Garg and
                  Pradeep Singh},
  title        = {An aggregated loss function based lightweight few shot model for plant
                  leaf disease classification},
  journal      = {Multim. Tools Appl.},
  volume       = {82},
  number       = {15},
  pages        = {23797--23815},
  year         = {2023}
}

@inproceedings{GidarisBKPC19,
  author       = {Spyros Gidaris and
                  Andrei Bursuc and
                  Nikos Komodakis and
                  Patrick P{\'{e}}rez and
                  Matthieu Cord},
  title        = {Boosting Few-Shot Visual Learning With Self-Supervision},
  booktitle    = {2019 {IEEE/CVF} International Conference on Computer Vision, {ICCV}
                  2019, Seoul, Korea (South), October 27 - November 2, 2019},
  pages        = {8058--8067},
  publisher    = {{IEEE}},
  year         = {2019}
}

@inproceedings{GidarisSK18,
  author       = {Spyros Gidaris and
                  Praveer Singh and
                  Nikos Komodakis},
  title        = {Unsupervised Representation Learning by Predicting Image Rotations},
  booktitle    = {6th International Conference on Learning Representations, {ICLR} 2018,
                  Vancouver, BC, Canada, April 30 - May 3, 2018, Conference Track Proceedings},
  publisher    = {OpenReview.net},
  year         = {2018}
}

@inproceedings{GuoCKCSSRF20,
  author       = {Yunhui Guo and
                  Noel Codella and
                  Leonid Karlinsky and
                  James V. Codella and
                  John R. Smith and
                  Kate Saenko and
                  Tajana Rosing and
                  Rog{\'{e}}rio Feris},
  editor       = {Andrea Vedaldi and
                  Horst Bischof and
                  Thomas Brox and
                  Jan{-}Michael Frahm},
  title        = {A Broader Study of Cross-Domain Few-Shot Learning},
  booktitle    = {Computer Vision - {ECCV} 2020 - 16th European Conference, Glasgow,
                  UK, August 23-28, 2020, Proceedings, Part {XXVII}},
  series       = {Lecture Notes in Computer Science},
  volume       = {12372},
  pages        = {124--141},
  publisher    = {Springer},
  year         = {2020}
}

@inproceedings{GuoDJGTWZ23,
  author       = {Qianyu Guo and
                  Huifang Du and
                  Xing Jia and
                  Shuyong Gao and
                  Yan Teng and
                  Haofen Wang and
                  Wenqiang Zhang},
  editor       = {Xingpeng Jiang and
                  Haiying Wang and
                  Reda Alhajj and
                  Xiaohua Hu and
                  Felix Engel and
                  Mufti Mahmud and
                  Nadia Pisanti and
                  Xuefeng Cui and
                  Hong Song},
  title        = {Plug-and-Play Feature Generation for Few-Shot Medical Image Classification},
  booktitle    = {{IEEE} International Conference on Bioinformatics and Biomedicine,
                  {BIBM} 2023, Istanbul, Turkiye, December 5-8, 2023},
  pages        = {1096--1103},
  publisher    = {{IEEE}},
  year         = {2023}
}

@inproceedings{GuoGWFYZG23,
  author       = {Qianyu Guo and
                  Haotong Gong and
                  Xujun Wei and
                  Yanwei Fu and
                  Yizhou Yu and
                  Wenqiang Zhang and
                  Weifeng Ge},
  editor       = {Brian Williams and
                  Yiling Chen and
                  Jennifer Neville},
  title        = {RankDNN: Learning to Rank for Few-Shot Learning},
  booktitle    = {Thirty-Seventh {AAAI} Conference on Artificial Intelligence, {AAAI}
                  2023, Thirty-Fifth Conference on Innovative Applications of Artificial
                  Intelligence, {IAAI} 2023, Thirteenth Symposium on Educational Advances
                  in Artificial Intelligence, {EAAI} 2023, Washington, DC, USA, February
                  7-14, 2023},
  pages        = {728--736},
  publisher    = {{AAAI} Press},
  year         = {2023}
}

@inproceedings{HeCXLDG22,
  author       = {Kaiming He and
                  Xinlei Chen and
                  Saining Xie and
                  Yanghao Li and
                  Piotr Doll{\'{a}}r and
                  Ross B. Girshick},
  title        = {Masked Autoencoders Are Scalable Vision Learners},
  booktitle    = {{IEEE/CVF} Conference on Computer Vision and Pattern Recognition,
                  {CVPR} 2022, New Orleans, LA, USA, June 18-24, 2022},
  pages        = {15979--15988},
  publisher    = {{IEEE}},
  year         = {2022}
}

@article{HuangZZXW21,
  author       = {Huaxi Huang and
                  Junjie Zhang and
                  Jian Zhang and
                  Jingsong Xu and
                  Qiang Wu},
  title        = {Low-Rank Pairwise Alignment Bilinear Network For Few-Shot Fine-Grained
                  Image Classification},
  journal      = {{IEEE} Trans. Multim.},
  volume       = {23},
  pages        = {1666--1680},
  year         = {2021}
}

@inproceedings{LiuF0YLWZ21,
  author       = {Chen Liu and
                  Yanwei Fu and
                  Chengming Xu and
                  Siqian Yang and
                  Jilin Li and
                  Chengjie Wang and
                  Li Zhang},
  title        = {Learning a Few-shot Embedding Model with Contrastive Learning},
  booktitle    = {Thirty-Fifth {AAAI} Conference on Artificial Intelligence, {AAAI}
                  2021, Thirty-Third Conference on Innovative Applications of Artificial
                  Intelligence, {IAAI} 2021, The Eleventh Symposium on Educational Advances
                  in Artificial Intelligence, {EAAI} 2021, Virtual Event, February 2-9,
                  2021},
  pages        = {8635--8643},
  publisher    = {{AAAI} Press},
  year         = {2021}
}

@inproceedings{MaXHCGA21,
  author       = {Jiawei Ma and
                  Hanchen Xie and
                  Guangxing Han and
                  Shih{-}Fu Chang and
                  Aram Galstyan and
                  Wael Abd{-}Almageed},
  title        = {Partner-Assisted Learning for Few-Shot Image Classification},
  booktitle    = {2021 {IEEE/CVF} International Conference on Computer Vision, {ICCV}
                  2021, Montreal, QC, Canada, October 10-17, 2021},
  pages        = {10553--10562},
  publisher    = {{IEEE}},
  year         = {2021}
}

@inproceedings{NorooziF16,
  author       = {Mehdi Noroozi and
                  Paolo Favaro},
  editor       = {Bastian Leibe and
                  Jiri Matas and
                  Nicu Sebe and
                  Max Welling},
  title        = {Unsupervised Learning of Visual Representations by Solving Jigsaw
                  Puzzles},
  booktitle    = {Computer Vision - {ECCV} 2016 - 14th European Conference, Amsterdam,
                  The Netherlands, October 11-14, 2016, Proceedings, Part {VI}},
  series       = {Lecture Notes in Computer Science},
  volume       = {9910},
  pages        = {69--84},
  publisher    = {Springer},
  year         = {2016}
}

@article{PengL0LZ0H23,
  author       = {Zhen Peng and
                  Minnan Luo and
                  Wenbing Huang and
                  Jundong Li and
                  Qinghua Zheng and
                  Fuchun Sun and
                  Junzhou Huang},
  title        = {Learning Representations by Graphical Mutual Information Estimation
                  and Maximization},
  journal      = {{IEEE} Trans. Pattern Anal. Mach. Intell.},
  volume       = {45},
  number       = {1},
  pages        = {722--737},
  year         = {2023}
}

@inproceedings{QinSJ23,
  author       = {Xiaorong Qin and
                  Xinhang Song and
                  Shuqiang Jiang},
  title        = {Bi-Level Meta-Learning for Few-Shot Domain Generalization},
  booktitle    = {{IEEE/CVF} Conference on Computer Vision and Pattern Recognition,
                  {CVPR} 2023, Vancouver, BC, Canada, June 17-24, 2023},
  pages        = {15900--15910},
  publisher    = {{IEEE}},
  year         = {2023}
}

@article{Song0CMS23,
  author       = {Yisheng Song and
                  Ting Wang and
                  Puyu Cai and
                  Subrota K. Mondal and
                  Jyoti Prakash Sahoo},
  title        = {A Comprehensive Survey of Few-shot Learning: Evolution, Applications,
                  Challenges, and Opportunities},
  journal      = {{ACM} Comput. Surv.},
  volume       = {55},
  number       = {13s},
  pages        = {271:1--271:40},
  year         = {2023}
}

@article{TianX23,
  author       = {Pinzhuo Tian and
                  Shaorong Xie},
  title        = {An Adversarial Meta-Training Framework for Cross-Domain Few-Shot Learning},
  journal      = {{IEEE} Trans. Multim.},
  volume       = {25},
  pages        = {6881--6891},
  year         = {2023}
}

@inproceedings{VinyalsBLKW16,
  author       = {Oriol Vinyals and
                  Charles Blundell and
                  Tim Lillicrap and
                  Koray Kavukcuoglu and
                  Daan Wierstra},
  editor       = {Daniel D. Lee and
                  Masashi Sugiyama and
                  Ulrike von Luxburg and
                  Isabelle Guyon and
                  Roman Garnett},
  title        = {Matching Networks for One Shot Learning},
  booktitle    = {Advances in Neural Information Processing Systems 29: Annual Conference
                  on Neural Information Processing Systems 2016, December 5-10, 2016,
                  Barcelona, Spain},
  pages        = {3630--3638},
  year         = {2016}
}

@inproceedings{XieLLWL22,
  author       = {Jiangtao Xie and
                  Fei Long and
                  Jiaming Lv and
                  Qilong Wang and
                  Peihua Li},
  title        = {Joint Distribution Matters: Deep Brownian Distance Covariance for
                  Few-Shot Classification},
  booktitle    = {{IEEE/CVF} Conference on Computer Vision and Pattern Recognition,
                  {CVPR} 2022, New Orleans, LA, USA, June 18-24, 2022},
  pages        = {7962--7971},
  publisher    = {{IEEE}},
  year         = {2022}
}

@inproceedings{XuLHAS21,
  author       = {Jingyi Xu and
                  Hieu Le and
                  Mingzhen Huang and
                  ShahRukh Athar and
                  Dimitris Samaras},
  title        = {Variational Feature Disentangling for Fine-Grained Few-Shot Classification},
  booktitle    = {2021 {IEEE/CVF} International Conference on Computer Vision, {ICCV}
                  2021, Montreal, QC, Canada, October 10-17, 2021},
  pages        = {8792--8801},
  publisher    = {{IEEE}},
  year         = {2021}
}

@article{YangWLX22,
  author       = {Shuo Yang and
                  Songhua Wu and
                  Tongliang Liu and
                  Min Xu},
  title        = {Bridging the Gap Between Few-Shot and Many-Shot Learning via Distribution
                  Calibration},
  journal      = {{IEEE} Trans. Pattern Anal. Mach. Intell.},
  volume       = {44},
  number       = {12},
  pages        = {9830--9843},
  year         = {2022}
}

@inproceedings{YangWZ22,
  author       = {Zhanyuan Yang and
                  Jinghua Wang and
                  Yingying Zhu},
  editor       = {Shai Avidan and
                  Gabriel J. Brostow and
                  Moustapha Ciss{\'{e}} and
                  Giovanni Maria Farinella and
                  Tal Hassner},
  title        = {Few-Shot Classification with Contrastive Learning},
  booktitle    = {Computer Vision - {ECCV} 2022 - 17th European Conference, Tel Aviv,
                  Israel, October 23-27, 2022, Proceedings, Part {XX}},
  series       = {Lecture Notes in Computer Science},
  volume       = {13680},
  pages        = {293--309},
  publisher    = {Springer},
  year         = {2022}
}

@article{ZhaTST23,
  author       = {Zican Zha and
                  Hao Tang and
                  Yunlian Sun and
                  Jinhui Tang},
  title        = {Boosting Few-Shot Fine-Grained Recognition With Background Suppression
                  and Foreground Alignment},
  journal      = {{IEEE} Trans. Circuits Syst. Video Technol.},
  volume       = {33},
  number       = {8},
  pages        = {3947--3961},
  year         = {2023}
}

@article{ZhangCLS23,
  author       = {Chi Zhang and
                  Yujun Cai and
                  Guosheng Lin and
                  Chunhua Shen},
  title        = {DeepEMD: Differentiable Earth Mover's Distance for Few-Shot Learning},
  journal      = {{IEEE} Trans. Pattern Anal. Mach. Intell.},
  volume       = {45},
  number       = {5},
  pages        = {5632--5648},
  year         = {2023}
}

@article{ZhangLYCCC24,
  author       = {Lei Zhang and
                  Yiting Lin and
                  Xinyu Yang and
                  Tingting Chen and
                  Xiyuan Cheng and
                  Wenbin Cheng},
  title        = {From Sample Poverty to Rich Feature Learning: {A} New Metric Learning
                  Method for Few-Shot Classification},
  journal      = {{IEEE} Access},
  volume       = {12},
  pages        = {124990--125002},
  year         = {2024}
}

@article{ZhouLZWC23,
  author       = {Chaofan Zhou and
                  Meiqin Liu and
                  Senlin Zhang and
                  Ping Wei and
                  Badong Chen},
  title        = {Few-Shot Classification of Screen Defects With Class-Agnostic Mask
                  and Context-Based Classifier},
  journal      = {{IEEE} Trans. Instrum. Meas.},
  volume       = {72},
  pages        = {1--16},
  year         = {2023}
}

@article{abs-2206-00092,
  author       = {Fereshteh Shakeri and
                  Malik Boudiaf and
                  Sina Mohammadi and
                  Ivaxi Sheth and
                  Mohammad Havaei and
                  Ismail Ben Ayed and
                  Samira Ebrahimi Kahou},
  title        = {{FHIST:} {A} Benchmark for Few-shot Classification of Histological
                  Images},
  journal      = {CoRR},
  volume       = {abs/2206.00092},
  year         = {2022}
}

