@String(PAMI = {IEEE Trans. Pattern Anal. Mach. Intell.})
@String(IJCV = {Int. J. Comput. Vis.})
@String(CVPR= {IEEE Conf. Comput. Vis. Pattern Recog.})
@String(ICCV= {Int. Conf. Comput. Vis.})
@String(ECCV= {Eur. Conf. Comput. Vis.})
@String(NIPS= {Adv. Neural Inform. Process. Syst.})
@String(ICPR = {Int. Conf. Pattern Recog.})
@String(BMVC= {Brit. Mach. Vis. Conf.})
@String(TOG= {ACM Trans. Graph.})
@String(TIP  = {IEEE Trans. Image Process.})
@String(TVCG  = {IEEE Trans. Vis. Comput. Graph.})
@String(TMM  = {IEEE Trans. Multimedia})
@String(ACMMM= {ACM Int. Conf. Multimedia})
@String(ICME = {Int. Conf. Multimedia and Expo})
@String(ICASSP=	{ICASSP})
@String(ICIP = {IEEE Int. Conf. Image Process.})
@String(ACCV  = {ACCV})
@String(ICLR = {Int. Conf. Learn. Represent.})
@String(IJCAI = {IJCAI})
@String(PR   = {Pattern Recognition})
@String(AAAI = {AAAI})
@String(CVPRW= {IEEE Conf. Comput. Vis. Pattern Recog. Worksh.})
@String(CSVT = {IEEE Trans. Circuit Syst. Video Technol.})

@String(SPL	= {IEEE Sign. Process. Letters})
@String(VR   = {Vis. Res.})
@String(JOV	 = {J. Vis.})
@String(TVC  = {The Vis. Comput.})
@String(JCST  = {J. Comput. Sci. Tech.})
@String(CGF  = {Comput. Graph. Forum})
@String(CVM = {Computational Visual Media})


@String(PAMI  = {IEEE TPAMI})
@String(IJCV  = {IJCV})
@String(CVPR  = {CVPR})
@String(ICCV  = {ICCV})
@String(ECCV  = {ECCV})
@String(NIPS  = {NeurIPS})
@String(ICPR  = {ICPR})
@String(BMVC  =	{BMVC})
@String(TOG   = {ACM TOG})
@String(TIP   = {IEEE TIP})
@String(TVCG  = {IEEE TVCG})
@String(TCSVT = {IEEE TCSVT})
@String(TMM   =	{IEEE TMM})
@String(ACMMM = {ACM MM})
@String(ICME  =	{ICME})
@String(ICASSP=	{ICASSP})
@String(ICIP  = {ICIP})
@String(ACCV  = {ACCV})
@String(ICLR  = {ICLR})
@String(IJCAI = {IJCAI})
@String(PR = {PR})
@String(AAAI = {AAAI})
@String(CVPRW= {CVPRW})
@String(CSVT = {IEEE TCSVT})



@inproceedings{FinnAL17,
  author       = {Chelsea Finn and
                  Pieter Abbeel and
                  Sergey Levine},
  editor       = {Doina Precup and
                  Yee Whye Teh},
  title        = {Model-Agnostic Meta-Learning for Fast Adaptation of Deep Networks},
  booktitle    = {Proceedings of the 34th International Conference on Machine Learning,
                  {ICML} 2017, Sydney, NSW, Australia, 6-11 August 2017},
  series       = {Proceedings of Machine Learning Research},
  volume       = {70},
  pages        = {1126--1135},
  publisher    = {{PMLR}},
  year         = {2017}
}

@inproceedings{SnellSZ17,
  author       = {Jake Snell and
                  Kevin Swersky and
                  Richard S. Zemel},
  editor       = {Isabelle Guyon and
                  Ulrike von Luxburg and
                  Samy Bengio and
                  Hanna M. Wallach and
                  Rob Fergus and
                  S. V. N. Vishwanathan and
                  Roman Garnett},
  title        = {Prototypical Networks for Few-shot Learning},
  booktitle    = {Advances in Neural Information Processing Systems 30: Annual Conference
                  on Neural Information Processing Systems 2017, December 4-9, 2017,
                  Long Beach, CA, {USA}},
  pages        = {4077--4087},
  year         = {2017}
}

@inproceedings{ChenLKWH19,
  author       = {Wei{-}Yu Chen and
                  Yen{-}Cheng Liu and
                  Zsolt Kira and
                  Yu{-}Chiang Frank Wang and
                  Jia{-}Bin Huang},
  title        = {A Closer Look at Few-shot Classification},
  booktitle    = {7th International Conference on Learning Representations, {ICLR} 2019,
                  New Orleans, LA, USA, May 6-9, 2019},
  publisher    = {OpenReview.net},
  year         = {2019}
}

@inproceedings{ZhuangTYMZJX18,
  author       = {Yueqing Zhuang and
                  Li Tao and
                  Fan Yang and
                  Cong Ma and
                  Ziwei Zhang and
                  Huizhu Jia and
                  Xiaodong Xie},
  title        = {RelationNet: Learning Deep-Aligned Representation for Semantic Image
                  Segmentation},
  booktitle    = {24th International Conference on Pattern Recognition, {ICPR} 2018,
                  Beijing, China, August 20-24, 2018},
  pages        = {1506--1511},
  publisher    = {{IEEE} Computer Society},
  year         = {2018}
}

@inproceedings{VinyalsBLKW16,
  author       = {Oriol Vinyals and
                  Charles Blundell and
                  Tim Lillicrap and
                  Koray Kavukcuoglu and
                  Daan Wierstra},
  editor       = {Daniel D. Lee and
                  Masashi Sugiyama and
                  Ulrike von Luxburg and
                  Isabelle Guyon and
                  Roman Garnett},
  title        = {Matching Networks for One Shot Learning},
  booktitle    = {Advances in Neural Information Processing Systems 29: Annual Conference
                  on Neural Information Processing Systems 2016, December 5-10, 2016,
                  Barcelona, Spain},
  pages        = {3630--3638},
  year         = {2016}
}

@inproceedings{XieLLWL22,
  author       = {Jiangtao Xie and
                  Fei Long and
                  Jiaming Lv and
                  Qilong Wang and
                  Peihua Li},
  title        = {Joint Distribution Matters: Deep Brownian Distance Covariance for
                  Few-Shot Classification},
  booktitle    = {{IEEE/CVF} Conference on Computer Vision and Pattern Recognition,
                  {CVPR} 2022, New Orleans, LA, USA, June 18-24, 2022},
  pages        = {7962--7971},
  publisher    = {{IEEE}},
  year         = {2022}
}

@article{ZhangCLS23,
  author       = {Chi Zhang and
                  Yujun Cai and
                  Guosheng Lin and
                  Chunhua Shen},
  title        = {DeepEMD: Differentiable Earth Mover's Distance for Few-Shot Learning},
  journal      = {{IEEE} Trans. Pattern Anal. Mach. Intell.},
  volume       = {45},
  number       = {5},
  pages        = {5632--5648},
  year         = {2023}
}

@inproceedings{Rizve0KS21,
  author       = {Mamshad Nayeem Rizve and
                  Salman H. Khan and
                  Fahad Shahbaz Khan and
                  Mubarak Shah},
  title        = {Exploring Complementary Strengths of Invariant and Equivariant Representations
                  for Few-Shot Learning},
  booktitle    = {{IEEE} Conference on Computer Vision and Pattern Recognition, {CVPR}
                  2021, virtual, June 19-25, 2021},
  pages        = {10836--10846},
  publisher    = {Computer Vision Foundation / {IEEE}},
  year         = {2021}
}

@inproceedings{GuoGWFYZG23,
  author       = {Qianyu Guo and
                  Haotong Gong and
                  Xujun Wei and
                  Yanwei Fu and
                  Yizhou Yu and
                  Wenqiang Zhang and
                  Weifeng Ge},
  editor       = {Brian Williams and
                  Yiling Chen and
                  Jennifer Neville},
  title        = {RankDNN: Learning to Rank for Few-Shot Learning},
  booktitle    = {Thirty-Seventh {AAAI} Conference on Artificial Intelligence, {AAAI}
                  2023, Thirty-Fifth Conference on Innovative Applications of Artificial
                  Intelligence, {IAAI} 2023, Thirteenth Symposium on Educational Advances
                  in Artificial Intelligence, {EAAI} 2023, Washington, DC, USA, February
                  7-14, 2023},
  pages        = {728--736},
  publisher    = {{AAAI} Press},
  year         = {2023}
}

@inproceedings{FuXFJ23,
  author       = {Yuqian Fu and
                  Yu Xie and
                  Yanwei Fu and
                  Yu{-}Gang Jiang},
  title        = {StyleAdv: Meta Style Adversarial Training for Cross-Domain Few-Shot
                  Learning},
  booktitle    = {{IEEE/CVF} Conference on Computer Vision and Pattern Recognition,
                  {CVPR} 2023, Vancouver, BC, Canada, June 17-24, 2023},
  pages        = {24575--24584},
  publisher    = {{IEEE}},
  year         = {2023}
}

@inproceedings{ZhangGLSS23,
  author       = {Ji Zhang and
                  Lianli Gao and
                  Xu Luo and
                  Hengtao Shen and
                  Jingkuan Song},
  title        = {{DETA:} Denoised Task Adaptation for Few-Shot Learning},
  booktitle    = {{IEEE/CVF} International Conference on Computer Vision, {ICCV} 2023,
                  Paris, France, October 1-6, 2023},
  pages        = {11507--11517},
  publisher    = {{IEEE}},
  year         = {2023}
}

@inproceedings{YeHZS20,
  author       = {Han{-}Jia Ye and
                  Hexiang Hu and
                  De{-}Chuan Zhan and
                  Fei Sha},
  title        = {Few-Shot Learning via Embedding Adaptation With Set-to-Set Functions},
  booktitle    = {2020 {IEEE/CVF} Conference on Computer Vision and Pattern Recognition,
                  {CVPR} 2020, Seattle, WA, USA, June 13-19, 2020},
  pages        = {8805--8814},
  publisher    = {Computer Vision Foundation / {IEEE}},
  year         = {2020}
}

@inproceedings{HeLZZGYZ22,
  author       = {Yangji He and
                  Weihan Liang and
                  Dongyang Zhao and
                  Hong{-}Yu Zhou and
                  Weifeng Ge and
                  Yizhou Yu and
                  Wenqiang Zhang},
  title        = {Attribute Surrogates Learning and Spectral Tokens Pooling in Transformers
                  for Few-shot Learning},
  booktitle    = {{IEEE/CVF} Conference on Computer Vision and Pattern Recognition,
                  {CVPR} 2022, New Orleans, LA, USA, June 18-24, 2022},
  pages        = {9109--9119},
  publisher    = {{IEEE}},
  year         = {2022}
}


@inproceedings{HaoH0WT023,
  author       = {Fusheng Hao and
                  Fengxiang He and
                  Liu Liu and
                  Fuxiang Wu and
                  Dacheng Tao and
                  Jun Cheng},
  title        = {Class-Aware Patch Embedding Adaptation for Few-Shot Image Classification},
  booktitle    = {{IEEE/CVF} International Conference on Computer Vision, {ICCV} 2023,
                  Paris, France, October 1-6, 2023},
  pages        = {18859--18869},
  publisher    = {{IEEE}},
  year         = {2023}
}


@inproceedings{RongLSCX23,
  author       = {Yi Rong and
                  Xiongbo Lu and
                  Zhaoyang Sun and
                  Yaxiong Chen and
                  Shengwu Xiong},
  editor       = {Brian Williams and
                  Yiling Chen and
                  Jennifer Neville},
  title        = {{ESPT:} {A} Self-Supervised Episodic Spatial Pretext Task for Improving
                  Few-Shot Learning},
  booktitle    = {Thirty-Seventh {AAAI} Conference on Artificial Intelligence, {AAAI}
                  2023, Thirty-Fifth Conference on Innovative Applications of Artificial
                  Intelligence, {IAAI} 2023, Thirteenth Symposium on Educational Advances
                  in Artificial Intelligence, {EAAI} 2023, Washington, DC, USA, February
                  7-14, 2023},
  pages        = {9596--9605},
  publisher    = {{AAAI} Press},
  year         = {2023}
}

@inproceedings{HeZRS16,
  author       = {Kaiming He and
                  Xiangyu Zhang and
                  Shaoqing Ren and
                  Jian Sun},
  title        = {Deep Residual Learning for Image Recognition},
  booktitle    = {2016 {IEEE} Conference on Computer Vision and Pattern Recognition,
                  {CVPR} 2016, Las Vegas, NV, USA, June 27-30, 2016},
  pages        = {770--778},
  publisher    = {{IEEE} Computer Society},
  year         = {2016}
}


@article{abs-2010-11929,
  author       = {Alexey Dosovitskiy and
                  Lucas Beyer and
                  Alexander Kolesnikov and
                  Dirk Weissenborn and
                  Xiaohua Zhai and
                  Thomas Unterthiner and
                  Mostafa Dehghani and
                  Matthias Minderer and
                  Georg Heigold and
                  Sylvain Gelly and
                  Jakob Uszkoreit and
                  Neil Houlsby},
  title        = {An Image is Worth 16x16 Words: Transformers for Image Recognition
                  at Scale},
  journal      = {CoRR},
  volume       = {abs/2010.11929},
  year         = {2020}
}

@inproceedings{Zhai0HB22,
  author       = {Xiaohua Zhai and
                  Alexander Kolesnikov and
                  Neil Houlsby and
                  Lucas Beyer},
  title        = {Scaling Vision Transformers},
  booktitle    = {{IEEE/CVF} Conference on Computer Vision and Pattern Recognition,
                  {CVPR} 2022, New Orleans, LA, USA, June 18-24, 2022},
  pages        = {1204--1213},
  publisher    = {{IEEE}},
  year         = {2022}
}


@inproceedings{Chen0CPPSGGMB0P23,
  author       = {Xi Chen and
                  Xiao Wang and
                  Soravit Changpinyo and
                  A. J. Piergiovanni and
                  Piotr Padlewski and
                  Daniel Salz and
                  Sebastian Goodman and
                  Adam Grycner and
                  Basil Mustafa and
                  Lucas Beyer and
                  Alexander Kolesnikov and
                  Joan Puigcerver and
                  Nan Ding and
                  Keran Rong and
                  Hassan Akbari and
                  Gaurav Mishra and
                  Linting Xue and
                  Ashish V. Thapliyal and
                  James Bradbury and
                  Weicheng Kuo},
  title        = {PaLI: {A} Jointly-Scaled Multilingual Language-Image Model},
  booktitle    = {The Eleventh International Conference on Learning Representations,
                  {ICLR} 2023, Kigali, Rwanda, May 1-5, 2023},
  publisher    = {OpenReview.net},
  year         = {2023}
}

@inproceedings{0002GD23,
  author       = {Chenyang Lu and
                  Daan de Geus and
                  Gijs Dubbelman},
  title        = {Content-aware Token Sharing for Efficient Semantic Segmentation with
                  Vision Transformers},
  booktitle    = {{IEEE/CVF} Conference on Computer Vision and Pattern Recognition,
                  {CVPR} 2023, Vancouver, BC, Canada, June 17-24, 2023},
  pages        = {23631--23640},
  publisher    = {{IEEE}},
  year         = {2023}
}

@inproceedings{0006MC023,
  author       = {Mao Ye and
                  Gregory P. Meyer and
                  Yuning Chai and
                  Qiang Liu},
  title        = {Efficient Transformer-based 3D Object Detection with Dynamic Token
                  Halting},
  booktitle    = {{IEEE/CVF} International Conference on Computer Vision, {ICCV} 2023,
                  Paris, France, October 1-6, 2023},
  pages        = {8404--8416},
  publisher    = {{IEEE}},
  year         = {2023}
}

@inproceedings{ChenLG0QS23,
  author       = {Ziye Chen and
                  Yu Liu and
                  Mingming Gong and
                  Bo Du and
                  Guoqi Qian and
                  Kate Smith{-}Miles},
  title        = {Generating Dynamic Kernels via Transformers for Lane Detection},
  booktitle    = {{IEEE/CVF} International Conference on Computer Vision, {ICCV} 2023,
                  Paris, France, October 1-6, 2023},
  pages        = {6812--6821},
  publisher    = {{IEEE}},
  year         = {2023}
}

@inproceedings{GuoCKCSSRF20,
  author       = {Yunhui Guo and
                  Noel Codella and
                  Leonid Karlinsky and
                  James V. Codella and
                  John R. Smith and
                  Kate Saenko and
                  Tajana Rosing and
                  Rog{\'{e}}rio Feris},
  editor       = {Andrea Vedaldi and
                  Horst Bischof and
                  Thomas Brox and
                  Jan{-}Michael Frahm},
  title        = {A Broader Study of Cross-Domain Few-Shot Learning},
  booktitle    = {Computer Vision - {ECCV} 2020 - 16th European Conference, Glasgow,
                  UK, August 23-28, 2020, Proceedings, Part {XXVII}},
  series       = {Lecture Notes in Computer Science},
  volume       = {12372},
  pages        = {124--141},
  publisher    = {Springer},
  year         = {2020}
}

@inproceedings{TangWH20,
  author       = {Luming Tang and
                  Davis Wertheimer and
                  Bharath Hariharan},
  title        = {Revisiting Pose-Normalization for Fine-Grained Few-Shot Recognition},
  booktitle    = {2020 {IEEE/CVF} Conference on Computer Vision and Pattern Recognition,
                  {CVPR} 2020, Seattle, WA, USA, June 13-19, 2020},
  pages        = {14340--14349},
  publisher    = {Computer Vision Foundation / {IEEE}},
  year         = {2020}
}

@article{Song0CMS23,
  author       = {Yisheng Song and
                  Ting Wang and
                  Puyu Cai and
                  Subrota K. Mondal and
                  Jyoti Prakash Sahoo},
  title        = {A Comprehensive Survey of Few-shot Learning: Evolution, Applications,
                  Challenges, and Opportunities},
  journal      = {{ACM} Comput. Surv.},
  volume       = {55},
  number       = {13s},
  pages        = {271:1--271:40},
  year         = {2023}
}

@inproceedings{FallahMO21,
  author       = {Alireza Fallah and
                  Aryan Mokhtari and
                  Asuman E. Ozdaglar},
  editor       = {Marc'Aurelio Ranzato and
                  Alina Beygelzimer and
                  Yann N. Dauphin and
                  Percy Liang and
                  Jennifer Wortman Vaughan},
  title        = {Generalization of Model-Agnostic Meta-Learning Algorithms: Recurring
                  and Unseen Tasks},
  booktitle    = {Advances in Neural Information Processing Systems 34: Annual Conference
                  on Neural Information Processing Systems 2021, NeurIPS 2021, December
                  6-14, 2021, virtual},
  pages        = {5469--5480},
  year         = {2021}
}

@inproceedings{GeHDS18,
  author       = {Weifeng Ge and
                  Weilin Huang and
                  Dengke Dong and
                  Matthew R. Scott},
  editor       = {Vittorio Ferrari and
                  Martial Hebert and
                  Cristian Sminchisescu and
                  Yair Weiss},
  title        = {Deep Metric Learning with Hierarchical Triplet Loss},
  booktitle    = {Computer Vision - {ECCV} 2018 - 15th European Conference, Munich,
                  Germany, September 8-14, 2018, Proceedings, Part {VI}},
  series       = {Lecture Notes in Computer Science},
  volume       = {11210},
  pages        = {272--288},
  publisher    = {Springer},
  year         = {2018}
}

@article{YangWLX22,
  author       = {Shuo Yang and
                  Songhua Wu and
                  Tongliang Liu and
                  Min Xu},
  title        = {Bridging the Gap Between Few-Shot and Many-Shot Learning via Distribution
                  Calibration},
  journal      = {{IEEE} Trans. Pattern Anal. Mach. Intell.},
  volume       = {44},
  number       = {12},
  pages        = {9830--9843},
  year         = {2022}
}

@inproceedings{XuLHAS21,
  author       = {Jingyi Xu and
                  Hieu Le and
                  Mingzhen Huang and
                  ShahRukh Athar and
                  Dimitris Samaras},
  title        = {Variational Feature Disentangling for Fine-Grained Few-Shot Classification},
  booktitle    = {2021 {IEEE/CVF} International Conference on Computer Vision, {ICCV}
                  2021, Montreal, QC, Canada, October 10-17, 2021},
  pages        = {8792--8801},
  publisher    = {{IEEE}},
  year         = {2021}
}

@inproceedings{Hu0SKH22,
  author       = {Shell Xu Hu and
                  Da Li and
                  Jan St{\"{u}}hmer and
                  Minyoung Kim and
                  Timothy M. Hospedales},
  title        = {Pushing the Limits of Simple Pipelines for Few-Shot Learning: External
                  Data and Fine-Tuning Make a Difference},
  booktitle    = {{IEEE/CVF} Conference on Computer Vision and Pattern Recognition,
                  {CVPR} 2022, New Orleans, LA, USA, June 18-24, 2022},
  pages        = {9058--9067},
  publisher    = {{IEEE}},
  year         = {2022}
}

@inproceedings{QinSJ23,
  author       = {Xiaorong Qin and
                  Xinhang Song and
                  Shuqiang Jiang},
  title        = {Bi-Level Meta-Learning for Few-Shot Domain Generalization},
  booktitle    = {{IEEE/CVF} Conference on Computer Vision and Pattern Recognition,
                  {CVPR} 2023, Vancouver, BC, Canada, June 17-24, 2023},
  pages        = {15900--15910},
  publisher    = {{IEEE}},
  year         = {2023}
}

@inproceedings{WuXYL18,
  author       = {Zhirong Wu and
                  Yuanjun Xiong and
                  Stella X. Yu and
                  Dahua Lin},
  title        = {Unsupervised Feature Learning via Non-Parametric Instance Discrimination},
  booktitle    = {2018 {IEEE} Conference on Computer Vision and Pattern Recognition,
                  {CVPR} 2018, Salt Lake City, UT, USA, June 18-22, 2018},
  pages        = {3733--3742},
  publisher    = {Computer Vision Foundation / {IEEE} Computer Society},
  year         = {2018}
}

@inproceedings{ZhangXHL18,
  author       = {Ying Zhang and
                  Tao Xiang and
                  Timothy M. Hospedales and
                  Huchuan Lu},
  title        = {Deep Mutual Learning},
  booktitle    = {2018 {IEEE} Conference on Computer Vision and Pattern Recognition,
                  {CVPR} 2018, Salt Lake City, UT, USA, June 18-22, 2018},
  pages        = {4320--4328},
  publisher    = {Computer Vision Foundation / {IEEE} Computer Society},
  year         = {2018}
}

@article{WangYKN20,
  author       = {Yaqing Wang and
                  Quanming Yao and
                  James T. Kwok and
                  Lionel M. Ni},
  title        = {Generalizing from a Few Examples: {A} Survey on Few-shot Learning},
  journal      = {{ACM} Comput. Surv.},
  volume       = {53},
  number       = {3},
  pages        = {63:1--63:34},
  year         = {2021}
}

@inproceedings{GuoDJGTWZ23,
  author       = {Qianyu Guo and
                  Huifang Du and
                  Xing Jia and
                  Shuyong Gao and
                  Yan Teng and
                  Haofen Wang and
                  Wenqiang Zhang},
  editor       = {Xingpeng Jiang and
                  Haiying Wang and
                  Reda Alhajj and
                  Xiaohua Hu and
                  Felix Engel and
                  Mufti Mahmud and
                  Nadia Pisanti and
                  Xuefeng Cui and
                  Hong Song},
  title        = {Plug-and-Play Feature Generation for Few-Shot Medical Image Classification},
  booktitle    = {{IEEE} International Conference on Bioinformatics and Biomedicine,
                  {BIBM} 2023, Istanbul, Turkiye, December 5-8, 2023},
  pages        = {1096--1103},
  publisher    = {{IEEE}},
  year         = {2023}
}


@article{DaiYYXHZLW23,
  author       = {Zhiyong Dai and
                  Jianjun Yi and
                  Lei Yan and
                  Qingwen Xu and
                  Liang Hu and
                  Qi Zhang and
                  Jiahui Li and
                  Guoqiang Wang},
  title        = {PFEMed: Few-shot medical image classification using prior guided feature
                  enhancement},
  journal      = {Pattern Recognit.},
  volume       = {134},
  pages        = {109108},
  year         = {2023}
}

@article{ZhouLZWC23,
  author       = {Chaofan Zhou and
                  Meiqin Liu and
                  Senlin Zhang and
                  Ping Wei and
                  Badong Chen},
  title        = {Few-Shot Classification of Screen Defects With Class-Agnostic Mask
                  and Context-Based Classifier},
  journal      = {{IEEE} Trans. Instrum. Meas.},
  volume       = {72},
  pages        = {1--16},
  year         = {2023}
}

@article{GargS23a,
  author       = {Shankey Garg and
                  Pradeep Singh},
  title        = {An aggregated loss function based lightweight few shot model for plant
                  leaf disease classification},
  journal      = {Multim. Tools Appl.},
  volume       = {82},
  number       = {15},
  pages        = {23797--23815},
  year         = {2023}
}

@article{ZhaTST23,
  author       = {Zican Zha and
                  Hao Tang and
                  Yunlian Sun and
                  Jinhui Tang},
  title        = {Boosting Few-Shot Fine-Grained Recognition With Background Suppression
                  and Foreground Alignment},
  journal      = {{IEEE} Trans. Circuits Syst. Video Technol.},
  volume       = {33},
  number       = {8},
  pages        = {3947--3961},
  year         = {2023}
}

@article{HuangZZXW21,
  author       = {Huaxi Huang and
                  Junjie Zhang and
                  Jian Zhang and
                  Jingsong Xu and
                  Qiang Wu},
  title        = {Low-Rank Pairwise Alignment Bilinear Network For Few-Shot Fine-Grained
                  Image Classification},
  journal      = {{IEEE} Trans. Multim.},
  volume       = {23},
  pages        = {1666--1680},
  year         = {2021}
}

@article{TianX23,
  author       = {Pinzhuo Tian and
                  Shaorong Xie},
  title        = {An Adversarial Meta-Training Framework for Cross-Domain Few-Shot Learning},
  journal      = {{IEEE} Trans. Multim.},
  volume       = {25},
  pages        = {6881--6891},
  year         = {2023}
}

@article{abs-2206-00092,
  author       = {Fereshteh Shakeri and
                  Malik Boudiaf and
                  Sina Mohammadi and
                  Ivaxi Sheth and
                  Mohammad Havaei and
                  Ismail Ben Ayed and
                  Samira Ebrahimi Kahou},
  title        = {{FHIST:} {A} Benchmark for Few-shot Classification of Histological
                  Images},
  journal      = {CoRR},
  volume       = {abs/2206.00092},
  year         = {2022}
}

@article{PengL0LZ0H23,
  author       = {Zhen Peng and
                  Minnan Luo and
                  Wenbing Huang and
                  Jundong Li and
                  Qinghua Zheng and
                  Fuchun Sun and
                  Junzhou Huang},
  title        = {Learning Representations by Graphical Mutual Information Estimation
                  and Maximization},
  journal      = {{IEEE} Trans. Pattern Anal. Mach. Intell.},
  volume       = {45},
  number       = {1},
  pages        = {722--737},
  year         = {2023}
}

@inproceedings{ChenK0H20,
  author       = {Ting Chen and
                  Simon Kornblith and
                  Mohammad Norouzi and
                  Geoffrey E. Hinton},
  title        = {A Simple Framework for Contrastive Learning of Visual Representations},
  booktitle    = {Proceedings of the 37th International Conference on Machine Learning,
                  {ICML} 2020, 13-18 July 2020, Virtual Event},
  series       = {Proceedings of Machine Learning Research},
  volume       = {119},
  pages        = {1597--1607},
  publisher    = {{PMLR}},
  year         = {2020}
}

@inproceedings{HeCXLDG22,
  author       = {Kaiming He and
                  Xinlei Chen and
                  Saining Xie and
                  Yanghao Li and
                  Piotr Doll{\'{a}}r and
                  Ross B. Girshick},
  title        = {Masked Autoencoders Are Scalable Vision Learners},
  booktitle    = {{IEEE/CVF} Conference on Computer Vision and Pattern Recognition,
                  {CVPR} 2022, New Orleans, LA, USA, June 18-24, 2022},
  pages        = {15979--15988},
  publisher    = {{IEEE}},
  year         = {2022}
}

@inproceedings{GidarisBKPC19,
  author       = {Spyros Gidaris and
                  Andrei Bursuc and
                  Nikos Komodakis and
                  Patrick P{\'{e}}rez and
                  Matthieu Cord},
  title        = {Boosting Few-Shot Visual Learning With Self-Supervision},
  booktitle    = {2019 {IEEE/CVF} International Conference on Computer Vision, {ICCV}
                  2019, Seoul, Korea (South), October 27 - November 2, 2019},
  pages        = {8058--8067},
  publisher    = {{IEEE}},
  year         = {2019}
}

@inproceedings{ChenGZHW21,
  author       = {Zhengyu Chen and
                  Jixie Ge and
                  Heshen Zhan and
                  Siteng Huang and
                  Donglin Wang},
  title        = {Pareto Self-Supervised Training for Few-Shot Learning},
  booktitle    = {{IEEE} Conference on Computer Vision and Pattern Recognition, {CVPR}
                  2021, virtual, June 19-25, 2021},
  pages        = {13663--13672},
  publisher    = {Computer Vision Foundation / {IEEE}},
  year         = {2021}
}

@inproceedings{LiuF0YLWZ21,
  author       = {Chen Liu and
                  Yanwei Fu and
                  Chengming Xu and
                  Siqian Yang and
                  Jilin Li and
                  Chengjie Wang and
                  Li Zhang},
  title        = {Learning a Few-shot Embedding Model with Contrastive Learning},
  booktitle    = {Thirty-Fifth {AAAI} Conference on Artificial Intelligence, {AAAI}
                  2021, Thirty-Third Conference on Innovative Applications of Artificial
                  Intelligence, {IAAI} 2021, The Eleventh Symposium on Educational Advances
                  in Artificial Intelligence, {EAAI} 2021, Virtual Event, February 2-9,
                  2021},
  pages        = {8635--8643},
  publisher    = {{AAAI} Press},
  year         = {2021}
}

@inproceedings{MaXHCGA21,
  author       = {Jiawei Ma and
                  Hanchen Xie and
                  Guangxing Han and
                  Shih{-}Fu Chang and
                  Aram Galstyan and
                  Wael Abd{-}Almageed},
  title        = {Partner-Assisted Learning for Few-Shot Image Classification},
  booktitle    = {2021 {IEEE/CVF} International Conference on Computer Vision, {ICCV}
                  2021, Montreal, QC, Canada, October 10-17, 2021},
  pages        = {10553--10562},
  publisher    = {{IEEE}},
  year         = {2021}
}

@inproceedings{YangWZ22,
  author       = {Zhanyuan Yang and
                  Jinghua Wang and
                  Yingying Zhu},
  editor       = {Shai Avidan and
                  Gabriel J. Brostow and
                  Moustapha Ciss{\'{e}} and
                  Giovanni Maria Farinella and
                  Tal Hassner},
  title        = {Few-Shot Classification with Contrastive Learning},
  booktitle    = {Computer Vision - {ECCV} 2022 - 17th European Conference, Tel Aviv,
                  Israel, October 23-27, 2022, Proceedings, Part {XX}},
  series       = {Lecture Notes in Computer Science},
  volume       = {13680},
  pages        = {293--309},
  publisher    = {Springer},
  year         = {2022}
}

@inproceedings{DoerschGZ20,
  author       = {Carl Doersch and
                  Ankush Gupta and
                  Andrew Zisserman},
  editor       = {Hugo Larochelle and
                  Marc'Aurelio Ranzato and
                  Raia Hadsell and
                  Maria{-}Florina Balcan and
                  Hsuan{-}Tien Lin},
  title        = {CrossTransformers: spatially-aware few-shot transfer},
  booktitle    = {Advances in Neural Information Processing Systems 33: Annual Conference
                  on Neural Information Processing Systems 2020, NeurIPS 2020, December
                  6-12, 2020, virtual},
  year         = {2020}
}

@inproceedings{GidarisSK18,
  author       = {Spyros Gidaris and
                  Praveer Singh and
                  Nikos Komodakis},
  title        = {Unsupervised Representation Learning by Predicting Image Rotations},
  booktitle    = {6th International Conference on Learning Representations, {ICLR} 2018,
                  Vancouver, BC, Canada, April 30 - May 3, 2018, Conference Track Proceedings},
  publisher    = {OpenReview.net},
  year         = {2018}
}

@inproceedings{NorooziF16,
  author       = {Mehdi Noroozi and
                  Paolo Favaro},
  editor       = {Bastian Leibe and
                  Jiri Matas and
                  Nicu Sebe and
                  Max Welling},
  title        = {Unsupervised Learning of Visual Representations by Solving Jigsaw
                  Puzzles},
  booktitle    = {Computer Vision - {ECCV} 2016 - 14th European Conference, Amsterdam,
                  The Netherlands, October 11-14, 2016, Proceedings, Part {VI}},
  series       = {Lecture Notes in Computer Science},
  volume       = {9910},
  pages        = {69--84},
  publisher    = {Springer},
  year         = {2016}
}

@inproceedings{DengDSLL009,
  author       = {Jia Deng and
                  Wei Dong and
                  Richard Socher and
                  Li{-}Jia Li and
                  Kai Li and
                  Li Fei{-}Fei},
  title        = {ImageNet: {A} large-scale hierarchical image database},
  booktitle    = {2009 {IEEE} Computer Society Conference on Computer Vision and Pattern
                  Recognition {(CVPR} 2009), 20-25 June 2009, Miami, Florida, {USA}},
  pages        = {248--255},
  publisher    = {{IEEE} Computer Society},
  year         = {2009}
}

@inproceedings{FanJSCS020,
  author       = {Deng{-}Ping Fan and
                  Ge{-}Peng Ji and
                  Guolei Sun and
                  Ming{-}Ming Cheng and
                  Jianbing Shen and
                  Ling Shao},
  title        = {Camouflaged Object Detection},
  booktitle    = {2020 {IEEE/CVF} Conference on Computer Vision and Pattern Recognition,
                  {CVPR} 2020, Seattle, WA, USA, June 13-19, 2020},
  pages        = {2774--2784},
  publisher    = {Computer Vision Foundation / {IEEE}},
  year         = {2020}
}

@Misc{kaggle,
howpublished = {https://www.kaggle.com/},
title = {Kaggle},
}

@Misc{AIstudio,
howpublished = {https://aistudio.baidu.com/aistudio/datasetoverview},
title = {AIstudio},
}

@Misc{Mushroom,
howpublished = {https://archive.ics.uci.edu/dataset/73/mushroom},
title = {Mushroom},
}


@inproceedings{AnagnostopoulouREFM23,
  author       = {Dafni Anagnostopoulou and
                  George Retsinas and
                  Niki Efthymiou and
                  Panayiotis Paraskevas Filntisis and
                  Petros Maragos},
  title        = {A Realistic Synthetic Mushroom Scenes Dataset},
  booktitle    = {{IEEE/CVF} Conference on Computer Vision and Pattern Recognition,
                  {CVPR} 2023 - Workshops, Vancouver, BC, Canada, June 17-24, 2023},
  pages        = {6282--6289},
  publisher    = {{IEEE}},
  year         = {2023}
}

@inproceedings{WuZLCY19,
  author       = {Xiaoping Wu and
                  Chi Zhan and
                  Yu{-}Kun Lai and
                  Ming{-}Ming Cheng and
                  Jufeng Yang},
  title        = {{IP102:} {A} Large-Scale Benchmark Dataset for Insect Pest Recognition},
  booktitle    = {{IEEE} Conference on Computer Vision and Pattern Recognition, {CVPR}
                  2019, Long Beach, CA, USA, June 16-20, 2019},
  pages        = {8787--8796},
  publisher    = {Computer Vision Foundation / {IEEE}},
  year         = {2019}
}

@article{HughesS15,
  author       = {David P. Hughes and
                  Marcel Salath{\'{e}}},
  title        = {An open access repository of images on plant health to enable the
                  development of mobile disease diagnostics through machine learning
                  and crowdsourcing},
  journal      = {CoRR},
  volume       = {abs/1511.08060},
  year         = {2015}
}

@article{abs-2205-09442,
  author       = {Mei Wang and
                  Weihong Deng},
  title        = {Oracle-MNIST: a Realistic Image Dataset for Benchmarking Machine Learning
                  Algorithms},
  journal      = {CoRR},
  volume       = {abs/2205.09442},
  year         = {2022}
}

@article{abs-1711-05101,
  author       = {Ilya Loshchilov and
                  Frank Hutter},
  title        = {Fixing Weight Decay Regularization in Adam},
  journal      = {CoRR},
  volume       = {abs/1711.05101},
  year         = {2017}
}

@inproceedings{VelickovicCCRLB18,
  author       = {Petar Velickovic and
                  Guillem Cucurull and
                  Arantxa Casanova and
                  Adriana Romero and
                  Pietro Li{\`{o}} and
                  Yoshua Bengio},
  title        = {Graph Attention Networks},
  booktitle    = {6th International Conference on Learning Representations, {ICLR} 2018,
                  Vancouver, BC, Canada, April 30 - May 3, 2018, Conference Track Proceedings},
  publisher    = {OpenReview.net},
  year         = {2018}
}



@inproceedings{LiuLPKYHY19,
  author       = {Yanbin Liu and
                  Juho Lee and
                  Minseop Park and
                  Saehoon Kim and
                  Eunho Yang and
                  Sung Ju Hwang and
                  Yi Yang},
  title        = {Learning to Propagate Labels: Transductive Propagation Network for
                  Few-Shot Learning},
  booktitle    = {7th International Conference on Learning Representations, {ICLR} 2019,
                  New Orleans, LA, USA, May 6-9, 2019},
  publisher    = {OpenReview.net},
  year         = {2019}
}


@inproceedings{CuiG21,
  author       = {Wentao Cui and
                  Yuhong Guo},
  editor       = {Marina Meila and
                  Tong Zhang},
  title        = {Parameterless Transductive Feature Re-representation for Few-Shot
                  Learning},
  booktitle    = {Proceedings of the 38th International Conference on Machine Learning,
                  {ICML} 2021, 18-24 July 2021, Virtual Event},
  series       = {Proceedings of Machine Learning Research},
  volume       = {139},
  pages        = {2212--2221},
  publisher    = {{PMLR}},
  year         = {2021}
}

@article{BendouHLLPPG22,
  author       = {Yassir Bendou and
                  Yuqing Hu and
                  Rapha{\"{e}}l Lafargue and
                  Giulia Lioi and
                  Bastien Pasdeloup and
                  St{\'{e}}phane Pateux and
                  Vincent Gripon},
  title        = {Easy - Ensemble Augmented-Shot-Y-Shaped Learning: State-of-the-Art
                  Few-Shot Classification with Simple Components},
  journal      = {J. Imaging},
  volume       = {8},
  number       = {7},
  pages        = {179},
  year         = {2022}
}


@inproceedings{ZhuK23,
  author       = {Hao Zhu and
                  Piotr Koniusz},
  title        = {Transductive Few-Shot Learning with Prototype-Based Label Propagation
                  by Iterative Graph Refinement},
  booktitle    = {{IEEE/CVF} Conference on Computer Vision and Pattern Recognition,
                  {CVPR} 2023, Vancouver, BC, Canada, June 17-24, 2023},
  pages        = {23996--24006},
  publisher    = {{IEEE}},
  year         = {2023}
}


@article{WangLXHH24,
  author       = {Shuo Wang and
                  Jinda Lu and
                  Haiyang Xu and
                  Yanbin Hao and
                  Xiangnan He},
  title        = {Feature Mixture on Pre-Trained Model for Few-Shot Learning},
  journal      = {{IEEE} Trans. Image Process.},
  volume       = {33},
  pages        = {4104--4115},
  year         = {2024}
}

@inproceedings{ZhangGHS020,
  author       = {Shiwen Zhang and
                  Sheng Guo and
                  Weilin Huang and
                  Matthew R. Scott and
                  Limin Wang},
  title        = {{V4D:} 4D Convolutional Neural Networks for Video-level Representation
                  Learning},
  booktitle    = {8th International Conference on Learning Representations, {ICLR} 2020,
                  Addis Ababa, Ethiopia, April 26-30, 2020},
  publisher    = {OpenReview.net},
  year         = {2020}
}


@inproceedings{ZhouKLOT16,
  author       = {Bolei Zhou and
                  Aditya Khosla and
                  {\`{A}}gata Lapedriza and
                  Aude Oliva and
                  Antonio Torralba},
  title        = {Learning Deep Features for Discriminative Localization},
  booktitle    = {2016 {IEEE} Conference on Computer Vision and Pattern Recognition,
                  {CVPR} 2016, Las Vegas, NV, USA, June 27-30, 2016},
  pages        = {2921--2929},
  publisher    = {{IEEE} Computer Society},
  year         = {2016}
}



@inproceedings{ZhangGLZFxB24,
  author       = {Ruihao Zhang and
                  Jinsong Geng and
                  Cenyu Liu and
                  Wei Zhang and
                  Zunlei Feng and
                  Liang Xue and
                  Yijun Bei},
  editor       = {Zhouchen Lin and
                  Ming{-}Ming Cheng and
                  Ran He and
                  Kurban Ubul and
                  Wushouer Silamu and
                  Hongbin Zha and
                  Jie Zhou and
                  Cheng{-}Lin Liu},
  title        = {Multi-layer Tuning {CLIP} for Few-Shot Image Classification},
  booktitle    = {Pattern Recognition and Computer Vision - 7th Chinese Conference,
                  {PRCV} 2024, Urumqi, China, October 18-20, 2024, Proceedings, Part
                  {V}},
  series       = {Lecture Notes in Computer Science},
  volume       = {15035},
  pages        = {173--186},
  publisher    = {Springer},
  year         = {2024}
}

@article{ZhangLYCCC24,
  author       = {Lei Zhang and
                  Yiting Lin and
                  Xinyu Yang and
                  Tingting Chen and
                  Xiyuan Cheng and
                  Wenbin Cheng},
  title        = {From Sample Poverty to Rich Feature Learning: {A} New Metric Learning
                  Method for Few-Shot Classification},
  journal      = {{IEEE} Access},
  volume       = {12},
  pages        = {124990--125002},
  year         = {2024}
}

@inproceedings{BeiCZHZ24,
  author       = {Jiachen Bei and
                  Guo Cao and
                  Jinbao Zhu and
                  Yingchun Han and
                  Yijun Zhang},
  title        = {Cross-Domain Few-Shot Hyperspectral Image Classification with Bias
                  Diminishing and Domain Bridging},
  booktitle    = {{IGARSS} 2024 - 2024 {IEEE} International Geoscience and Remote Sensing
                  Symposium, Athens, Greece, July 7-12, 2024},
  pages        = {9961--9965},
  publisher    = {{IEEE}},
  year         = {2024}
}




@inproceedings{RadfordKHRGASAM21,
  author       = {Alec Radford and
                  Jong Wook Kim and
                  Chris Hallacy and
                  Aditya Ramesh and
                  Gabriel Goh and
                  Sandhini Agarwal and
                  Girish Sastry and
                  Amanda Askell and
                  Pamela Mishkin and
                  Jack Clark and
                  Gretchen Krueger and
                  Ilya Sutskever},
  editor       = {Marina Meila and
                  Tong Zhang},
  title        = {Learning Transferable Visual Models From Natural Language Supervision},
  booktitle    = {Proceedings of the 38th International Conference on Machine Learning,
                  {ICML} 2021, 18-24 July 2021, Virtual Event},
  series       = {Proceedings of Machine Learning Research},
  volume       = {139},
  pages        = {8748--8763},
  publisher    = {{PMLR}},
  year         = {2021}
}

@inproceedings{ZhangZFGLDQL22,
  author       = {Renrui Zhang and
                  Wei Zhang and
                  Rongyao Fang and
                  Peng Gao and
                  Kunchang Li and
                  Jifeng Dai and
                  Yu Qiao and
                  Hongsheng Li},
  editor       = {Shai Avidan and
                  Gabriel J. Brostow and
                  Moustapha Ciss{\'{e}} and
                  Giovanni Maria Farinella and
                  Tal Hassner},
  title        = {Tip-Adapter: Training-Free Adaption of {CLIP} for Few-Shot Classification},
  booktitle    = {Computer Vision - {ECCV} 2022 - 17th European Conference, Tel Aviv,
                  Israel, October 23-27, 2022, Proceedings, Part {XXXV}},
  series       = {Lecture Notes in Computer Science},
  volume       = {13695},
  pages        = {493--510},
  publisher    = {Springer},
  year         = {2022}
}

@inproceedings{ZhouYL022,
  author       = {Kaiyang Zhou and
                  Jingkang Yang and
                  Chen Change Loy and
                  Ziwei Liu},
  title        = {Conditional Prompt Learning for Vision-Language Models},
  booktitle    = {{IEEE/CVF} Conference on Computer Vision and Pattern Recognition,
                  {CVPR} 2022, New Orleans, LA, USA, June 18-24, 2022},
  pages        = {16795--16804},
  publisher    = {{IEEE}},
  year         = {2022}
}

@inproceedings{ZhuZHZWZ023,
  author       = {Xiangyang Zhu and
                  Renrui Zhang and
                  Bowei He and
                  Aojun Zhou and
                  Dong Wang and
                  Bin Zhao and
                  Peng Gao},
  title        = {Not All Features Matter: Enhancing Few-shot {CLIP} with Adaptive Prior
                  Refinement},
  booktitle    = {{IEEE/CVF} International Conference on Computer Vision, {ICCV} 2023,
                  Paris, France, October 1-6, 2023},
  pages        = {2605--2615},
  publisher    = {{IEEE}},
  year         = {2023}
}


@article{GaoGZMFZLQ24,
  author       = {Peng Gao and
                  Shijie Geng and
                  Renrui Zhang and
                  Teli Ma and
                  Rongyao Fang and
                  Yongfeng Zhang and
                  Hongsheng Li and
                  Yu Qiao},
  title        = {CLIP-Adapter: Better Vision-Language Models with Feature Adapters},
  journal      = {Int. J. Comput. Vis.},
  volume       = {132},
  number       = {2},
  pages        = {581--595},
  year         = {2024}
}