@article{amodei2016concrete,
  title={{Concrete Problems in AI Safety}},
  author={Amodei, Dario and Olah, Chris and Steinhardt, Jacob and Christiano, Paul and Schulman, John and Man{\'e}, Dan},
  journal={arXiv preprint arXiv:1606.06565},
  year={2016}
}

@book{bostrom2014superintelligence,
  title={Superintelligence: Paths, Dangers, Strategies},
  author={Bostrom, Nick},
  year={2014},
  publisher={Oxford University Press},
}

@book{coles2001introduction,
  title={An Introduction to Statistical Modeling of Extreme Values},
  author={Coles, Stuart},
  year={2001},
  publisher={Springer}
}

@incollection{embrechts2002correlation,
  title={Correlation and Dependence in Risk Management: Properties and Pitfalls},
  author={Embrechts, Paul and McNeil, Alexander J and Straumann, Daniel},
  booktitle={Risk Management: Value at Risk and Beyond},
  editor={Dempster, Michael A. H.},
  pages={176--223},
  publisher={Cambridge University Press},
  year={2002}
}

@article{goodfellow2014explaining,
  title={Explaining and Harnessing Adversarial Examples},
  author={Goodfellow, Ian J and Shlens, Jonathon and Szegedy, Christian},
  journal={arXiv preprint arXiv:1412.6572},
  year={2014}
}

@article{lipton2018mythos,
  title={The Mythos of Model Interpretability},
  author={Lipton, Zachary C},
  journal={Queue},
  volume={16},
  number={3},
  pages={31--57},
  year={2018}
}

@book{mcneil2015quantitative,
  title={Quantitative Risk Management: Concepts, Techniques and Tools},
  author={McNeil, Alexander J and Frey, R{\"u}diger and Embrechts, Paul},
  year={2015},
  publisher={Princeton University Press}
}

@article{quinonero2009dataset,
  title={Dataset Shift in Machine Learning},
  author={Quinonero-Candela, Joaquin and Sugiyama, Masashi and Schwaighofer, Alexander and Lawrence, Neil D.},
  journal={MIT Press},
  year={2009}
}

@article{romeijnders2014multivariate,
  title={A multivariate Eisenberg--Noe model for systemic risk},
  author={Romeijnders, Ward and Koolen, Tim and Laeven, Roger},
  journal={SSRN Preprint},
  year={2014}
}

@book{rossstochastic,
  title={Introduction to Probability Models},
  author={Ross, Sheldon M.},
  edition={11th},
  year={2014},
  publisher={Academic Press}
}

@book{russell2019human,
  title={Human Compatible: Artificial Intelligence and the Problem of Control},
  author={Russell, Stuart},
  year={2019},
  publisher={Penguin Random House}
}

@article{varshney2019risk,
  title={{Risk Analysis of AI}},
  author={Varshney, Kush R.},
  journal={{AI Magazine}},
  volume={40},
  number={3},
  pages={37--48},
  year={2019}
}

