@article{choquette2021nvidia,
  title={NVIDIA A100 Tensor Core GPU: Performance and Innovation},
  author={Choquette, Jack and Gandhi, Wishwesh and Giroux, Olivier and Stam, Nick and Krashinsky, Ronny},
  journal={IEEE Micro},
  volume={41},
  number={02},
  pages={29--35},
  year={2021}
}
@article{cnn,
  title={Gradient-based learning applied to document recognition},
  author={LeCun, Yann and Bottou, L{\'e}on and Bengio, Yoshua and Haffner, Patrick},
  journal={Proceedings of the IEEE},
  volume={86},
  number={11},
  pages={2278--2324},
  year={1998},
  publisher={Ieee}
}

@article{transfomer,
  title={Attention is all you need},
  author={Vaswani, Ashish and Shazeer, Noam and Parmar, Niki and Uszkoreit, Jakob and Jones, Llion and Gomez, Aidan N and Kaiser, {\L}ukasz and Polosukhin, Illia},
  journal={NeurIPS},
  volume={30},
  year={2017}
}

@article{depsconv,
  title={Mobilenets: Efficient convolutional neural networks for mobile vision applications},
  author={Howard, Andrew G and Zhu, Menglong and Chen, Bo and Kalenichenko, Dmitry and Wang, Weijun and Weyand, Tobias and Andreetto, Marco and Adam, Hartwig},
  journal={arXiv preprint arXiv:1704.04861},
  year={2017}
}



@inproceedings{vig,
 author = {Han, Kai and Wang, Yunhe and Guo, Jianyuan and Tang, Yehui and Wu, Enhua},
 booktitle = {NeurIPS},
 editor = {S. Koyejo and S. Mohamed and A. Agarwal and D. Belgrave and K. Cho and A. Oh},
 pages = {8291--8303},
 publisher = {Curran Associates, Inc.},
 title = {Vision GNN: An Image is Worth Graph of Nodes},
 url = {https://proceedings.neurips.cc/paper_files/paper/2022/file/3743e69c8e47eb2e6d3afaea80e439fb-Paper-Conference.pdf},
 volume = {35},
 year = {2022}
}

@inproceedings{vit,
	title={An image is worth 16x16 words: Transformers for image recognition at scale},
	author={Dosovitskiy, Alexey and Beyer, Lucas and Kolesnikov, Alexander and Weissenborn, Dirk and Zhai, Xiaohua and Unterthiner, Thomas and Dehghani, Mostafa and Minderer, Matthias and Heigold, Georg and Gelly, Sylvain and others},
	booktitle={ICLR},
	year={2021}
}


@inproceedings{deit,
  title={Training data-efficient image transformers \& distillation through attention},
  author={Touvron, Hugo and Cord, Matthieu and Douze, Matthijs and Massa, Francisco and Sablayrolles, Alexandre and J{\'e}gou, Herv{\'e}},
  booktitle={ICML},
  pages={10347--10357},
  year={2021},
  organization={PMLR}
}

@inproceedings{pvt,
  title={Pyramid vision transformer: A versatile backbone for dense prediction without convolutions},
  author={Wang, Wenhai and Xie, Enze and Li, Xiang and Fan, Deng-Ping and Song, Kaitao and Liang, Ding and Lu, Tong and Luo, Ping and Shao, Ling},
  booktitle={ICCV},
  pages={568--578},
  year={2021}
}

@article{pvtv2,
  title={Pvt v2: Improved baselines with pyramid vision transformer},
  author={Wang, Wenhai and Xie, Enze and Li, Xiang and Fan, Deng-Ping and Song, Kaitao and Liang, Ding and Lu, Tong and Luo, Ping and Shao, Ling},
  journal={CVM},
  volume={8},
  number={3},
  pages={415--424},
  year={2022},
  publisher={Springer}
}
@inproceedings{swin,
  title={Swin transformer: Hierarchical vision transformer using shifted windows},
  author={Liu, Ze and Lin, Yutong and Cao, Yue and Hu, Han and Wei, Yixuan and Zhang, Zheng and Lin, Stephen and Guo, Baining},
  booktitle={ICCV},
  pages={10012--10022},
  year={2021}
}

@inproceedings{convnet,
  title={A convnet for the 2020s},
  author={Liu, Zhuang and Mao, Hanzi and Wu, Chao-Yuan and Feichtenhofer, Christoph and Darrell, Trevor and Xie, Saining},
  booktitle={CVPR},
  pages={11976--11986},
  year={2022}
}
@inproceedings{metaformer,
  title={Metaformer is actually what you need for vision},
  author={Yu, Weihao and Luo, Mi and Zhou, Pan and Si, Chenyang and Zhou, Yichen and Wang, Xinchao and Feng, Jiashi and Yan, Shuicheng},
  booktitle={CVPR},
  pages={10819--10829},
  year={2022}
}

@article{metaformer2,
  title={Metaformer baselines for vision},
  author={Yu, Weihao and Si, Chenyang and Zhou, Pan and Luo, Mi and Zhou, Yichen and Feng, Jiashi and Yan, Shuicheng and Wang, Xinchao},
  journal={arXiv preprint arXiv:2210.13452},
  year={2022}
}

@inproceedings{alexnet,
	title={Imagenet classification with deep convolutional neural networks},
	author={Krizhevsky, Alex and Sutskever, Ilya and Hinton, Geoffrey E},
	booktitle={NeurIPS},
	pages={1097--1105},
	year={2012}
}
@article{vgg,
  title={Very deep convolutional networks for large-scale image recognition},
  author={Simonyan, Karen and Zisserman, Andrew},
  journal={arXiv preprint arXiv:1409.1556},
  year={2014}
}
@inproceedings{googlenet,
  title={Going deeper with convolutions},
  author={Szegedy, Christian and Liu, Wei and Jia, Yangqing and Sermanet, Pierre and Reed, Scott and Anguelov, Dragomir and Erhan, Dumitru and Vanhoucke, Vincent and Rabinovich, Andrew},
  booktitle={CVPR},
  pages={1--9},
  year={2015}
}
@inproceedings{resnet,
  title={Deep residual learning for image recognition},
  author={He, Kaiming and Zhang, Xiangyu and Ren, Shaoqing and Sun, Jian},
  booktitle={CVPR},
  pages={770--778},
  year={2016}
}
@inproceedings{densenet,
  title={Densely connected convolutional networks},
  author={Huang, Gao and Liu, Zhuang and Van Der Maaten, Laurens and Weinberger, Kilian Q},
  booktitle={CVPR},
  pages={4700--4708},
  year={2017}
}
@inproceedings{efficientnet,
  title={Efficientnet: Rethinking model scaling for convolutional neural networks},
  author={Tan, Mingxing and Le, Quoc},
  booktitle={ICML},
  pages={6105--6114},
  year={2019},
  organization={PMLR}
}
@inproceedings{resnetxt,
  title={Aggregated residual transformations for deep neural networks},
  author={Xie, Saining and Girshick, Ross and Doll{\'a}r, Piotr and Tu, Zhuowen and He, Kaiming},
  booktitle={CVPR},
  pages={1492--1500},
  year={2017}
}
@article{mlpmixer,
  title={Mlp-mixer: An all-mlp architecture for vision},
  author={Tolstikhin, Ilya O and Houlsby, Neil and Kolesnikov, Alexander and Beyer, Lucas and Zhai, Xiaohua and Unterthiner, Thomas and Yung, Jessica and Steiner, Andreas and Keysers, Daniel and Uszkoreit, Jakob and others},
  journal={NeurIPS},
  volume={34},
  pages={24261--24272},
  year={2021}
}
@inproceedings{deepgcns,
  title={Deepgcns: Can gcns go as deep as cnns?},
  author={Li, Guohao and Muller, Matthias and Thabet, Ali and Ghanem, Bernard},
  booktitle={ICCV},
  pages={9267--9276},
  year={2019}
}
@article{imagenet,
  title={Imagenet large scale visual recognition challenge},
  author={Russakovsky, Olga and Deng, Jia and Su, Hao and Krause, Jonathan and Satheesh, Sanjeev and Ma, Sean and Huang, Zhiheng and Karpathy, Andrej and Khosla, Aditya and Bernstein, Michael and others},
  journal={IJCV},
  volume={115},
  pages={211--252},
  year={2015},
  publisher={Springer}
}
@inproceedings{coco,
  title={Microsoft coco: Common objects in context},
  author={Lin, Tsung-Yi and Maire, Michael and Belongie, Serge and Hays, James and Perona, Pietro and Ramanan, Deva and Doll{\'a}r, Piotr and Zitnick, C Lawrence},
  booktitle={ECCV},
  pages={740--755},
  year={2014},
  organization={Springer}
}
@article{gelu,
  title={Gaussian error linear units (gelus)},
  author={Hendrycks, Dan and Gimpel, Kevin},
  journal={arXiv preprint arXiv:1606.08415},
  year={2016}
}
@inproceedings{randaugment,
  title={Randaugment: Practical automated data augmentation with a reduced search space},
  author={Cubuk, Ekin D and Zoph, Barret and Shlens, Jonathon and Le, Quoc V},
  booktitle={CVPRW},
  pages={702--703},
  year={2020}
}
@article{mixup,
  title={mixup: Beyond empirical risk minimization},
  author={Zhang, Hongyi and Cisse, Moustapha and Dauphin, Yann N and Lopez-Paz, David},
  journal={arXiv preprint arXiv:1710.09412},
  year={2017}
}
@inproceedings{cutmix,
  title={Cutmix: Regularization strategy to train strong classifiers with localizable features},
  author={Yun, Sangdoo and Han, Dongyoon and Oh, Seong Joon and Chun, Sanghyuk and Choe, Junsuk and Yoo, Youngjoon},
  booktitle={ICCV},
  pages={6023--6032},
  year={2019}
}
@inproceedings{randomeras,
  title={Random erasing data augmentation},
  author={Zhong, Zhun and Zheng, Liang and Kang, Guoliang and Li, Shaozi and Yang, Yi},
  booktitle={AAAI},
  pages={13001--13008},
  year={2020}
}
@inproceedings{repeatedaugment,
  title={Augment your batch: Improving generalization through instance repetition},
  author={Hoffer, Elad and Ben-Nun, Tal and Hubara, Itay and Giladi, Niv and Hoefler, Torsten and Soudry, Daniel},
  booktitle={CVPR},
  pages={8129--8138},
  year={2020}
}
@inproceedings{retinanet,
  title={Focal loss for dense object detection},
  author={Lin, Tsung-Yi and Goyal, Priya and Girshick, Ross and He, Kaiming and Doll{\'a}r, Piotr},
  booktitle={ICCV},
  pages={2980--2988},
  year={2017}
}
@inproceedings{maskrcnn,
  title={Mask r-cnn},
  author={He, Kaiming and Gkioxari, Georgia and Doll{\'a}r, Piotr and Girshick, Ross},
  booktitle={ICCV},
  pages={2961--2969},
  year={2017}
}
@article{pytorch,
  title={Pytorch: An imperative style, high-performance deep learning library},
  author={Paszke, Adam and Gross, Sam and Massa, Francisco and Lerer, Adam and Bradbury, James and Chanan, Gregory and Killeen, Trevor and Lin, Zeming and Gimelshein, Natalia and Antiga, Luca and others},
  journal={NeurIPS},
  volume={32},
  year={2019}
}
@article{AdamW,
  title={Decoupled weight decay regularization},
  author={Loshchilov, Ilya and Hutter, Frank},
  journal={arXiv preprint arXiv:1711.05101},
  year={2017}
}
@inproceedings{labelsmooth,
  title={Rethinking the inception architecture for computer vision},
  author={Szegedy, Christian and Vanhoucke, Vincent and Ioffe, Sergey and Shlens, Jon and Wojna, Zbigniew},
  booktitle={CVPR},
  pages={2818--2826},
  year={2016}
}
@inproceedings{stochasticpath,
  title={Deep networks with stochastic depth},
  author={Huang, Gao and Sun, Yu and Liu, Zhuang and Sedra, Daniel and Weinberger, Kilian Q},
  booktitle={ECCV},
  pages={646--661},
  year={2016},
  organization={Springer}
}
@misc{timm,
  title={Pytorch image models},
  author={Wightman, Ross and others},
  year={2019}
}
@article{ema,
  title={Acceleration of stochastic approximation by averaging},
  author={Polyak, Boris T and Juditsky, Anatoli B},
  journal={SIAM Journal on Control and Optimization},
  volume={30},
  number={4},
  pages={838--855},
  year={1992},
  publisher={SIAM}
}
@article{mmdetection,
  title={MMDetection: Open mmlab detection toolbox and benchmark},
  author={Chen, Kai and Wang, Jiaqi and Pang, Jiangmiao and Cao, Yuhang and Xiong, Yu and Li, Xiaoxiao and Sun, Shuyang and Feng, Wansen and Liu, Ziwei and Xu, Jiarui and others},
  journal={arXiv preprint arXiv:1906.07155},
  year={2019}
}
@article{knowledgedistilling,
  title={Distilling the knowledge in a neural network},
  author={Hinton, Geoffrey and Vinyals, Oriol and Dean, Jeff},
  journal={arXiv preprint arXiv:1503.02531},
  year={2015}
}

@inproceedings{PositionalEncoding1,
	title={Conditional Positional Encodings for Vision Transformers},
	author={Xiangxiang Chu and Zhi Tian and Bo Zhang and Xinlong Wang and Chunhua Shen},
	booktitle={ICLR},
	url={https://openreview.net/forum?id=3KWnuT-R1bh},
	year={2023}
}
@article{PositionalEncoding2,
  title={How Much Position Information Do Convolutional Neural Networks Encode},
  author={Amirul Islam and Sen Jia and Neil D. B. Bruce},
  journal={arXiv preprint arXiv:2001.08248},
  year={2020}
}
@article{PositionalEncoding3,
  title={LocalViT: Bringing Locality to Vision Transformers},
  author={Yawei Li and Kai Zhang and Jiezhang Cao and Radu Timofte and Luc Van Gool},
  journal={arXiv preprint arXiv:2104.05707},
  year={2021}
}
@inproceedings{cvt,
  title={Cvt: Introducing convolutions to vision transformers},
  author={Wu, Haiping and Xiao, Bin and Codella, Noel and Liu, Mengchen and Dai, Xiyang and Yuan, Lu and Zhang, Lei},
  booktitle={ICCV},
  pages={22--31},
  year={2021}
}
@inproceedings{cait,
  title={Going deeper with image transformers},
  author={Touvron, Hugo and Cord, Matthieu and Sablayrolles, Alexandre and Synnaeve, Gabriel and J{\'e}gou, Herv{\'e}},
  booktitle={ICCV},
  pages={32--42},
  year={2021}
}
@inproceedings{shufflenet,
  title={Shufflenet: An extremely efficient convolutional neural network for mobile devices},
  author={Zhang, Xiangyu and Zhou, Xinyu and Lin, Mengxiao and Sun, Jian},
  booktitle={CVPR},
  pages={6848--6856},
  year={2018}
}

@inproceedings{convnextv2,
  title={Convnext v2: Co-designing and scaling convnets with masked autoencoders},
  author={Woo, Sanghyun and Debnath, Shoubhik and Hu, Ronghang and Chen, Xinlei and Liu, Zhuang and Kweon, In So and Xie, Saining},
  booktitle={CVPR},
  pages={16133--16142},
  year={2023}
}
@article{mlp,
  title={The perceptron: a probabilistic model for information storage and organization in the brain.},
  author={Rosenblatt, Frank},
  journal={Psychological Review},
  volume={65},
  number={6},
  pages={386},
  year={1958},
  publisher={American Psychological Association}
}
@techreport{mlp1,
  title={Learning internal representations by error propagation},
  author={Rumelhart, David E and Hinton, Geoffrey E and Williams, Ronald J},
  year={1985},
  institution={California Univ San Diego La Jolla Inst for Cognitive Science}
}
@inproceedings{cyclemlp,
	title={Cyclemlp: A mlp-like architecture for dense prediction},
	author={Chen, Shoufa and Xie, Enze and Ge, Chongjian and Liang, Ding and Luo, Ping},
	booktitle={ICLR},
	year={2022}
}

@article{resmlp,
  title={Resmlp: Feedforward networks for image classification with data-efficient training},
  author={Touvron, Hugo and Bojanowski, Piotr and Caron, Mathilde and Cord, Matthieu and El-Nouby, Alaaeldin and Grave, Edouard and Izacard, Gautier and Joulin, Armand and Synnaeve, Gabriel and Verbeek, Jakob and others},
  journal={IEEE PAMI},
  year={2022},
  publisher={IEEE}
}


@article{gcn,
  title={Semi-supervised classification with graph convolutional networks},
  author={Kipf, Thomas N and Welling, Max},
  journal={arXiv preprint arXiv:1609.02907},
  year={2016}
}
@article{graphsage,
  title={Inductive representation learning on large graphs},
  author={Hamilton, Will and Ying, Zhitao and Leskovec, Jure},
  journal={NeurIPS},
  volume={30},
  year={2017}
}
@article{gat,
  title={Graph attention networks},
  author={Veli{\v{c}}kovi{\'c}, Petar and Cucurull, Guillem and Casanova, Arantxa and Romero, Adriana and Lio, Pietro and Bengio, Yoshua},
  journal={arXiv preprint arXiv:1710.10903},
  year={2017}
}
@inproceedings{hgnn,
  title={Hypergraph neural networks},
  author={Feng, Yifan and You, Haoxuan and Zhang, Zizhao and Ji, Rongrong and Gao, Yue},
  booktitle={AAAI},
  pages={3558--3565},
  year={2019}
}
@inproceedings{gnn1,
  title={A new model for learning in graph domains},
  author={Gori, Marco and Monfardini, Gabriele and Scarselli, Franco},
  booktitle={Proceedings. 2005 IEEE International Joint Conference on Neural Networks, 2005.},
  volume={2},
  pages={729--734},
  year={2005},
  organization={IEEE}
}
@article{gnn,
  title={The graph neural network model},
  author={Scarselli, Franco and Gori, Marco and Tsoi, Ah Chung and Hagenbuchner, Markus and Monfardini, Gabriele},
  journal={IEEE Transactions on Neural Networks},
  volume={20},
  number={1},
  pages={61--80},
  year={2008},
  publisher={IEEE}
}
@inproceedings{mlgcn,
  title={Multi-label image recognition with graph convolutional networks},
  author={Chen, Zhao-Min and Wei, Xiu-Shen and Wang, Peng and Guo, Yanwen},
  booktitle={CVPR},
  pages={5177--5186},
  year={2019}
}
@inproceedings{detector1,
  title={Spatial-aware graph relation network for large-scale object detection},
  author={Xu, Hang and Jiang, Chenhan and Liang, Xiaodan and Li, Zhenguo},
  booktitle={CVPR},
  pages={9298--9307},
  year={2019}
}
@inproceedings{detector2,
  title={GraphFPN: Graph feature pyramid network for object detection},
  author={Zhao, Gangming and Ge, Weifeng and Yu, Yizhou},
  booktitle={ICCV},
  pages={2763--2772},
  year={2021}
}
@article{dgcnet,
  title={Dual graph convolutional network for semantic segmentation},
  author={Zhang, Li and Li, Xiangtai and Arnab, Anurag and Yang, Kuiyuan and Tong, Yunhai and Torr, Philip HS},
  journal={arXiv preprint arXiv:1909.06121},
  year={2019}
}
@inproceedings{video1,
  title={Videos as space-time region graphs},
  author={Wang, Xiaolong and Gupta, Abhinav},
  booktitle={ECCV},
  pages={399--417},
  year={2018}
}
@inproceedings{video2,
  title={Graph convolutional networks for temporal action localization},
  author={Zeng, Runhao and Huang, Wenbing and Tan, Mingkui and Rong, Yu and Zhao, Peilin and Huang, Junzhou and Gan, Chuang},
  booktitle={ICCV},
  pages={7094--7103},
  year={2019}
}
@inproceedings{video3,
  title={Zero-shot video object segmentation via attentive graph neural networks},
  author={Wang, Wenguan and Lu, Xiankai and Shen, Jianbing and Crandall, David J and Shao, Ling},
  booktitle={ICCV},
  pages={9236--9245},
  year={2019}
}
@inproceedings{vqa,
  title={Graph-structured representations for visual question answering},
  author={Teney, Damien and Liu, Lingqiao and van Den Hengel, Anton},
  booktitle={CVPR},
  pages={1--9},
  year={2017}
}
@inproceedings{visualgrounding,
  title={Cross-modal relationship inference for grounding referring expressions},
  author={Yang, Sibei and Li, Guanbin and Yu, Yizhou},
  booktitle={CVPR},
  pages={4145--4154},
  year={2019}
}
@inproceedings{imagecaptioning,
  title={Exploring visual relationship for image captioning},
  author={Yao, Ting and Pan, Yingwei and Li, Yehao and Mei, Tao},
  booktitle={ECCV},
  pages={684--699},
  year={2018}
}
@inproceedings{pointclassification,
  title={Exploring visual relationship for image captioning},
  author={Yao, Ting and Pan, Yingwei and Li, Yehao and Mei, Tao},
  booktitle={ECCV},
  pages={684--699},
  year={2018}
}
@inproceedings{3ddetection,
  title={Deep continuous fusion for multi-sensor 3d object detection},
  author={Liang, Ming and Yang, Bin and Wang, Shenlong and Urtasun, Raquel},
  booktitle={ECCV},
  pages={641--656},
  year={2018}
}
@article{brainactivity,
  title={Identification of autism spectrum disorder using deep learning and the ABIDE dataset},
  author={Heinsfeld, Anibal S{\'o}lon and Franco, Alexandre Rosa and Craddock, R Cameron and Buchweitz, Augusto and Meneguzzi, Felipe},
  journal={NeuroImage: Clinical},
  volume={17},
  pages={16--23},
  year={2018},
  publisher={Elsevier}
}
@article{diseasediagnosis,
  title={Disease prediction using graph convolutional networks: application to autism spectrum disorder and Alzheimer’s disease},
  author={Parisot, Sarah and Ktena, Sofia Ira and Ferrante, Enzo and Lee, Matthew and Guerrero, Ricardo and Glocker, Ben and Rueckert, Daniel},
  journal={Medical Image Analysis},
  volume={48},
  pages={117--130},
  year={2018},
  publisher={Elsevier}
}
@inproceedings{anatomysegmentation,
  title={Convolutional neural networks for mesh-based parcellation of the cerebral cortex},
  author={Cucurull, Guillem and Wagstyl, Konrad and Casanova, Arantxa and Veli{\v{c}}kovi{\'c}, Petar and Jakobsen, Estrid and Drozdzal, Michal and Romero, Adriana and Evans, Alan and Bengio, Yoshua},
  booktitle={Medical Imaging with Deep Learning},
  year={2018}
}
@article{deepergcn,
  title={Deepergcn: All you need to train deeper gcns},
  author={Li, Guohao and Xiong, Chenxin and Thabet, Ali and Ghanem, Bernard},
  journal={arXiv preprint arXiv:2006.07739},
  year={2020}
}
@inproceedings{ade20k,
  title={Scene parsing through ade20k dataset},
  author={Zhou, Bolei and Zhao, Hang and Puig, Xavier and Fidler, Sanja and Barriuso, Adela and Torralba, Antonio},
  booktitle={CVPR},
  pages={633--641},
  year={2017}
}

@misc{mmseg,
  title={MMSegmentation: Openmmlab semantic segmentation toolbox and benchmark},
  author={Contributors, MMSegmentation},
  year={2020}
}

@inproceedings{SemanticFPN,
  title={Panoptic feature pyramid networks},
  author={Kirillov, Alexander and Girshick, Ross and He, Kaiming and Doll{\'a}r, Piotr},
  booktitle={CVPR},
  pages={6399--6408},
  year={2019}
}
@inproceedings{Xavier,
  title={Understanding the difficulty of training deep feedforward neural networks},
  author={Glorot, Xavier and Bengio, Yoshua},
  booktitle={Proceedings of the Thirteenth International Conference on Artificial Intelligence and Statistics},
  pages={249--256},
  year={2010},
  organization={JMLR}
}
@article{commonpractice,
  title={Deeplab: Semantic image segmentation with deep convolutional nets, atrous convolution, and fully connected crfs},
  author={Chen, Liang-Chieh and Papandreou, George and Kokkinos, Iasonas and Murphy, Kevin and Yuille, Alan L},
  journal={IEEE PAMI},
  volume={40},
  number={4},
  pages={834--848},
  year={2017},
  publisher={IEEE}
}
@article{gMLP,
  title={Pay attention to mlps},
  author={Liu, Hanxiao and Dai, Zihang and So, David and Le, Quoc V},
  journal={NeurIPS},
  volume={34},
  pages={9204--9215},
  year={2021}
}
@inproceedings{1000GNN,
  title={Training graph neural networks with 1000 layers},
  author={Li, Guohao and M{\"u}ller, Matthias and Ghanem, Bernard and Koltun, Vladlen},
  booktitle={ICML},
  pages={6437--6449},
  year={2021},
  organization={PMLR}
}
 @misc{layernorm,   title={Layer Normalization},  journal={arXiv: Machine Learning},  author={Ba, Jimmy and Kiros, JamieRyan and Hinton, GeoffreyE.},  year={2016},  month={Jul}  }

@article{van,
  title={Visual attention network},
  author={Guo, Meng-Hao and Lu, Cheng-Ze and Liu, Zheng-Ning and Cheng, Ming-Ming and Hu, Shi-Min},
  journal={CVM},
  pages={1--20},
  year={2023},
  publisher={Springer}
}


@article{resnetstrike,
  title={Resnet strikes back: An improved training procedure in timm},
  author={Wightman, Ross and Touvron, Hugo and J{\'e}gou, Herv{\'e}},
  journal={arXiv preprint arXiv:2110.00476},
  year={2021}
}
@inproceedings{T2T,
  title={Tokens-to-token vit: Training vision transformers from scratch on imagenet},
  author={Yuan, Li and Chen, Yunpeng and Wang, Tao and Yu, Weihao and Shi, Yujun and Jiang, Zi-Hang and Tay, Francis EH and Feng, Jiashi and Yan, Shuicheng},
  booktitle={ICCV},
  pages={558--567},
  year={2021}
}
@article{TNT,
  title={Transformer in transformer},
  author={Han, Kai and Xiao, An and Wu, Enhua and Guo, Jianyuan and Xu, Chunjing and Wang, Yunhe},
  journal={NeurIPS},
  volume={34},
  pages={15908--15919},
  year={2021}
}
@article{convmix,
  title={Patches are all you need?},
  author={Trockman, Asher and Kolter, J Zico},
  journal={arXiv preprint arXiv:2201.09792},
  year={2022}
}
@inproceedings{depsconv2,
  title={Xception: Deep learning with depthwise separable convolutions},
  author={Chollet, Fran{\c{c}}ois},
  booktitle={CVPR},
  pages={1251--1258},
  year={2017}
}

@inproceedings{attention1,
  title={Squeeze-and-excitation networks},
  author={Hu, Jie and Shen, Li and Sun, Gang},
  booktitle={CVPR},
  pages={7132--7141},
  year={2018}
}

@inproceedings{attention2,
  title={Cbam: Convolutional block attention module},
  author={Woo, Sanghyun and Park, Jongchan and Lee, Joon-Young and Kweon, In So},
  booktitle={ECCV},
  pages={3--19},
  year={2018}
}

@inproceedings{attention3,
  title={ECA-Net: Efficient channel attention for deep convolutional neural networks},
  author={Wang, Qilong and Wu, Banggu and Zhu, Pengfei and Li, Peihua and Zuo, Wangmeng and Hu, Qinghua},
  booktitle={CVPR},
  pages={11534--11542},
  year={2020}
}
@inproceedings{attention4,
  title={Coordinate attention for efficient mobile network design},
  author={Hou, Qibin and Zhou, Daquan and Feng, Jiashi},
  booktitle={CVPR},
  pages={13713--13722},
  year={2021}
}
@inproceedings{RepLKNet,
  title={Scaling up your kernels to 31x31: Revisiting large kernel design in cnns},
  author={Ding, Xiaohan and Zhang, Xiangyu and Han, Jungong and Ding, Guiguang},
  booktitle={CVPR},
  pages={11963--11975},
  year={2022}
}


@inproceedings{batchnorm,
  title={Batch normalization: Accelerating deep network training by reducing internal covariate shift},
  author={Ioffe, Sergey and Szegedy, Christian},
  booktitle={ICML},
  pages={448--456},
  year={2015},
  organization={pmlr}
}

@inproceedings{inceptionv2,
  title={Batch normalization: Accelerating deep network training by reducing internal covariate shift},
  author={Ioffe, Sergey and Szegedy, Christian},
  booktitle={ICML},
  pages={448--456},
  year={2015},
  organization={pmlr}
}
@inproceedings{inceptionv3,
  title={Rethinking the inception architecture for computer vision},
  author={Szegedy, Christian and Vanhoucke, Vincent and Ioffe, Sergey and Shlens, Jon and Wojna, Zbigniew},
  booktitle={CVPR},
  pages={2818--2826},
  year={2016}
}
@inproceedings{repvgg,
  title={Repvgg: Making vgg-style convnets great again},
  author={Ding, Xiaohan and Zhang, Xiangyu and Ma, Ningning and Han, Jungong and Ding, Guiguang and Sun, Jian},
  booktitle={CVPR},
  pages={13733--13742},
  year={2021}
}
@inproceedings{biformer,
  title={BiFormer: Vision Transformer with Bi-Level Routing Attention},
  author={Zhu, Lei and Wang, Xinjiang and Ke, Zhanghan and Zhang, Wayne and Lau, Rynson WH},
  booktitle={CVPR},
  pages={10323--10333},
  year={2023}
}
@inproceedings{svit,
  title={Vision Transformer with Super Token Sampling},
  author={Huang, Huaibo and Zhou, Xiaoqiang and Cao, Jie and He, Ran and Tan, Tieniu},
  booktitle={CVPR},
  pages={22690--22699},
  year={2023}
}
@article{dilateformer,
  title={Dilateformer: Multi-scale dilated transformer for visual recognition},
  author={Jiao, Jiayu and Tang, Yu-Ming and Lin, Kun-Yu and Gao, Yipeng and Ma, Jinhua and Wang, Yaowei and Zheng, Wei-Shi},
  journal={TMM},
  year={2023},
  publisher={IEEE}
}
@inproceedings{maxvit,
  title={Maxvit: Multi-axis vision transformer},
  author={Tu, Zhengzhong and Talebi, Hossein and Zhang, Han and Yang, Feng and Milanfar, Peyman and Bovik, Alan and Li, Yinxiao},
  booktitle={ECCV},
  pages={459--479},
  year={2022},
  organization={Springer}
}
@article{focalformer,
  title={Focal self-attention for local-global interactions in vision transformers},
  author={Yang, Jianwei and Li, Chunyuan and Zhang, Pengchuan and Dai, Xiyang and Xiao, Bin and Yuan, Lu and Gao, Jianfeng},
  journal={arXiv preprint arXiv:2107.00641},
  year={2021}
}
@article{Context-Cluster,
  title={Image as Set of Points},
  author={Ma, Xu and Zhou, Yuqian and Wang, Huan and Qin, Can and Sun, Bin and Liu, Chang and Fu, Yun},
  journal={ICLR},
  year={2023}
}
@inproceedings{Grad-cam,
  title={Grad-cam: Visual explanations from deep networks via gradient-based localization},
  author={Selvaraju, Ramprasaath R and Cogswell, Michael and Das, Abhishek and Vedantam, Ramakrishna and Parikh, Devi and Batra, Dhruv},
  booktitle={ICCV},
  pages={618--626},
  year={2017}
}
@inproceedings{vihgnn,
  title={Vision HGNN: An Image is More than a Graph of Nodes},
  author={Han, Yan and Wang, Peihao and Kundu, Souvik and Ding, Ying and Wang, Zhangyang},
  booktitle={ICCV},
  pages={19878--19888},
  year={2023}
}
@inproceedings{SLaK,
  title={More ConvNets in the 2020s: Scaling up Kernels Beyond 51x51 using Sparsity},
  author={Liu, Shiwei and Chen, Tianlong and Chen, Xiaohan and Chen, Xuxi and Xiao, Qiao and Wu, Boqian and K{\"a}rkkainen, Tommi and Pechenizkiy, Mykola and Mocanu, Decebal C and Wang, Zhangyang},
  booktitle={ICLR},
  year={2023}
}
@inproceedings{flattenvit,
  title={Flatten transformer: Vision transformer using focused linear attention},
  author={Han, Dongchen and Pan, Xuran and Han, Yizeng and Song, Shiji and Huang, Gao},
  booktitle={ICCV},
  pages={5961--5971},
  year={2023}
}
@inproceedings{SlideTransformer,
  title={Slide-Transformer: Hierarchical Vision Transformer with Local Self-Attention},
  author={Pan, Xuran and Ye, Tianzhu and Xia, Zhuofan and Song, Shiji and Huang, Gao},
  booktitle={CVPR},
  pages={2082--2091},
  year={2023}
}

@book{clustering1,
  title={Digital image processing},
  author={Castleman, Kenneth R},
  year={1996},
  publisher={Prentice Hall Press}
}
@article{clustering2,
  title={SLIC superpixels compared to state-of-the-art superpixel methods},
  author={Achanta, Radhakrishna and Shaji, Appu and Smith, Kevin and Lucchi, Aurelien and Fua, Pascal and S{\"u}sstrunk, Sabine},
  journal={IEEE PAMI},
  volume={34},
  number={11},
  pages={2274--2282},
  year={2012},
  publisher={IEEE}
}
@inproceedings{clustering3,
  title={Superpixel sampling networks},
  author={Jampani, Varun and Sun, Deqing and Liu, Ming-Yu and Yang, Ming-Hsuan and Kautz, Jan},
  booktitle={ECCV},
  pages={352--368},
  year={2018}
}
@inproceedings{clustering4,
  title={Interpretable and accurate fine-grained recognition via region grouping},
  author={Huang, Zixuan and Li, Yin},
  booktitle={CVPR},
  pages={8662--8672},
  year={2020}
}
@inproceedings{clusteringseg1,
  title={Learning a classification model for segmentation},
  author={Ren and Malik},
  booktitle={ICCV},
  pages={10--17},
  year={2003},
  organization={IEEE}
}
@inproceedings{clusteringseg2,
  title={Superpixel segmentation using linear spectral clustering},
  author={Li, Zhengqin and Chen, Jiansheng},
  booktitle={CVPR},
  pages={1356--1363},
  year={2015}
}
@inproceedings{clusteringseg3,
  title={k-means Mask Transformer},
  author={Yu, Qihang and Wang, Huiyu and Qiao, Siyuan and Collins, Maxwell and Zhu, Yukun and Adam, Hartwig and Yuille, Alan and Chen, Liang-Chieh},
  booktitle={ECCV},
  pages={288--307},
  year={2022},
  organization={Springer}
}
@article{clusteringseg4,
  title={Rethinking network design and local geometry in point cloud: A simple residual MLP framework},
  author={Ma, Xu and Qin, Can and You, Haoxuan and Ran, Haoxi and Fu, Yun},
  journal={arXiv preprint arXiv:2202.07123},
  year={2022}
}
@inproceedings{clusteringseg5,
  title={Cmt-deeplab: Clustering mask transformers for panoptic segmentation},
  author={Yu, Qihang and Wang, Huiyu and Kim, Dahun and Qiao, Siyuan and Collins, Maxwell and Zhu, Yukun and Adam, Hartwig and Yuille, Alan and Chen, Liang-Chieh},
  booktitle={CVPR},
  pages={2560--2570},
  year={2022}
}
@article{jftconvnets,
  title={ConvNets Match Vision Transformers at Scale},
  author={Smith, Samuel L and Brock, Andrew and Berrada, Leonard and De, Soham},
  journal={arXiv preprint arXiv:2310.16764},
  year={2023}
}

@article{warmup,
  title={Accurate, large minibatch sgd: Training imagenet in 1 hour},
  author={Goyal, Priya and Doll{\'a}r, Piotr and Girshick, Ross and Noordhuis, Pieter and Wesolowski, Lukasz and Kyrola, Aapo and Tulloch, Andrew and Jia, Yangqing and He, Kaiming},
  journal={arXiv preprint arXiv:1706.02677},
  year={2017}
}

@inproceedings{upernet,
  title={Unified perceptual parsing for scene understanding},
  author={Xiao, Tete and Liu, Yingcheng and Zhou, Bolei and Jiang, Yuning and Sun, Jian},
  booktitle={ECCV},
  pages={418--434},
  year={2018}
}

@article{clusterformer,
  title={ClusterFormer: Clustering As A Universal Visual Learner},
  author={Liang, James C and Cui, Yiming and Wang, Qifan and Geng, Tong and Wang, Wenguan and Liu, Dongfang},
  journal={NeurIPS},
  year={2023}
}
@inproceedings{cswin,
  title={Cswin transformer: A general vision transformer backbone with cross-shaped windows},
  author={Dong, Xiaoyi and Bao, Jianmin and Chen, Dongdong and Zhang, Weiming and Yu, Nenghai and Yuan, Lu and Chen, Dong and Guo, Baining},
  booktitle={CVPR},
  pages={12124--12134},
  year={2022}
}
@inproceedings{dat,
  title={Vision transformer with deformable attention},
  author={Xia, Zhuofan and Pan, Xuran and Song, Shiji and Li, Li Erran and Huang, Gao},
  booktitle={CVPR},
  pages={4794--4803},
  year={2022}
}
@inproceedings{detr,
  title={End-to-end object detection with transformers},
  author={Carion, Nicolas and Massa, Francisco and Synnaeve, Gabriel and Usunier, Nicolas and Kirillov, Alexander and Zagoruyko, Sergey},
  booktitle={ECCV},
  pages={213--229},
  year={2020},
  organization={Springer}
}

@inproceedings{unireplknet,
  title={UniRepLKNet: A Universal Perception Large-Kernel ConvNet for Audio Video Point Cloud Time-Series and Image Recognition},
  author={Ding, Xiaohan and Zhang, Yiyuan and Ge, Yixiao and Zhao, Sijie and Song, Lin and Yue, Xiangyu and Shan, Ying},
  booktitle={CVPR},
  pages={5513--5524},
  year={2024}
}
@inproceedings{GCViT,
  title={Global context vision transformers},
  author={Hatamizadeh, Ali and Yin, Hongxu and Heinrich, Greg and Kautz, Jan and Molchanov, Pavlo},
  booktitle={ICML},
  pages={12633--12646},
  year={2023},
  organization={PMLR}
}
@inproceedings{nat,
  title={Neighborhood attention transformer},
  author={Hassani, Ali and Walton, Steven and Li, Jiachen and Li, Shen and Shi, Humphrey},
  booktitle={CVPR},
  pages={6185--6194},
  year={2023}
}
@inproceedings{internimage,
  title={Internimage: Exploring large-scale vision foundation models with deformable convolutions},
  author={Wang, Wenhai and Dai, Jifeng and Chen, Zhe and Huang, Zhenhang and Li, Zhiqi and Zhu, Xizhou and Hu, Xiaowei and Lu, Tong and Lu, Lewei and Li, Hongsheng and others},
  booktitle={CVPR},
  pages={14408--14419},
  year={2023}
}
@article{Slidingwindow,
  title={Stand-alone self-attention in vision models},
  author={Ramachandran, Prajit and Parmar, Niki and Vaswani, Ashish and Bello, Irwan and Levskaya, Anselm and Shlens, Jon},
  journal={NeurIPS},
  volume={32},
  year={2019}
}
@article{SpatiallySep,
  title={Twins: Revisiting the design of spatial attention in vision transformers},
  author={Chu, Xiangxiang and Tian, Zhi and Wang, Yuqing and Zhang, Bo and Ren, Haibing and Wei, Xiaolin and Xia, Huaxia and Shen, Chunhua},
  journal={NeurIPS},
  volume={34},
  pages={9355--9366},
  year={2021}
}
@article{SequentialAxial,
  title={Axial attention in multidimensional transformers},
  author={Ho, Jonathan and Kalchbrenner, Nal and Weissenborn, Dirk and Salimans, Tim},
  journal={arXiv preprint arXiv:1912.12180},
  year={2019}
}
@inproceedings{Criss-Cross,
  title={Ccnet: Criss-cross attention for semantic segmentation},
  author={Huang, Zilong and Wang, Xinggang and Huang, Lichao and Huang, Chang and Wei, Yunchao and Liu, Wenyu},
  booktitle={ICCV},
  pages={603--612},
  year={2019}
}
@article{mamba,
  title={Mamba: Linear-time sequence modeling with selective state spaces},
  author={Gu, Albert and Dao, Tri},
  journal={arXiv preprint arXiv:2312.00752},
  year={2023}
}
@inproceedings{vmamba,
  title={Vmamba: Visual state space model},
  author={Liu, Yue and Tian, Yunjie and Zhao, Yuzhong and Yu, Hongtian and Xie, Lingxi and Wang, Yaowei and Ye, Qixiang and Liu, Yunfan},
  booktitle={NeurIPS},
  year={2024}
}
@inproceedings{vim,
  title={Vision Mamba: Efficient Visual Representation Learning with Bidirectional State Space Model},
  author={Zhu, Lianghui and Liao, Bencheng and Zhang, Qian and Wang, Xinlong and Liu, Wenyu and Wang, Xinggang},
  booktitle={ICML},
  year={2024}
}
@inproceedings{inceptionnext,
  title={Inceptionnext: When inception meets convnext},
  author={Yu, Weihao and Zhou, Pan and Yan, Shuicheng and Wang, Xinchao},
  booktitle={CVPR},
  pages={5672--5683},
  year={2024}
}
@article{localmamba,
  title={Localmamba: Visual state space model with windowed selective scan},
  author={Huang, Tao and Pei, Xiaohuan and You, Shan and Wang, Fei and Qian, Chen and Xu, Chang},
  journal={arXiv preprint arXiv:2403.09338},
  year={2024}
}
@article{qformer,
  title={Vision transformer with quadrangle attention},
  author={Zhang, Qiming and Zhang, Jing and Xu, Yufei and Tao, Dacheng},
  journal={TPAMI},
  year={2024},
  publisher={IEEE}
}
@inproceedings{transnext,
  title={TransNeXt: Robust Foveal Visual Perception for Vision Transformers},
  author={Shi, Dai},
  booktitle={CVPR},
  pages={17773--17783},
  year={2024}
}
@article{focalnet,
  title={Focal modulation networks},
  author={Yang, Jianwei and Li, Chunyuan and Dai, Xiyang and Gao, Jianfeng},
  journal={NeurIPS},
  volume={35},
  pages={4203--4217},
  year={2022}
}
@article{conv2former,
  title={Conv2former: A simple transformer-style convnet for visual recognition},
  author={Hou, Qibin and Lu, Cheng-Ze and Cheng, Ming-Ming and Feng, Jiashi},
  journal={TPAMI},
  year={2024},
  publisher={IEEE}
}
@article{s4,
  title={Efficiently modeling long sequences with structured state spaces},
  author={Gu, Albert and Goel, Karan and R{\'e}, Christopher},
  journal={arXiv preprint arXiv:2111.00396},
  year={2021}
}
@article{plainmamba,
  title={Plainmamba: Improving non-hierarchical mamba in visual recognition},
  author={Yang, Chenhongyi and Chen, Zehui and Espinosa, Miguel and Ericsson, Linus and Wang, Zhenyu and Liu, Jiaming and Crowley, Elliot J},
  journal={arXiv preprint arXiv:2403.17695},
  year={2024}
}
@inproceedings{structvit,
  title={Learning correlation structures for vision transformers},
  author={Kim, Manjin and Seo, Paul Hongsuck and Schmid, Cordelia and Cho, Minsu},
  booktitle={CVPR},
  pages={18941--18951},
  year={2024}
}
@inproceedings{Partialvit,
  title={Efficient Vision Transformers with Partial Attention},
  author={Vo, Xuan-Thuy and Nguyen, Duy-Linh and Priadana, Adri and Jo, Kang-Hyun},
  booktitle={ECCV},
  pages={298--317},
  year={2024},
  organization={Springer}
}
@inproceedings{Agentvit,
  title={Agent attention: On the integration of softmax and linear attention},
  author={Han, Dongchen and Ye, Tianzhu and Han, Yizeng and Xia, Zhuofan and Pan, Siyuan and Wan, Pengfei and Song, Shiji and Huang, Gao},
  booktitle={ECCV},
  pages={124--140},
  year={2024},
  organization={Springer}
}
@article{mambaout,
  title={MambaOut: Do We Really Need Mamba for Vision?},
  author={Yu, Weihao and Wang, Xinchao},
  journal={arXiv preprint arXiv:2405.07992},
  year={2024}
}