@inproceedings{RepLKNet,
  title={Scaling up your kernels to 31x31: Revisiting large kernel design in cnns},
  author={Ding, Xiaohan and Zhang, Xiangyu and Han, Jungong and Ding, Guiguang},
  booktitle={CVPR},
  pages={11963--11975},
  year={2022}
}

@inproceedings{SLaK,
  title={More ConvNets in the 2020s: Scaling up Kernels Beyond 51x51 using Sparsity},
  author={Liu, Shiwei and Chen, Tianlong and Chen, Xiaohan and Chen, Xuxi and Xiao, Qiao and Wu, Boqian and K{\"a}rkkainen, Tommi and Pechenizkiy, Mykola and Mocanu, Decebal C and Wang, Zhangyang},
  booktitle={ICLR},
  year={2023}
}

@inproceedings{alexnet,
	title={Imagenet classification with deep convolutional neural networks},
	author={Krizhevsky, Alex and Sutskever, Ilya and Hinton, Geoffrey E},
	booktitle={NeurIPS},
	pages={1097--1105},
	year={2012}
}

@inproceedings{biformer,
  title={BiFormer: Vision Transformer with Bi-Level Routing Attention},
  author={Zhu, Lei and Wang, Xinjiang and Ke, Zhanghan and Zhang, Wayne and Lau, Rynson WH},
  booktitle={CVPR},
  pages={10323--10333},
  year={2023}
}

@article{cnn,
  title={Gradient-based learning applied to document recognition},
  author={LeCun, Yann and Bottou, L{\'e}on and Bengio, Yoshua and Haffner, Patrick},
  journal={Proceedings of the IEEE},
  volume={86},
  number={11},
  pages={2278--2324},
  year={1998},
  publisher={Ieee}
}

@inproceedings{convnet,
  title={A convnet for the 2020s},
  author={Liu, Zhuang and Mao, Hanzi and Wu, Chao-Yuan and Feichtenhofer, Christoph and Darrell, Trevor and Xie, Saining},
  booktitle={CVPR},
  pages={11976--11986},
  year={2022}
}

@inproceedings{convnextv2,
  title={Convnext v2: Co-designing and scaling convnets with masked autoencoders},
  author={Woo, Sanghyun and Debnath, Shoubhik and Hu, Ronghang and Chen, Xinlei and Liu, Zhuang and Kweon, In So and Xie, Saining},
  booktitle={CVPR},
  pages={16133--16142},
  year={2023}
}

@inproceedings{cswin,
  title={Cswin transformer: A general vision transformer backbone with cross-shaped windows},
  author={Dong, Xiaoyi and Bao, Jianmin and Chen, Dongdong and Zhang, Weiming and Yu, Nenghai and Yuan, Lu and Chen, Dong and Guo, Baining},
  booktitle={CVPR},
  pages={12124--12134},
  year={2022}
}

@inproceedings{dat,
  title={Vision transformer with deformable attention},
  author={Xia, Zhuofan and Pan, Xuran and Song, Shiji and Li, Li Erran and Huang, Gao},
  booktitle={CVPR},
  pages={4794--4803},
  year={2022}
}

@inproceedings{deit,
  title={Training data-efficient image transformers \& distillation through attention},
  author={Touvron, Hugo and Cord, Matthieu and Douze, Matthijs and Massa, Francisco and Sablayrolles, Alexandre and J{\'e}gou, Herv{\'e}},
  booktitle={ICML},
  pages={10347--10357},
  year={2021},
  organization={PMLR}
}

@inproceedings{densenet,
  title={Densely connected convolutional networks},
  author={Huang, Gao and Liu, Zhuang and Van Der Maaten, Laurens and Weinberger, Kilian Q},
  booktitle={CVPR},
  pages={4700--4708},
  year={2017}
}

@article{depsconv,
  title={Mobilenets: Efficient convolutional neural networks for mobile vision applications},
  author={Howard, Andrew G and Zhu, Menglong and Chen, Bo and Kalenichenko, Dmitry and Wang, Weijun and Weyand, Tobias and Andreetto, Marco and Adam, Hartwig},
  journal={arXiv preprint arXiv:1704.04861},
  year={2017}
}

@inproceedings{depsconv2,
  title={Xception: Deep learning with depthwise separable convolutions},
  author={Chollet, Fran{\c{c}}ois},
  booktitle={CVPR},
  pages={1251--1258},
  year={2017}
}

@article{dgcnet,
  title={Dual graph convolutional network for semantic segmentation},
  author={Zhang, Li and Li, Xiangtai and Arnab, Anurag and Yang, Kuiyuan and Tong, Yunhai and Torr, Philip HS},
  journal={arXiv preprint arXiv:1909.06121},
  year={2019}
}

@article{dilateformer,
  title={Dilateformer: Multi-scale dilated transformer for visual recognition},
  author={Jiao, Jiayu and Tang, Yu-Ming and Lin, Kun-Yu and Gao, Yipeng and Ma, Jinhua and Wang, Yaowei and Zheng, Wei-Shi},
  journal={TMM},
  year={2023},
  publisher={IEEE}
}

@inproceedings{efficientnet,
  title={Efficientnet: Rethinking model scaling for convolutional neural networks},
  author={Tan, Mingxing and Le, Quoc},
  booktitle={ICML},
  pages={6105--6114},
  year={2019},
  organization={PMLR}
}

@article{gelu,
  title={Gaussian error linear units (gelus)},
  author={Hendrycks, Dan and Gimpel, Kevin},
  journal={arXiv preprint arXiv:1606.08415},
  year={2016}
}

@inproceedings{googlenet,
  title={Going deeper with convolutions},
  author={Szegedy, Christian and Liu, Wei and Jia, Yangqing and Sermanet, Pierre and Reed, Scott and Anguelov, Dragomir and Erhan, Dumitru and Vanhoucke, Vincent and Rabinovich, Andrew},
  booktitle={CVPR},
  pages={1--9},
  year={2015}
}

@article{imagenet,
  title={Imagenet large scale visual recognition challenge},
  author={Russakovsky, Olga and Deng, Jia and Su, Hao and Krause, Jonathan and Satheesh, Sanjeev and Ma, Sean and Huang, Zhiheng and Karpathy, Andrej and Khosla, Aditya and Bernstein, Michael and others},
  journal={IJCV},
  volume={115},
  pages={211--252},
  year={2015},
  publisher={Springer}
}

@inproceedings{internimage,
  title={Internimage: Exploring large-scale vision foundation models with deformable convolutions},
  author={Wang, Wenhai and Dai, Jifeng and Chen, Zhe and Huang, Zhenhang and Li, Zhiqi and Zhu, Xizhou and Hu, Xiaowei and Lu, Tong and Lu, Lewei and Li, Hongsheng and others},
  booktitle={CVPR},
  pages={14408--14419},
  year={2023}
}

@article{knowledgedistilling,
  title={Distilling the knowledge in a neural network},
  author={Hinton, Geoffrey and Vinyals, Oriol and Dean, Jeff},
  journal={arXiv preprint arXiv:1503.02531},
  year={2015}
}

@misc{layernorm,   title={Layer Normalization},  journal={arXiv: Machine Learning},  author={Ba, Jimmy and Kiros, JamieRyan and Hinton, GeoffreyE.},  year={2016},  month={Jul}  }

@article{localmamba,
  title={Localmamba: Visual state space model with windowed selective scan},
  author={Huang, Tao and Pei, Xiaohuan and You, Shan and Wang, Fei and Qian, Chen and Xu, Chang},
  journal={arXiv preprint arXiv:2403.09338},
  year={2024}
}

@article{mamba,
  title={Mamba: Linear-time sequence modeling with selective state spaces},
  author={Gu, Albert and Dao, Tri},
  journal={arXiv preprint arXiv:2312.00752},
  year={2023}
}

@article{plainmamba,
  title={Plainmamba: Improving non-hierarchical mamba in visual recognition},
  author={Yang, Chenhongyi and Chen, Zehui and Espinosa, Miguel and Ericsson, Linus and Wang, Zhenyu and Liu, Jiaming and Crowley, Elliot J},
  journal={arXiv preprint arXiv:2403.17695},
  year={2024}
}

@inproceedings{pvt,
  title={Pyramid vision transformer: A versatile backbone for dense prediction without convolutions},
  author={Wang, Wenhai and Xie, Enze and Li, Xiang and Fan, Deng-Ping and Song, Kaitao and Liang, Ding and Lu, Tong and Luo, Ping and Shao, Ling},
  booktitle={ICCV},
  pages={568--578},
  year={2021}
}

@article{pvtv2,
  title={Pvt v2: Improved baselines with pyramid vision transformer},
  author={Wang, Wenhai and Xie, Enze and Li, Xiang and Fan, Deng-Ping and Song, Kaitao and Liang, Ding and Lu, Tong and Luo, Ping and Shao, Ling},
  journal={CVM},
  volume={8},
  number={3},
  pages={415--424},
  year={2022},
  publisher={Springer}
}

@article{qformer,
  title={Vision transformer with quadrangle attention},
  author={Zhang, Qiming and Zhang, Jing and Xu, Yufei and Tao, Dacheng},
  journal={TPAMI},
  year={2024},
  publisher={IEEE}
}

@inproceedings{resnet,
  title={Deep residual learning for image recognition},
  author={He, Kaiming and Zhang, Xiangyu and Ren, Shaoqing and Sun, Jian},
  booktitle={CVPR},
  pages={770--778},
  year={2016}
}

@article{s4,
  title={Efficiently modeling long sequences with structured state spaces},
  author={Gu, Albert and Goel, Karan and R{\'e}, Christopher},
  journal={arXiv preprint arXiv:2111.00396},
  year={2021}
}

@inproceedings{swin,
  title={Swin transformer: Hierarchical vision transformer using shifted windows},
  author={Liu, Ze and Lin, Yutong and Cao, Yue and Hu, Han and Wei, Yixuan and Zhang, Zheng and Lin, Stephen and Guo, Baining},
  booktitle={ICCV},
  pages={10012--10022},
  year={2021}
}

@article{transfomer,
  title={Attention is all you need},
  author={Vaswani, Ashish and Shazeer, Noam and Parmar, Niki and Uszkoreit, Jakob and Jones, Llion and Gomez, Aidan N and Kaiser, {\L}ukasz and Polosukhin, Illia},
  journal={NeurIPS},
  volume={30},
  year={2017}
}

@inproceedings{transnext,
  title={TransNeXt: Robust Foveal Visual Perception for Vision Transformers},
  author={Shi, Dai},
  booktitle={CVPR},
  pages={17773--17783},
  year={2024}
}

@article{vgg,
  title={Very deep convolutional networks for large-scale image recognition},
  author={Simonyan, Karen and Zisserman, Andrew},
  journal={arXiv preprint arXiv:1409.1556},
  year={2014}
}

@inproceedings{vim,
  title={Vision Mamba: Efficient Visual Representation Learning with Bidirectional State Space Model},
  author={Zhu, Lianghui and Liao, Bencheng and Zhang, Qian and Wang, Xinlong and Liu, Wenyu and Wang, Xinggang},
  booktitle={ICML},
  year={2024}
}

@inproceedings{vit,
	title={An image is worth 16x16 words: Transformers for image recognition at scale},
	author={Dosovitskiy, Alexey and Beyer, Lucas and Kolesnikov, Alexander and Weissenborn, Dirk and Zhai, Xiaohua and Unterthiner, Thomas and Dehghani, Mostafa and Minderer, Matthias and Heigold, Georg and Gelly, Sylvain and others},
	booktitle={ICLR},
	year={2021}
}

@inproceedings{vmamba,
  title={Vmamba: Visual state space model},
  author={Liu, Yue and Tian, Yunjie and Zhao, Yuzhong and Yu, Hongtian and Xie, Lingxi and Wang, Yaowei and Ye, Qixiang and Liu, Yunfan},
  booktitle={NeurIPS},
  year={2024}
}

