@article{Aurell_Carmona_Dayanıklı_Lauriere_2022b, title={Finite State Graphon Games with Applications to Epidemics}, volume={12}, ISSN={2153-0785, 2153-0793}, DOI={10.1007/s13235-021-00410-2}, number={1}, journal={Dynamic Games and Applications}, author={Aurell, Alexander and Carmona, René and Dayanıklı, Gökçe and Laurière, Mathieu}, year={2022}, month=mar, pages={49–81}, language={en} }

@article{acemoglu2021optimal,
  title={Optimal targeted lockdowns in a multigroup SIR model},
  author={Acemoglu, Daron and Chernozhukov, Victor and Werning, Iv{\'a}n and Whinston, Michael D},
  journal={American Economic Review: Insights},
  volume={3},
  number={4},
  pages={487--502},
  year={2021},
  publisher={American Economic Association 2014 Broadway, Suite 305, Nashville, TN 37203}
}

@inproceedings{aghaei2019learning,
  title={Learning optimal and fair decision trees for non-discriminative decision-making},
  author={Aghaei, Sina and Azizi, Mohammad Javad and Vayanos, Phebe},
  booktitle={Proceedings of the AAAI conference on artificial intelligence},
  volume={33},
  pages={1418--1426},
  year={2019}
}

@article{allen2017primer,
  title={A primer on stochastic epidemic models: Formulation, numerical simulation, and analysis},
  author={Allen, Linda JS},
  journal={Infectious Disease Modelling},
  volume={2},
  number={2},
  pages={128--142},
  year={2017},
  publisher={Elsevier}
}

@book{andersson2012stochastic,
  title={Stochastic epidemic models and their statistical analysis},
  author={Andersson, Hakan and Britton, Tom},
  volume={151},
  year={2012},
  publisher={Springer Science \& Business Media}
}

@incollection{angwin2022machine,
  title={Machine bias},
  author={Angwin, Julia and Larson, Jeff and Mattu, Surya and Kirchner, Lauren},
  booktitle={Ethics of data and analytics},
  pages={254--264},
  year={2022},
  publisher={Auerbach Publications}
}

@article{athanassoglou2011house,
  title={House allocation with fractional endowments},
  author={Athanassoglou, Stergios and Sethuraman, Jay},
  journal={International Journal of Game Theory},
  volume={40},
  pages={481--513},
  year={2011},
  publisher={Springer}
}

@inproceedings{azizi2018designing,
  title={Designing fair, efficient, and interpretable policies for prioritizing homeless youth for housing resources},
  author={Azizi, Mohammad Javad and Vayanos, Phebe and Wilder, Bryan and Rice, Eric and Tambe, Milind},
  booktitle={Integration of Constraint Programming, Artificial Intelligence, and Operations Research: 15th International Conference, CPAIOR 2018, Delft, The Netherlands, June 26--29, 2018, Proceedings 15},
  pages={35--51},
  year={2018},
  organization={Springer}
}

@book{bailey1975mathematical,
  title={The mathematical theory of infectious diseases and its applications, 2nd edition},
  author={Bailey, Norman TJ},
  publisher = {Charles Griffin \& Company Ltd},
  year={1975}
}

@article{baker2022algorithmic,
  title={Algorithmic bias in education},
  author={Baker, Ryan S and Hawn, Aaron},
  journal={International Journal of Artificial Intelligence in Education},
  pages={1--41},
  year={2022},
  publisher={Springer}
}

@inproceedings{bartlett1956deterministic,
  title={Deterministic and stochastic models for recurrent epidemics},
  author={Bartlett, Maurice S},
  booktitle={Proceedings of the third Berkeley symposium on mathematical statistics and probability},
  volume={4},
  pages={81-109},
  year={1956},
  organization={Berkeley}
}

@article{beretta1998stability,
  title={Stability of epidemic model with time delays influenced by stochastic perturbations},
  author={Beretta, Edoardo and Kolmanovskii, Vladimir and Shaikhet, Leonid},
  journal={Mathematics and Computers in Simulation},
  volume={45},
  number={3-4},
  pages={269--277},
  year={1998},
  publisher={Elsevier}
}

@article{berk2021fairness,
  title={Fairness in criminal justice risk assessments: The state of the art},
  author={Berk, Richard and Heidari, Hoda and Jabbari, Shahin and Kearns, Michael and Roth, Aaron},
  journal={Sociological Methods \& Research},
  volume={50},
  number={1},
  pages={3--44},
  year={2021},
  publisher={Sage Publications Sage CA: Los Angeles, CA}
}

@article{bertsimas2013fairness,
  title={Fairness, efficiency, and flexibility in organ allocation for kidney transplantation},
  author={Bertsimas, Dimitris and Farias, Vivek F and Trichakis, Nikolaos},
  journal={Operations Research},
  volume={61},
  number={1},
  pages={73--87},
  year={2013},
  publisher={INFORMS}
}

@article{britton2010stochastic,
  title={Stochastic epidemic models: a survey},
  author={Britton, Tom},
  journal={Mathematical biosciences},
  volume={225},
  number={1},
  pages={24--35},
  year={2010},
  publisher={Elsevier}
}

@book{britton2019stochastic,
  title={Stochastic epidemic models with inference},
  author={Britton, Tom and Pardoux, Etienne and Ball, Franck and Laredo, Catherine and Sirl, David and Tran, Viet Chi},
  volume={2255},
  year={2019},
  publisher={Springer}
}

@article{cai2015stochastic,
  title={A stochastic SIRS epidemic model with infectious force under intervention strategies},
  author={Cai, Yongli and Kang, Yun and Banerjee, Malay and Wang, Weiming},
  journal={Journal of Differential Equations},
  volume={259},
  number={12},
  pages={7463--7502},
  year={2015},
  publisher={Elsevier}
}

@article{cai2017stochastic,
  title={A stochastic SIRS epidemic model with nonlinear incidence rate},
  author={Cai, Yongli and Kang, Yun and Wang, Weiming},
  journal={Applied Mathematics and Computation},
  volume={305},
  pages={221--240},
  year={2017},
  publisher={Elsevier}
}

@inproceedings{chebotar2017path,
  title={Path integral guided policy search},
  author={Chebotar, Yevgen and Kalakrishnan, Mrinal and Yahya, Ali and Li, Adrian and Schaal, Stefan and Levine, Sergey},
  booktitle={2017 IEEE international conference on robotics and automation (ICRA)},
  pages={3381--3388},
  year={2017},
  organization={IEEE}
}

@article{chen2023algorithmic,
  title={Algorithmic fairness in artificial intelligence for medicine and healthcare},
  author={Chen, Richard J and Wang, Judy J and Williamson, Drew FK and Chen, Tiffany Y and Lipkova, Jana and Lu, Ming Y and Sahai, Sharifa and Mahmood, Faisal},
  journal={Nature biomedical engineering},
  volume={7},
  number={6},
  pages={719--742},
  year={2023},
  publisher={Nature Publishing Group UK London}
}

@inproceedings{corbett2017algorithmic,
  title={Algorithmic decision making and the cost of fairness},
  author={Corbett-Davies, Sam and Pierson, Emma and Feller, Avi and Goel, Sharad and Huq, Aziz},
  booktitle={Proceedings of the 23rd acm sigkdd international conference on knowledge discovery and data mining},
  pages={797--806},
  year={2017}
}

@article{corbett2023measure,
  title={The measure and mismeasure of fairness},
  author={Corbett-Davies, Sam and Gaebler, Johann D and Nilforoshan, Hamed and Shroff, Ravi and Goel, Sharad},
  journal={The Journal of Machine Learning Research},
  volume={24},
  number={1},
  pages={14730--14846},
  year={2023},
  publisher={JMLRORG}
}

@article{costanzo2023modeling,
  title={Modeling and control of sampled-data image-based visual servoing with three-dimensional features},
  author={Costanzo, Marco and De Maria, Giuseppe and Natale, Ciro and Russo, Antonio},
  journal={IEEE Transactions on Control Systems Technology},
  year={2023},
  publisher={IEEE}
}

@article{dai2025balancing,
  title={Balancing fairness and efficiency in dynamic vaccine allocation during major infectious disease outbreaks},
  author={Dai, Zi-Xuan and Lan, Hong-Jie and Hai, Nan and Wang, Jia-Yuan and Wang, Huan-Huan},
  journal={Scientific Reports},
  volume={15},
  number={1},
  pages={1371},
  year={2025},
  publisher={Nature Publishing Group UK London}
}

@incollection{dastin2022amazon,
  title={Amazon scraps secret AI recruiting tool that showed bias against women},
  author={Dastin, Jeffrey},
  booktitle={Ethics of data and analytics},
  pages={296--299},
  year={2022},
  publisher={Auerbach Publications}
}

@article{decamps2006path,
  title={A path integral approach to asset-liability management},
  author={Decamps, Marc and De Schepper, Ann and Goovaerts, Marc},
  journal={Physica A: Statistical Mechanics and its Applications},
  volume={363},
  number={2},
  pages={404--416},
  year={2006},
  publisher={Elsevier}
}

@inproceedings{freeman2020best,
  title={Best of both worlds: Ex-ante and ex-post fairness in resource allocation},
  author={Freeman, Rupert and Shah, Nisarg and Vaish, Rohit},
  booktitle={Proceedings of the 21st ACM Conference on Economics and Computation},
  pages={21--22},
  year={2020}
}

@article{gandhi2021robust,
  title={Robust model predictive path integral control: Analysis and performance guarantees},
  author={Gandhi, Manan S and Vlahov, Bogdan and Gibson, Jason and Williams, Grady and Theodorou, Evangelos A},
  journal={IEEE Robotics and Automation Letters},
  volume={6},
  number={2},
  pages={1423--1430},
  year={2021},
  publisher={IEEE}
}

@article{greenwood2009stochastic,
  title={Stochastic epidemic modeling},
  author={Greenwood, Priscilla E and Gordillo, Luis F},
  journal={Mathematical and statistical estimation approaches in epidemiology},
  pages={31--52},
  year={2009},
  publisher={Springer}
}

@article{ha2019topology,
  title={Topology-guided path integral approach for stochastic optimal control in cluttered environment},
  author={Ha, Jung-Su and Park, Soon-Seo and Choi, Han-Lim},
  journal={Robotics and Autonomous Systems},
  volume={113},
  pages={81--93},
  year={2019},
  publisher={Elsevier}
}

@article{ingber2000high,
  title={High-resolution path-integral development of financial options},
  author={Ingber, Lester},
  journal={Physica A: Statistical Mechanics and its Applications},
  volume={283},
  number={3-4},
  pages={529--558},
  year={2000},
  publisher={Elsevier}
}

@inproceedings{jia2024learning,
  title={Learning Fair Policies for Multi-Stage Selection Problems from Observational Data},
  author={Jia, Zhuangzhuang and Hanasusanto, Grani A and Vayanos, Phebe and Xie, Weijun},
  booktitle={Proceedings of the AAAI Conference on Artificial Intelligence},
  volume={38},
  pages={21188--21196},
  year={2024}
}

@article{kallus2022assessing,
  title={Assessing algorithmic fairness with unobserved protected class using data combination},
  author={Kallus, Nathan and Mao, Xiaojie and Zhou, Angela},
  journal={Management Science},
  volume={68},
  number={3},
  pages={1959--1981},
  year={2022},
  publisher={INFORMS}
}

@article{kappen2005path,
  title={Path integrals and symmetry breaking for optimal control theory},
  author={Kappen, Hilbert J},
  journal={Journal of Statistical Mechanics: Theory and Experiment},
  volume={2005},
  number={11},
  pages={P11011},
  year={2005},
  publisher={IOP Publishing}
}

@article{karako2020analysis,
  title={Analysis of COVID-19 infection spread in Japan based on stochastic transition model},
  author={Karako, Kenji and Song, Peipei and Chen, Yu and Tang, Wei},
  journal={Bioscience trends},
  volume={14},
  number={2},
  pages={134--138},
  year={2020},
  publisher={International Research and Cooperation Association for Bio \& Socio-Sciences~…}
}

@article{kermack1927contribution,
  title={A contribution to the mathematical theory of epidemics},
  author={Kermack, William Ogilvy and McKendrick, Anderson G},
  journal={Proceedings of the royal society of london. Series A, Containing papers of a mathematical and physical character},
  volume={115},
  number={772},
  pages={700--721},
  year={1927},
  publisher={The Royal Society London}
}

@article{kiss2017mathematics,
  title={Mathematics of epidemics on networks},
  author={Kiss, Istv{\'a}n Z and Miller, Joel C and Simon, P{\'e}ter L and others},
  journal={Cham: Springer},
  volume={598},
  number={2017},
  pages={31},
  year={2017},
  publisher={Springer}
}

@inproceedings{kleinberg2017inherent,
  title={Inherent Trade-Offs in the Fair Determination of Risk Scores},
  author={Kleinberg, Jon and Mullainathan, Sendhil and Raghavan, Manish},
  booktitle={8th Innovations in Theoretical Computer Science Conference (ITCS 2017)},
  year={2017},
  organization={Schloss-Dagstuhl-Leibniz Zentrum f{\"u}r Informatik}
}

@article{laaribi2023generalized,
  title={A generalized stochastic SIRS epidemic model incorporating mean-reverting Ornstein--Uhlenbeck process},
  author={Laaribi, Aziz and Boukanjime, Brahim and El Khalifi, Mohamed and Bouggar, Driss and El Fatini, Mohamed},
  journal={Physica A: Statistical Mechanics and its Applications},
  volume={615},
  pages={128609},
  year={2023},
  publisher={Elsevier}
}

@inproceedings{liu2018delayed,
  title={Delayed impact of fair machine learning},
  author={Liu, Lydia T and Dean, Sarah and Rolf, Esther and Simchowitz, Max and Hardt, Moritz},
  booktitle={International Conference on Machine Learning},
  pages={3150--3158},
  year={2018},
  organization={PMLR}
}

@inproceedings{liu2019personalized,
  title={Personalized fairness-aware re-ranking for microlending},
  author={Liu, Weiwen and Guo, Jun and Sonboli, Nasim and Burke, Robin and Zhang, Shengyu},
  booktitle={Proceedings of the 13th ACM conference on recommender systems},
  pages={467--471},
  year={2019}
}

@book{martcheva2015introduction,
  title={An introduction to mathematical epidemiology},
  author={Martcheva, Maia},
  volume={61},
  year={2015},
  publisher={Springer}
}

@inproceedings{mashiat2022trade,
  title={Trade-offs between group fairness metrics in societal resource allocation},
  author={Mashiat, Tasfia and Gitiaux, Xavier and Rangwala, Huzefa and Fowler, Patrick and Das, Sanmay},
  booktitle={Proceedings of the 2022 ACM Conference on Fairness, Accountability, and Transparency},
  pages={1095--1105},
  year={2022}
}

@article{mohamed2021mppi,
  title={MPPI-VS: Sampling-based model predictive control strategy for constrained image-based and position-based visual servoing},
  author={Mohamed, Ihab S},
  journal={arXiv preprint arXiv:2104.04925},
  year={2021}
}

@inproceedings{mohamed2021sampling,
  title={Sampling-based MPC for constrained vision based control},
  author={Mohamed, Ihab S and Allibert, Guillaume and Martinet, Philippe},
  booktitle={2021 IEEE/RSJ International Conference on Intelligent Robots and Systems (IROS)},
  pages={3753--3758},
  year={2021},
  organization={IEEE}
}

@article{mohamed2022autonomous,
  title={Autonomous navigation of agvs in unknown cluttered environments: log-mppi control strategy},
  author={Mohamed, Ihab S and Yin, Kai and Liu, Lantao},
  journal={IEEE Robotics and Automation Letters},
  volume={7},
  number={4},
  pages={10240--10247},
  year={2022},
  publisher={IEEE}
}

@inproceedings{mouzannar2019fair,
  title={From fair decision making to social equality},
  author={Mouzannar, Hussein and Ohannessian, Mesrob I and Srebro, Nathan},
  booktitle={Proceedings of the Conference on Fairness, Accountability, and Transparency},
  pages={359--368},
  year={2019}
}

@inproceedings{nguyen2021scarce,
  title={Scarce societal resource allocation and the price of (local) justice},
  author={Nguyen, Quan and Das, Sanmay and Garnett, Roman},
  booktitle={Proceedings of the AAAI Conference on Artificial Intelligence},
  volume={35},
  pages={5628--5636},
  year={2021}
}

@inproceedings{park2024distributionally,
  title={Distributionally Robust Path Integral Control},
  author={Park, Hyuk and Zhou, Duo and Hanasusanto, Grani A and Tanaka, Takashi},
  booktitle={2024 American Control Conference (ACC)},
  pages={1164--1171},
  year={2024},
  organization={IEEE}
}

@inproceedings{patil2022chance,
  title={Chance-constrained stochastic optimal control via path integral and finite difference methods},
  author={Patil, Apurva and Duarte, Alfredo and Smith, Aislinn and Bisetti, Fabrizio and Tanaka, Takashi},
  booktitle={2022 IEEE 61st Conference on Decision and Control (CDC)},
  pages={3598--3604},
  year={2022},
  organization={IEEE}
}

@article{perkowski2016pathwise,
  title={Pathwise stochastic integrals for model free finance},
  author={Perkowski, Nicolas and Pr{\"o}mel, David J},
  journal={Bernoulli},
  volume={22},
  number={4},
  pages={2486--2520},
  year={2016}
}

@inproceedings{raghavan2020mitigating,
  title={Mitigating bias in algorithmic hiring: Evaluating claims and practices},
  author={Raghavan, Manish and Barocas, Solon and Kleinberg, Jon and Levy, Karen},
  booktitle={Proceedings of the 2020 conference on fairness, accountability, and transparency},
  pages={469--481},
  year={2020}
}

@inproceedings{rahmattalabi2021fair,
  title={Fair influence maximization: A welfare optimization approach},
  author={Rahmattalabi, Aida and Jabbari, Shahin and Lakkaraju, Himabindu and Vayanos, Phebe and Izenberg, Max and Brown, Ryan and Rice, Eric and Tambe, Milind},
  booktitle={Proceedings of the AAAI Conference on Artificial Intelligence},
  volume={35},
  pages={11630--11638},
  year={2021}
}

@inproceedings{rahmattalabi2022learning,
  title={Learning resource allocation policies from observational data with an application to homeless services delivery},
  author={Rahmattalabi, Aida and Vayanos, Phebe and Dullerud, Kathryn and Rice, Eric},
  booktitle={Proceedings of the 2022 ACM Conference on Fairness, Accountability, and Transparency},
  pages={1240--1256},
  year={2022}
}

@article{samorani2022overbooked,
  title={Overbooked and overlooked: machine learning and racial bias in medical appointment scheduling},
  author={Samorani, Michele and Harris, Shannon L and Blount, Linda Goler and Lu, Haibing and Santoro, Michael A},
  journal={Manufacturing \& Service Operations Management},
  volume={24},
  number={6},
  pages={2825--2842},
  year={2022},
  publisher={INFORMS}
}

@article{taskesen2020distributionally,
  title={A distributionally robust approach to fair classification},
  author={Taskesen, Bahar and Nguyen, Viet Anh and Kuhn, Daniel and Blanchet, Jose},
  journal={arXiv preprint arXiv:2007.09530},
  year={2020}
}

@article{theodorou2010generalized,
  title={A generalized path integral control approach to reinforcement learning},
  author={Theodorou, Evangelos and Buchli, Jonas and Schaal, Stefan},
  journal={The Journal of Machine Learning Research},
  volume={11},
  pages={3137--3181},
  year={2010},
  publisher={JMLR. org}
}

@article{wang2024wasserstein,
  title={Wasserstein robust classification with fairness constraints},
  author={Wang, Yijie and Nguyen, Viet Anh and Hanasusanto, Grani A},
  journal={Manufacturing \& Service Operations Management},
  year={2024},
  publisher={INFORMS}
}

@inproceedings{williams2016aggressive,
  title={Aggressive driving with model predictive path integral control},
  author={Williams, Grady and Drews, Paul and Goldfain, Brian and Rehg, James M and Theodorou, Evangelos A},
  booktitle={2016 IEEE International Conference on Robotics and Automation (ICRA)},
  pages={1433--1440},
  year={2016},
  organization={IEEE}
}

@inproceedings{williams2017information,
  title={Information theoretic mpc for model-based reinforcement learning},
  author={Williams, Grady and Wagener, Nolan and Goldfain, Brian and Drews, Paul and Rehg, James M and Boots, Byron and Theodorou, Evangelos A},
  booktitle={2017 IEEE international conference on robotics and automation (ICRA)},
  pages={1714--1721},
  year={2017},
  organization={IEEE}
}

@article{williams2017model,
  title={Model predictive path integral control: From theory to parallel computation},
  author={Williams, Grady and Aldrich, Andrew and Theodorou, Evangelos A},
  journal={Journal of Guidance, Control, and Dynamics},
  volume={40},
  number={2},
  pages={344--357},
  year={2017},
  publisher={American Institute of Aeronautics and Astronautics}
}

@inproceedings{yin2023risk,
  title={Risk-aware model predictive path integral control using conditional value-at-risk},
  author={Yin, Ji and Zhang, Zhiyuan and Tsiotras, Panagiotis},
  booktitle={2023 IEEE International Conference on Robotics and Automation (ICRA)},
  pages={7937--7943},
  year={2023},
  organization={IEEE}
}

@article{zhou2021ergodic,
  title={Ergodic property, extinction and density function of a stochastic SIR epidemic model with nonlinear incidence and general stochastic perturbations},
  author={Zhou, Baoquan and Han, Bingtao and Jiang, Daqing},
  journal={Chaos, Solitons \& Fractals},
  volume={152},
  pages={111338},
  year={2021},
  publisher={Elsevier}
}

