% ------------------------------------------------------------------------
% SAMPLE BIBLIOGRAPHY FILE
% ------------------------------------------------------------------------


---------
@article{acemoglu2021optimal,
  title={Optimal targeted lockdowns in a multigroup SIR model},
  author={Acemoglu, Daron and Chernozhukov, Victor and Werning, Iv{\'a}n and Whinston, Michael D},
  journal={American Economic Review: Insights},
  volume={3},
  number={4},
  pages={487--502},
  year={2021},
  publisher={American Economic Association 2014 Broadway, Suite 305, Nashville, TN 37203}
}

@inproceedings{kappen2007introduction,
  title={An introduction to stochastic control theory, path integrals and reinforcement learning},
  author={Kappen, Hilbert J},
  booktitle={AIP conference proceedings},
  volume={887},
  pages={149--181},
  year={2007},
  organization={American Institute of Physics}
}

@article{theodorou2010generalized,
  title={A generalized path integral control approach to reinforcement learning},
  author={Theodorou, Evangelos and Buchli, Jonas and Schaal, Stefan},
  journal={The Journal of Machine Learning Research},
  volume={11},
  pages={3137--3181},
  year={2010},
  publisher={JMLR. org}
}

@misc{pew2021income,
  author = {{Pew Research Center}},
  title = {Improving the Way We Categorize Family Income},
  year = {2021},
  howpublished = {\url{https://www.pewresearch.org/decoded/2021/06/04/improving-the-way-we-categorize-family-income/}}
}

@article{masterson2023disparities,
  title={Disparities in COVID-19 disease Incidence by income and vaccination coverageâ€”81 communities, Los Angeles, California, July 2020--September 2021},
  author={Masterson, John M},
  journal={MMWR. Morbidity and Mortality Weekly Report},
  volume={72},
  year={2023}
}

@article{ronkko2022impact,
  title={The impact of the COVID-19 pandemic on the poor: Insights from the Hrishipara diaries},
  author={R{\"o}nkk{\"o}, Risto and Rutherford, Stuart and Sen, Kunal},
  journal={World Development},
  volume={149},
  pages={105689},
  year={2022},
  publisher={Elsevier}
}

@book{stengel1994optimal,
  title={Optimal control and estimation},
  author={Stengel, Robert F},
  year={1994},
  publisher={Courier Corporation}
}

@book{fleming2006controlled,
  title={Controlled Markov processes and viscosity solutions},
  author={Fleming, Wendell H and Soner, Halil Mete},
  volume={25},
  year={2006},
  publisher={Springer Science \& Business Media}
}

@incollection{friedman1975stochastic,
  title={Stochastic Differential Equations and Applications},
  author={Friedman, Avner},
  booktitle={Stochastic Differential Equations},
  pages={75--148},
  year={1975},
  publisher={Springer}
}

@article{theodorou2015nonlinear,
  title={Nonlinear stochastic control and information theoretic dualities: Connections, interdependencies and thermodynamic interpretations},
  author={Theodorou, Evangelos A},
  journal={Entropy},
  volume={17},
  number={5},
  pages={3352--3375},
  year={2015},
  publisher={MDPI}
}

@inproceedings{patil2022chance,
  title={Chance-constrained stochastic optimal control via path integral and finite difference methods},
  author={Patil, Apurva and Duarte, Alfredo and Smith, Aislinn and Bisetti, Fabrizio and Tanaka, Takashi},
  booktitle={2022 IEEE 61st Conference on Decision and Control (CDC)},
  pages={3598--3604},
  year={2022},
  organization={IEEE}
}

@article{mohamed2022autonomous,
  title={Autonomous navigation of agvs in unknown cluttered environments: log-mppi control strategy},
  author={Mohamed, Ihab S and Yin, Kai and Liu, Lantao},
  journal={IEEE Robotics and Automation Letters},
  volume={7},
  number={4},
  pages={10240--10247},
  year={2022},
  publisher={IEEE}
}

@inproceedings{williams2016aggressive,
  title={Aggressive driving with model predictive path integral control},
  author={Williams, Grady and Drews, Paul and Goldfain, Brian and Rehg, James M and Theodorou, Evangelos A},
  booktitle={2016 IEEE International Conference on Robotics and Automation (ICRA)},
  pages={1433--1440},
  year={2016},
  organization={IEEE}
}
@article{gandhi2021robust,
  title={Robust model predictive path integral control: Analysis and performance guarantees},
  author={Gandhi, Manan S and Vlahov, Bogdan and Gibson, Jason and Williams, Grady and Theodorou, Evangelos A},
  journal={IEEE Robotics and Automation Letters},
  volume={6},
  number={2},
  pages={1423--1430},
  year={2021},
  publisher={IEEE}
}

@article{ha2019topology,
  title={Topology-guided path integral approach for stochastic optimal control in cluttered environment},
  author={Ha, Jung-Su and Park, Soon-Seo and Choi, Han-Lim},
  journal={Robotics and Autonomous Systems},
  volume={113},
  pages={81--93},
  year={2019},
  publisher={Elsevier}
}

@inproceedings{mohamed2021sampling,
  title={Sampling-based MPC for constrained vision based control},
  author={Mohamed, Ihab S and Allibert, Guillaume and Martinet, Philippe},
  booktitle={2021 IEEE/RSJ International Conference on Intelligent Robots and Systems (IROS)},
  pages={3753--3758},
  year={2021},
  organization={IEEE}
}

@article{costanzo2023modeling,
  title={Modeling and control of sampled-data image-based visual servoing with three-dimensional features},
  author={Costanzo, Marco and De Maria, Giuseppe and Natale, Ciro and Russo, Antonio},
  journal={IEEE Transactions on Control Systems Technology},
  year={2023},
  publisher={IEEE}
}

@article{mohamed2021mppi,
  title={MPPI-VS: Sampling-based model predictive control strategy for constrained image-based and position-based visual servoing},
  author={Mohamed, Ihab S},
  journal={arXiv preprint arXiv:2104.04925},
  year={2021}
}

%%%%%%%%% Fairness in Disease control related

@article{atwood2019fair,
  title={Fair treatment allocations in social networks},
  author={Atwood, James and Srinivasan, Hansa and Halpern, Yoni and Sculley, David},
  journal={arXiv preprint arXiv:1911.05489},
  year={2019}
}

@inproceedings{vijayshankar2012cost,
  title={Cost of fairness in disease spread control},
  author={Vijayshankar, Arun and Roy, Sandip},
  booktitle={2012 IEEE 51st IEEE Conference on Decision and Control (CDC)},
  pages={4930--4935},
  year={2012},
  organization={IEEE}
}

@book{world2013handbook,
  title={Handbook on health inequality monitoring: with a special focus on low-and middle-income countries},
  author={WHO},
  year={2013},
  publisher={World Health Organization}
}


@article{regidor2004measures,
  title={Measures of health inequalities: part 2},
  author={Regidor, Enrique},
  journal={Journal of epidemiology and community health},
  volume={58},
  number={11},
  pages={900},
  year={2004},
  publisher={BMJ Publishing Group}
}

@article{braveman2010socioeconomic,
  title={Socioeconomic disparities in health in the United States: what the patterns tell us},
  author={Braveman, Paula A and Cubbin, Catherine and Egerter, Susan and Williams, David R and Pamuk, Elsie},
  journal={American journal of public health},
  volume={100},
  number={S1},
  pages={S186--S196},
  year={2010},
  publisher={American Public Health Association}
}

@article{wagstaff1991measurement,
  title={On the measurement of inequalities in health},
  author={Wagstaff, Adam and Paci, Pierella and Van Doorslaer, Eddy},
  journal={Social science \& medicine},
  volume={33},
  number={5},
  pages={545--557},
  year={1991},
  publisher={Elsevier}
}

@article{theil1972statistical,
  title={Statistical decomposition analysis: With applications in the social and administrative sciences},
  author={Theil, Henri},
  journal={(No Title)},
  year={1972}
}

@article{pappas1993increasing,
  title={The increasing disparity in mortality between socioeconomic groups in the United States, 1960 and 1986},
  author={Pappas, Gregory and Queen, Susan and Hadden, Wilbur and Fisher, Gail},
  journal={New England journal of medicine},
  volume={329},
  number={2},
  pages={103--109},
  year={1993},
  publisher={Mass Medical Soc}
}

@article{atkinson1970measurement,
  title={On the measurement of inequality},
  author={Atkinson, Anthony B and others},
  journal={Journal of economic theory},
  volume={2},
  number={3},
  pages={244--263},
  year={1970}
}

%%%%%%%%% Fairness in ML

@inproceedings{jia2024learning,
  title={Learning Fair Policies for Multi-Stage Selection Problems from Observational Data},
  author={Jia, Zhuangzhuang and Hanasusanto, Grani A and Vayanos, Phebe and Xie, Weijun},
  booktitle={Proceedings of the AAAI Conference on Artificial Intelligence},
  volume={38},
  pages={21188--21196},
  year={2024}
}

@inproceedings{chang2019dynamic,
  title={Dynamic measurement scheduling for event forecasting using deep RL},
  author={Chang, Chun-Hao and Mai, Mingjie and Goldenberg, Anna},
  booktitle={International Conference on Machine Learning},
  pages={951--960},
  year={2019},
  organization={PMLR}
}

@inproceedings{azizi2018designing,
  title={Designing fair, efficient, and interpretable policies for prioritizing homeless youth for housing resources},
  author={Azizi, Mohammad Javad and Vayanos, Phebe and Wilder, Bryan and Rice, Eric and Tambe, Milind},
  booktitle={Integration of Constraint Programming, Artificial Intelligence, and Operations Research: 15th International Conference, CPAIOR 2018, Delft, The Netherlands, June 26--29, 2018, Proceedings 15},
  pages={35--51},
  year={2018},
  organization={Springer}
}

@article{dai2025balancing,
  title={Balancing fairness and efficiency in dynamic vaccine allocation during major infectious disease outbreaks},
  author={Dai, Zi-Xuan and Lan, Hong-Jie and Hai, Nan and Wang, Jia-Yuan and Wang, Huan-Huan},
  journal={Scientific Reports},
  volume={15},
  number={1},
  pages={1371},
  year={2025},
  publisher={Nature Publishing Group UK London}
}

@article{hobson2021artificial,
  title={Artificial fairness? Trust in algorithmic police decision-making},
  author={Hobson, Zo{\"e} and Yesberg, Julia A and Bradford, Ben and Jackson, Jonathan},
  journal={Journal of experimental criminology},
  pages={1--25},
  year={2021},
  publisher={Springer}
}

@incollection{dastin2022amazon,
  title={Amazon scraps secret AI recruiting tool that showed bias against women},
  author={Dastin, Jeffrey},
  booktitle={Ethics of data and analytics},
  pages={296--299},
  year={2022},
  publisher={Auerbach Publications}
}

@incollection{angwin2022machine,
  title={Machine bias},
  author={Angwin, Julia and Larson, Jeff and Mattu, Surya and Kirchner, Lauren},
  booktitle={Ethics of data and analytics},
  pages={254--264},
  year={2022},
  publisher={Auerbach Publications}
}

@inproceedings{liu2019personalized,
  title={Personalized fairness-aware re-ranking for microlending},
  author={Liu, Weiwen and Guo, Jun and Sonboli, Nasim and Burke, Robin and Zhang, Shengyu},
  booktitle={Proceedings of the 13th ACM conference on recommender systems},
  pages={467--471},
  year={2019}
}

@article{kallus2022assessing,
  title={Assessing algorithmic fairness with unobserved protected class using data combination},
  author={Kallus, Nathan and Mao, Xiaojie and Zhou, Angela},
  journal={Management Science},
  volume={68},
  number={3},
  pages={1959--1981},
  year={2022},
  publisher={INFORMS}
}

@inproceedings{raghavan2020mitigating,
  title={Mitigating bias in algorithmic hiring: Evaluating claims and practices},
  author={Raghavan, Manish and Barocas, Solon and Kleinberg, Jon and Levy, Karen},
  booktitle={Proceedings of the 2020 conference on fairness, accountability, and transparency},
  pages={469--481},
  year={2020}
}

@article{berk2021fairness,
  title={Fairness in criminal justice risk assessments: The state of the art},
  author={Berk, Richard and Heidari, Hoda and Jabbari, Shahin and Kearns, Michael and Roth, Aaron},
  journal={Sociological Methods \& Research},
  volume={50},
  number={1},
  pages={3--44},
  year={2021},
  publisher={Sage Publications Sage CA: Los Angeles, CA}
}

@inproceedings{kleinberg2017inherent,
  title={Inherent Trade-Offs in the Fair Determination of Risk Scores},
  author={Kleinberg, Jon and Mullainathan, Sendhil and Raghavan, Manish},
  booktitle={8th Innovations in Theoretical Computer Science Conference (ITCS 2017)},
  year={2017},
  organization={Schloss-Dagstuhl-Leibniz Zentrum f{\"u}r Informatik}
}

@inproceedings{liu2018delayed,
  title={Delayed impact of fair machine learning},
  author={Liu, Lydia T and Dean, Sarah and Rolf, Esther and Simchowitz, Max and Hardt, Moritz},
  booktitle={International Conference on Machine Learning},
  pages={3150--3158},
  year={2018},
  organization={PMLR}
}

@article{wang2024wasserstein,
  title={Wasserstein robust classification with fairness constraints},
  author={Wang, Yijie and Nguyen, Viet Anh and Hanasusanto, Grani A},
  journal={Manufacturing \& Service Operations Management},
  year={2024},
  publisher={INFORMS}
}

@article{baker2022algorithmic,
  title={Algorithmic bias in education},
  author={Baker, Ryan S and Hawn, Aaron},
  journal={International Journal of Artificial Intelligence in Education},
  pages={1--41},
  year={2022},
  publisher={Springer}
}

@inproceedings{aghaei2019learning,
  title={Learning optimal and fair decision trees for non-discriminative decision-making},
  author={Aghaei, Sina and Azizi, Mohammad Javad and Vayanos, Phebe},
  booktitle={Proceedings of the AAAI conference on artificial intelligence},
  volume={33},
  pages={1418--1426},
  year={2019}
}

@article{corbett2023measure,
  title={The measure and mismeasure of fairness},
  author={Corbett-Davies, Sam and Gaebler, Johann D and Nilforoshan, Hamed and Shroff, Ravi and Goel, Sharad},
  journal={The Journal of Machine Learning Research},
  volume={24},
  number={1},
  pages={14730--14846},
  year={2023},
  publisher={JMLRORG}
}

@article{chen2023algorithmic,
  title={Algorithmic fairness in artificial intelligence for medicine and healthcare},
  author={Chen, Richard J and Wang, Judy J and Williamson, Drew FK and Chen, Tiffany Y and Lipkova, Jana and Lu, Ming Y and Sahai, Sharifa and Mahmood, Faisal},
  journal={Nature biomedical engineering},
  volume={7},
  number={6},
  pages={719--742},
  year={2023},
  publisher={Nature Publishing Group UK London}
}

@inproceedings{mouzannar2019fair,
  title={From fair decision making to social equality},
  author={Mouzannar, Hussein and Ohannessian, Mesrob I and Srebro, Nathan},
  booktitle={Proceedings of the Conference on Fairness, Accountability, and Transparency},
  pages={359--368},
  year={2019}
}

@article{samorani2022overbooked,
  title={Overbooked and overlooked: machine learning and racial bias in medical appointment scheduling},
  author={Samorani, Michele and Harris, Shannon L and Blount, Linda Goler and Lu, Haibing and Santoro, Michael A},
  journal={Manufacturing \& Service Operations Management},
  volume={24},
  number={6},
  pages={2825--2842},
  year={2022},
  publisher={INFORMS}
}

@article{taskesen2020distributionally,
  title={A distributionally robust approach to fair classification},
  author={Taskesen, Bahar and Nguyen, Viet Anh and Kuhn, Daniel and Blanchet, Jose},
  journal={arXiv preprint arXiv:2007.09530},
  year={2020}
}

@article{bertsimas2013fairness,
  title={Fairness, efficiency, and flexibility in organ allocation for kidney transplantation},
  author={Bertsimas, Dimitris and Farias, Vivek F and Trichakis, Nikolaos},
  journal={Operations Research},
  volume={61},
  number={1},
  pages={73--87},
  year={2013},
  publisher={INFORMS}
}

@inproceedings{nguyen2021scarce,
  title={Scarce societal resource allocation and the price of (local) justice},
  author={Nguyen, Quan and Das, Sanmay and Garnett, Roman},
  booktitle={Proceedings of the AAAI Conference on Artificial Intelligence},
  volume={35},
  pages={5628--5636},
  year={2021}
}

@inproceedings{corbett2017algorithmic,
  title={Algorithmic decision making and the cost of fairness},
  author={Corbett-Davies, Sam and Pierson, Emma and Feller, Avi and Goel, Sharad and Huq, Aziz},
  booktitle={Proceedings of the 23rd acm sigkdd international conference on knowledge discovery and data mining},
  pages={797--806},
  year={2017}
}

@inproceedings{rahmattalabi2022learning,
  title={Learning resource allocation policies from observational data with an application to homeless services delivery},
  author={Rahmattalabi, Aida and Vayanos, Phebe and Dullerud, Kathryn and Rice, Eric},
  booktitle={Proceedings of the 2022 ACM Conference on Fairness, Accountability, and Transparency},
  pages={1240--1256},
  year={2022}
}

@inproceedings{mashiat2022trade,
  title={Trade-offs between group fairness metrics in societal resource allocation},
  author={Mashiat, Tasfia and Gitiaux, Xavier and Rangwala, Huzefa and Fowler, Patrick and Das, Sanmay},
  booktitle={Proceedings of the 2022 ACM Conference on Fairness, Accountability, and Transparency},
  pages={1095--1105},
  year={2022}
}

@inproceedings{rahmattalabi2021fair,
  title={Fair influence maximization: A welfare optimization approach},
  author={Rahmattalabi, Aida and Jabbari, Shahin and Lakkaraju, Himabindu and Vayanos, Phebe and Izenberg, Max and Brown, Ryan and Rice, Eric and Tambe, Milind},
  booktitle={Proceedings of the AAAI Conference on Artificial Intelligence},
  volume={35},
  pages={11630--11638},
  year={2021}
}

@inproceedings{freeman2020best,
  title={Best of both worlds: Ex-ante and ex-post fairness in resource allocation},
  author={Freeman, Rupert and Shah, Nisarg and Vaish, Rohit},
  booktitle={Proceedings of the 21st ACM Conference on Economics and Computation},
  pages={21--22},
  year={2020}
}

@article{athanassoglou2011house,
  title={House allocation with fractional endowments},
  author={Athanassoglou, Stergios and Sethuraman, Jay},
  journal={International Journal of Game Theory},
  volume={40},
  pages={481--513},
  year={2011},
  publisher={Springer}
}

%%%%%%%%% Large population control and game problems

 @article{Arefin_Kabir_Tanimoto_2020, title={A mean-field vaccination game scheme to analyze the effect of a single vaccination strategy on a two-strain epidemic spreading}, volume={2020}, ISSN={1742-5468}, DOI={10.1088/1742-5468/ab74c6}, number={3}, journal={Journal of Statistical Mechanics: Theory and Experiment}, publisher={IOP Publishing and SISSA}, author={Arefin, Md Rajib and Kabir, K. M. Ariful and Tanimoto, Jun}, year={2020}, month=mar, pages={033501}, language={en} }
 @article{Aurell_Carmona_Dayanikli_Lauriere_2022a, title={Optimal Incentives to Mitigate Epidemics: A Stackelberg Mean Field Game Approach}, volume={60}, ISSN={0363-0129, 1095-7138}, DOI={10.1137/20M1377862}, number={2}, journal={SIAM Journal on Control and Optimization}, author={Aurell, Alexander and Carmona, RenÃ© and Dayanikli, GÃ¶kÃ§e and LauriÃ¨re, Mathieu}, year={2022}, month=apr, pages={S294â€“S322}, language={en} }



 @article{Doncel_Gast_Gaujal_2022, title={A MEAN FIELD GAME ANALYSIS OF SIR DYNAMICS WITH VACCINATION}, volume={36}, ISSN={0269-9648, 1469-8951}, DOI={10.1017/S0269964820000522}, number={2}, journal={Probability in the Engineering and Informational Sciences}, publisher={Cambridge University Press}, author={Doncel, Josu and Gast, Nicolas and Gaujal, Bruno}, year={2022}, month=apr, pages={482â€“499}, language={en} }



 @article{Hubert_Mastrolia_PossamaÃ¯_Warin_2022, title={Incentives, lockdown, and testing: from Thucydidesâ€™ analysis to the COVID-19 pandemic}, volume={84}, ISSN={1432-1416}, DOI={10.1007/s00285-022-01736-0}, number={5}, journal={Journal of Mathematical Biology}, author={Hubert, Emma and Mastrolia, Thibaut and PossamaÃ¯, Dylan and Warin, Xavier}, year={2022}, month=apr, pages={37}, language={eng} }
 


@article{Lee_Liu_Li_Osher_2022, title={Mean field control problems for vaccine distribution}, volume={9}, ISSN={2197-9847}, DOI={10.1007/s40687-022-00350-2}, number={3}, journal={Research in the Mathematical Sciences}, author={Lee, Wonjun and Liu, Siting and Li, Wuchen and Osher, Stanley}, year={2022}, month=jul, pages={51}, language={en} }
 


@article{Marinov_Marinova_2022, title={Adaptive SIR model with vaccination: simultaneous identification of rates and functions illustrated with COVID-19}, volume={12}, rights={2022 The Author(s)}, ISSN={2045-2322}, DOI={10.1038/s41598-022-20276-7}, number={11}, journal={Scientific Reports}, publisher={Nature Publishing Group}, author={Marinov, Tchavdar T. and Marinova, Rossitza S.}, year={2022}, month=sep, pages={15688}, language={en} }


 @article{Aurell_Carmona_DayanÄ±klÄ±_Lauriere_2022b, title={Finite State Graphon Games with Applications to Epidemics}, volume={12}, ISSN={2153-0785, 2153-0793}, DOI={10.1007/s13235-021-00410-2}, number={1}, journal={Dynamic Games and Applications}, author={Aurell, Alexander and Carmona, RenÃ© and DayanÄ±klÄ±, GÃ¶kÃ§e and LauriÃ¨re, Mathieu}, year={2022}, month=mar, pages={49â€“81}, language={en} }


%%%%%%%%%%%% Deep learning for stochastic optimal control and mean field control

@article{Al-Aradi_Correia_Naiff_Jardim_Saporito_2018, title={Solving Nonlinear and High-Dimensional Partial Differential Equations via Deep Learning}, url={http://arxiv.org/abs/1811.08782}, DOI={10.48550/arXiv.1811.08782}, note={arXiv:1811.08782 [q-fin]}, number={arXiv:1811.08782}, publisher={arXiv}, author={Al-Aradi, Ali and Correia, Adolfo and Naiff, Danilo and Jardim, Gabriel and Saporito, Yuri}, year={2018}, month=nov }

@article{al2018solving,
  title={Solving nonlinear and high-dimensional partial differential equations via deep learning},
  author={Al-Aradi, Ali and Correia, Adolfo and Naiff, Danilo and Jardim, Gabriel and Saporito, Yuri},
  journal={arXiv preprint arXiv:1811.08782},
  year={2018}
}


 @article{Carmona_Lauriere_2022, title={Convergence analysis of machine learning algorithms for the numerical solution of mean field control and games: IIâ€”the finite horizon case}, volume={32}, ISSN={1050-5164, 2168-8737}, DOI={10.1214/21-AAP1715}, number={6}, journal={The Annals of Applied Probability}, publisher={Institute of Mathematical Statistics}, author={Carmona, RenÃ© and LauriÃ¨re, Mathieu}, year={2022}, month=dec, pages={4065â€“4105} }




 @inproceedings{Dayanikli_Lauriere_Zhang_2024, address={Richland, SC}, series={AAMAS â€™24}, title={Deep Learning for Population-Dependent Controls in Mean Field Control Problems with Common Noise}, ISBN={9798400704864}, booktitle={Proceedings of the 23rd International Conference on Autonomous Agents and Multiagent Systems}, publisher={International Foundation for Autonomous Agents and Multiagent Systems}, author={Dayan{\i}kl{\i}, GÃ¶kÃ§e and LauriÃ¨re, Mathieu and Zhang, Jiacheng}, year={2024}, month=may, pages={2231â€“2233}, collection={AAMAS â€™24} }




 @article{Fouque_Zhang_2020, title={Deep Learning Methods for Mean Field Control Problems With Delay}, volume={6}, ISSN={2297-4687}, url={https://www.frontiersin.org/journals/applied-mathematics-and-statistics/articles/10.3389/fams.2020.00011/full}, DOI={10.3389/fams.2020.00011}, journal={Frontiers in Applied Mathematics and Statistics}, publisher={Frontiers}, author={Fouque, Jean-Pierre and Zhang, Zhaoyu}, year={2020}, month=may, language={English} }



 @article{Gobet_Munos_2005, title={Sensitivity Analysis Using ItÃ´--Malliavin Calculus and Martingales, and Application to Stochastic Optimal Control}, volume={43}, ISSN={0363-0129}, DOI={10.1137/S0363012902419059}, number={5}, journal={SIAM Journal on Control and Optimization}, publisher={Society for Industrial and Applied Mathematics}, author={Gobet, Emmanuel and Munos, Remi}, year={2005}, month=jan, pages={1676â€“1713} }



 @article{Han_E_2016, 
 title={Deep Learning Approximation for Stochastic Control Problems}, 
 url={http://arxiv.org/abs/1611.07422}, 
 DOI={10.48550/arXiv.1611.07422}, 
 journal={arXiv preprint arXiv:1611.07422 [cs]},
 publisher={arXiv}, 
 author={Han, Jiequn and E, Weinan}, 
 year={2016}, 
 month=nov 
 }



 @article{Sirignano_Spiliopoulos_2018, title={DGM: A deep learning algorithm for solving partial differential equations}, volume={375}, ISSN={0021-9991}, DOI={10.1016/j.jcp.2018.08.029}, journal={Journal of Computational Physics}, author={Sirignano, Justin and Spiliopoulos, Konstantinos}, year={2018}, month=dec, pages={1339â€“1364} }


@article{lenzen2020global,
  title={Global socio-economic losses and environmental gains from the Coronavirus pandemic},
  author={Lenzen, Manfred and Li, Mengyu and Malik, Arunima and Pomponi, Francesco and Sun, Ya-Yen and Wiedmann, Thomas and Faturay, Futu and Fry, Jacob and Gallego, Blanca and Geschke, Arne and others},
  journal={PloS one},
  volume={15},
  number={7},
  pages={e0235654},
  year={2020},
  publisher={Public Library of Science San Francisco, CA USA}
}

@article{world2020naming,
  title={Naming the coronavirus disease (COVID-19) and the virus that causes it},
  author={WHO},
  journal={Brazilian Journal of Implantology and Health Sciences},
  volume={2},
  number={3},
  year={2020}
}

@misc{brookingsRisingInequality,
	author = {Qureshi, Zia},
	title = {Rising inequality: A major issue of our time},
	howpublished = {\url{https://www.brookings.edu/articles/rising-inequality-a-major-issue-of-our-time/}},
	year = {2023},
	note = {[Accessed 08-02-2025]},
}

@misc{imfIntroductionInequality,
	author = {IMF},
	title = {Income Inequality: Introduction to Inequality},
	howpublished = {\url{https://www.imf.org/en/Topics/Inequality/introduction-to-inequality}},
	year = {2024},
	note = {[Accessed 08-02-2025]},
}

@article{rodrik1999did,
  title={Where did all the growth go? External shocks, social conflict, and growth collapses},
  author={Rodrik, Dani},
  journal={Journal of economic growth},
  volume={4},
  pages={385--412},
  year={1999},
  publisher={Springer}
}

@article{kappen2005path,
  title={Path integrals and symmetry breaking for optimal control theory},
  author={Kappen, Hilbert J},
  journal={Journal of Statistical Mechanics: Theory and Experiment},
  volume={2005},
  number={11},
  pages={P11011},
  year={2005},
  publisher={IOP Publishing}
}


@book{oksendal2013stochastic,
  title={Stochastic Differential Equations: An Introduction with Applications},
  author={Oksendal, Bernt},
  year={2013},
  publisher={Springer Science \& Business Media}
}

@article{maruyama1955continuous,
  title={Continuous Markov processes and stochastic equations},
  author={Maruyama, Gisiro},
  journal={Rendiconti del Circolo Matematico di Palermo},
  volume={4},
  pages={48--90},
  year={1955},
  publisher={Springer}
}

@article{kermack1927contribution,
  title={A contribution to the mathematical theory of epidemics},
  author={Kermack, William Ogilvy and McKendrick, Anderson G},
  journal={Proceedings of the royal society of london. Series A, Containing papers of a mathematical and physical character},
  volume={115},
  number={772},
  pages={700--721},
  year={1927},
  publisher={The Royal Society London}
}

@article{beretta1998stability,
  title={Stability of epidemic model with time delays influenced by stochastic perturbations},
  author={Beretta, Edoardo and Kolmanovskii, Vladimir and Shaikhet, Leonid},
  journal={Mathematics and Computers in Simulation},
  volume={45},
  number={3-4},
  pages={269--277},
  year={1998},
  publisher={Elsevier}
}

@book{bailey1975mathematical,
  title={The mathematical theory of infectious diseases and its applications, 2nd edition},
  author={Bailey, Norman TJ},
  publisher = {Charles Griffin \& Company Ltd},
  year={1975}
}

@inproceedings{bartlett1956deterministic,
  title={Deterministic and stochastic models for recurrent epidemics},
  author={Bartlett, Maurice S},
  booktitle={Proceedings of the third Berkeley symposium on mathematical statistics and probability},
  volume={4},
  pages={81-109},
  year={1956},
  organization={Berkeley}
}

@article{bambra2020covid,
  title={The COVID-19 pandemic and health inequalities},
  author={Bambra, Clare and Riordan, Ryan and Ford, John and Matthews, Fiona},
  journal={J Epidemiol Community Health},
  volume={74},
  number={11},
  pages={964--968},
  year={2020},
  publisher={BMJ Publishing Group Ltd}
}


@article{williams2017model,
  title={Model predictive path integral control: From theory to parallel computation},
  author={Williams, Grady and Aldrich, Andrew and Theodorou, Evangelos A},
  journal={Journal of Guidance, Control, and Dynamics},
  volume={40},
  number={2},
  pages={344--357},
  year={2017},
  publisher={American Institute of Aeronautics and Astronautics}
}


@inproceedings{yin2022trajectory,
  title={Trajectory distribution control for model predictive path integral control using covariance steering},
  author={Yin, Ji and Zhang, Zhiyuan and Theodorou, Evangelos and Tsiotras, Panagiotis},
  booktitle={2022 International Conference on Robotics and Automation (ICRA)},
  pages={1478--1484},
  year={2022},
  organization={IEEE}
}

@inproceedings{park2024distributionally,
  title={Distributionally Robust Path Integral Control},
  author={Park, Hyuk and Zhou, Duo and Hanasusanto, Grani A and Tanaka, Takashi},
  booktitle={2024 American Control Conference (ACC)},
  pages={1164--1171},
  year={2024},
  organization={IEEE}
}


@inproceedings{yin2023risk,
  title={Risk-aware model predictive path integral control using conditional value-at-risk},
  author={Yin, Ji and Zhang, Zhiyuan and Tsiotras, Panagiotis},
  booktitle={2023 IEEE International Conference on Robotics and Automation (ICRA)},
  pages={7937--7943},
  year={2023},
  organization={IEEE}
}

@inproceedings{chebotar2017path,
  title={Path integral guided policy search},
  author={Chebotar, Yevgen and Kalakrishnan, Mrinal and Yahya, Ali and Li, Adrian and Schaal, Stefan and Levine, Sergey},
  booktitle={2017 IEEE international conference on robotics and automation (ICRA)},
  pages={3381--3388},
  year={2017},
  organization={IEEE}
}

@inproceedings{williams2017information,
  title={Information theoretic mpc for model-based reinforcement learning},
  author={Williams, Grady and Wagener, Nolan and Goldfain, Brian and Drews, Paul and Rehg, James M and Boots, Byron and Theodorou, Evangelos A},
  booktitle={2017 IEEE international conference on robotics and automation (ICRA)},
  pages={1714--1721},
  year={2017},
  organization={IEEE}
}

@article{owid-coronavirus,
    author = {Edouard Mathieu and Hannah Ritchie and Lucas RodÃ©s-Guirao and Cameron Appel and Daniel Gavrilov and Charlie Giattino and Joe Hasell and Bobbie Macdonald and Saloni Dattani and Diana Beltekian and Esteban Ortiz-Ospina and Max Roser},
    title = {COVID-19 Pandemic},
    journal = {Our World in Data},
    year = {2020},
    note = {https://ourworldindata.org/coronavirus}
}

@article{ingber2000high,
  title={High-resolution path-integral development of financial options},
  author={Ingber, Lester},
  journal={Physica A: Statistical Mechanics and its Applications},
  volume={283},
  number={3-4},
  pages={529--558},
  year={2000},
  publisher={Elsevier}
}

@article{perkowski2016pathwise,
  title={Pathwise stochastic integrals for model free finance},
  author={Perkowski, Nicolas and Pr{\"o}mel, David J},
  journal={Bernoulli},
  volume={22},
  number={4},
  pages={2486--2520},
  year={2016}
}

@article{decamps2006path,
  title={A path integral approach to asset-liability management},
  author={Decamps, Marc and De Schepper, Ann and Goovaerts, Marc},
  journal={Physica A: Statistical Mechanics and its Applications},
  volume={363},
  number={2},
  pages={404--416},
  year={2006},
  publisher={Elsevier}
}


@book{andersson2012stochastic,
  title={Stochastic epidemic models and their statistical analysis},
  author={Andersson, Hakan and Britton, Tom},
  volume={151},
  year={2012},
  publisher={Springer Science \& Business Media}
}

@incollection{allen2008introduction,
  title={An introduction to stochastic epidemic models},
  author={Allen, Linda JS},
  booktitle={Mathematical epidemiology},
  pages={81--130},
  year={2008},
  publisher={Springer}
}

@article{britton2010stochastic,
  title={Stochastic epidemic models: a survey},
  author={Britton, Tom},
  journal={Mathematical biosciences},
  volume={225},
  number={1},
  pages={24--35},
  year={2010},
  publisher={Elsevier}
}

@article{kiss2017mathematics,
  title={Mathematics of epidemics on networks},
  author={Kiss, Istv{\'a}n Z and Miller, Joel C and Simon, P{\'e}ter L and others},
  journal={Cham: Springer},
  volume={598},
  number={2017},
  pages={31},
  year={2017},
  publisher={Springer}
}

@article{cai2015stochastic,
  title={A stochastic SIRS epidemic model with infectious force under intervention strategies},
  author={Cai, Yongli and Kang, Yun and Banerjee, Malay and Wang, Weiming},
  journal={Journal of Differential Equations},
  volume={259},
  number={12},
  pages={7463--7502},
  year={2015},
  publisher={Elsevier}
}

@article{cai2017stochastic,
  title={A stochastic SIRS epidemic model with nonlinear incidence rate},
  author={Cai, Yongli and Kang, Yun and Wang, Weiming},
  journal={Applied Mathematics and Computation},
  volume={305},
  pages={221--240},
  year={2017},
  publisher={Elsevier}
}

@article{karako2020analysis,
  title={Analysis of COVID-19 infection spread in Japan based on stochastic transition model},
  author={Karako, Kenji and Song, Peipei and Chen, Yu and Tang, Wei},
  journal={Bioscience trends},
  volume={14},
  number={2},
  pages={134--138},
  year={2020},
  publisher={International Research and Cooperation Association for Bio \& Socio-Sciences~â€¦}
}

@book{martcheva2015introduction,
  title={An introduction to mathematical epidemiology},
  author={Martcheva, Maia},
  volume={61},
  year={2015},
  publisher={Springer}
}

@article{allen2017primer,
  title={A primer on stochastic epidemic models: Formulation, numerical simulation, and analysis},
  author={Allen, Linda JS},
  journal={Infectious Disease Modelling},
  volume={2},
  number={2},
  pages={128--142},
  year={2017},
  publisher={Elsevier}
}
@book{britton2019stochastic,
  title={Stochastic epidemic models with inference},
  author={Britton, Tom and Pardoux, Etienne and Ball, Franck and Laredo, Catherine and Sirl, David and Tran, Viet Chi},
  volume={2255},
  year={2019},
  publisher={Springer}
}

@article{zhou2021ergodic,
  title={Ergodic property, extinction and density function of a stochastic SIR epidemic model with nonlinear incidence and general stochastic perturbations},
  author={Zhou, Baoquan and Han, Bingtao and Jiang, Daqing},
  journal={Chaos, Solitons \& Fractals},
  volume={152},
  pages={111338},
  year={2021},
  publisher={Elsevier}
}

@article{laaribi2023generalized,
  title={A generalized stochastic SIRS epidemic model incorporating mean-reverting Ornstein--Uhlenbeck process},
  author={Laaribi, Aziz and Boukanjime, Brahim and El Khalifi, Mohamed and Bouggar, Driss and El Fatini, Mohamed},
  journal={Physica A: Statistical Mechanics and its Applications},
  volume={615},
  pages={128609},
  year={2023},
  publisher={Elsevier}
}

@article{greenwood2009stochastic,
  title={Stochastic epidemic modeling},
  author={Greenwood, Priscilla E and Gordillo, Luis F},
  journal={Mathematical and statistical estimation approaches in epidemiology},
  pages={31--52},
  year={2009},
  publisher={Springer}
}