@book{em:86,
  editor  = "Engelmore, Robert and Morgan, Anthony",
  title   = "Blackboard Systems",
  year    = 1986,
  address = "Reading, Mass.",
  publisher = "Addison-Wesley",
}

@inproceedings{c:83,
  author  = "Clancey, William J.",
  year    = 1983,
  title   = "{Communication, Simulation, and Intelligent
Agents: Implications of Personal Intelligent Machines
for Medical Education}",
  booktitle="Proceedings of the Eighth International Joint Conference on Artificial Intelligence {(IJCAI-83)}", 
  pages   = "556-560",
  address = "Menlo Park, Calif",
  publisher = "{IJCAI Organization}",
}
@inproceedings{c:84,
  author  = "Clancey, William J.",
  year    = 1984,
  title   = "{Classification Problem Solving}",
  booktitle = "Proceedings of the Fourth National 
              Conference on Artificial Intelligence",
  pages   = "45-54",
  address = "Menlo Park, Calif.",
  publisher="AAAI Press",
}
@article{r:80,
  author = {Robinson, Arthur L.},
  title = {New Ways to Make Microcircuits Smaller},
  volume = {208},
  number = {4447},
  pages = {1019--1022},
  year = {1980},
  doi = {10.1126/science.208.4447.1019},
  publisher = {American Association for the Advancement of Science},
  issn = {0036-8075},
  URL = {https://science.sciencemag.org/content/208/4447/1019},
  eprint = {https://science.sciencemag.org/content/208/4447/1019.full.pdf},
  journal = {Science},
}
@article{r:80x,
  author  = "Robinson, Arthur L.",
  year    = 1980,
  title   = "{New Ways to Make Microcircuits Smaller---Duplicate Entry}",
  journal = "Science",
  volume  =  208,
  pages   = "1019-1026",
}
@article{hcr:83,
title = {Strategic explanations for a diagnostic consultation system},
journal = {International Journal of Man-Machine Studies},
volume = {20},
number = {1},
pages = {3-19},
year = {1984},
issn = {0020-7373},
doi = {https://doi.org/10.1016/S0020-7373(84)80003-6},
url = {https://www.sciencedirect.com/science/article/pii/S0020737384800036},
author = {Diane Warner Hasling and William J. Clancey and Glenn Rennels},
abstract = {This article examines the problem of automatte explanation of reasoning, especially as it relates to expert systems. By explanation we mean the ability of a program to discuss what it is doing in some understandable way. We first present a general framework in which to view explanation and review some of the research done in this area. We then focus on the explanation system for NEOMYCIN, a medical consultation program. A consultation program interactively helps a user to solve a problem. Our goal is to have NEOMYCIN explain its problem-solving strategies. An explanation of strategy describes the plan the program is using to reach a solution. Such an explanation is usually concrete, referring to aspects of the current problem situation. Abstract explanations articulate a general principle, which can be applied in different situations; such explanations are useful in teaching and in explaining by analogy. We describe the aspects of NEOMYCIN that make abstract strategic explanations possible—the representation of strategic knowledge explicitly and separately from domain knowledge— and demonstrate how this representation can be used to generate explanations.}
}
@article{hcrt:83,
  author  = "Hasling, Diane Warner and Clancey, William J. and Rennels, Glenn R. and Test, Thomas",
  year    = 1983,
  title   = "{Strategic Explanations in Consultation---Duplicate}",
  journal = "The International Journal of Man-Machine Studies",
  volume  = 20,
  number  = 1,
  pages   = "3-19",
}
@techreport{r:86,
  author  = "Rice, James",
  year    = 1986,
  title   = "{Poligon: A System for Parallel Problem Solving}",
  type    = "Technical Report", 
  number  = "KSL-86-19", 
  institution = "Dept.\ of Computer Science, Stanford Univ.",
}
@phdthesis{c:79,
  author  = "Clancey, William J.",
  year    = 1979,
  title   = "{Transfer of Rule-Based Expertise
through a Tutorial Dialogue}",
  type    = "{Ph.D.} diss.",
  school  = "Dept.\ of Computer Science, Stanford Univ.",
  address = "Stanford, Calif.",
}
@unpublished{c:21,
  author  = "Clancey, William J.",
  title   = "{The Engineering of Qualitative Models}",
  year    = 2021,
  note    = "Forthcoming",
}
@misc{c:22,
      title={Attention Is All You Need}, 
      author={Ashish Vaswani and Noam Shazeer and Niki Parmar and Jakob Uszkoreit and Llion Jones and Aidan N. Gomez and Lukasz Kaiser and Illia Polosukhin},
      year={2017},
      eprint={1706.03762},
      archivePrefix={arXiv},
      primaryClass={cs.CL}
}
@misc{c:23,
  title        = "Pluto: The 'Other' Red Planet",
  author       = "{NASA}",
  howpublished = "\url{https://www.nasa.gov/nh/pluto-the-other-red-planet}",
  year         = 2015,
  note         = "Accessed: 2018-12-06"
}



@article{nichol2021glide,
  title={Glide: Towards photorealistic image generation and editing with text-guided diffusion models},
  author={Nichol, Alex and Dhariwal, Prafulla and Ramesh, Aditya and Shyam, Pranav and Mishkin, Pamela and McGrew, Bob and Sutskever, Ilya and Chen, Mark},
  journal={arXiv preprint arXiv:2112.10741},
  year={2021}
}


@article{podell2023sdxl,
  title={Sdxl: Improving latent diffusion models for high-resolution image synthesis},
  author={Podell, Dustin and English, Zion and Lacey, Kyle and Blattmann, Andreas and Dockhorn, Tim and M{\"u}ller, Jonas and Penna, Joe and Rombach, Robin},
  journal={arXiv preprint arXiv:2307.01952},
  year={2023}
}

@inproceedings{peebles2023scalable,
  title={Scalable diffusion models with transformers},
  author={Peebles, William and Xie, Saining},
  booktitle={Proceedings of the IEEE/CVF International Conference on Computer Vision},
  pages={4195--4205},
  year={2023}
}

@article{ramesh2022hierarchical,
  title={Hierarchical text-conditional image generation with clip latents},
  author={Ramesh, Aditya and Dhariwal, Prafulla and Nichol, Alex and Chu, Casey and Chen, Mark},
  journal={arXiv preprint arXiv:2204.06125},
  volume={1},
  number={2},
  pages={3},
  year={2022}
}

@article{saharia2022photorealistic,
  title={Photorealistic text-to-image diffusion models with deep language understanding},
  author={Saharia, Chitwan and Chan, William and Saxena, Saurabh and Li, Lala and Whang, Jay and Denton, Emily L and Ghasemipour, Kamyar and Gontijo Lopes, Raphael and Karagol Ayan, Burcu and Salimans, Tim and others},
  journal={Advances in neural information processing systems},
  volume={35},
  pages={36479--36494},
  year={2022}
}

@inproceedings{avrahami2022blended,
  title={Blended diffusion for text-driven editing of natural images},
  author={Avrahami, Omri and Lischinski, Dani and Fried, Ohad},
  booktitle={Proceedings of the IEEE/CVF conference on computer vision and pattern recognition},
  pages={18208--18218},
  year={2022}
}

@inproceedings{chai2023stablevideo,
  title={Stablevideo: Text-driven consistency-aware diffusion video editing},
  author={Chai, Wenhao and Guo, Xun and Wang, Gaoang and Lu, Yan},
  booktitle={Proceedings of the IEEE/CVF International Conference on Computer Vision},
  pages={23040--23050},
  year={2023}
}

@article{couairon2022diffedit,
  title={Diffedit: Diffusion-based semantic image editing with mask guidance},
  author={Couairon, Guillaume and Verbeek, Jakob and Schwenk, Holger and Cord, Matthieu},
  journal={arXiv preprint arXiv:2210.11427},
  year={2022}
}

@article{hertz2022prompt,
  title={Prompt-to-prompt image editing with cross attention control},
  author={Hertz, Amir and Mokady, Ron and Tenenbaum, Jay and Aberman, Kfir and Pritch, Yael and Cohen-Or, Daniel},
  journal={arXiv preprint arXiv:2208.01626},
  year={2022}
}


@inproceedings{kawar2023imagic,
  title={Imagic: Text-based real image editing with diffusion models},
  author={Kawar, Bahjat and Zada, Shiran and Lang, Oran and Tov, Omer and Chang, Huiwen and Dekel, Tali and Mosseri, Inbar and Irani, Michal},
  booktitle={Proceedings of the IEEE/CVF Conference on Computer Vision and Pattern Recognition},
  pages={6007--6017},
  year={2023}
}


@inproceedings{tumanyan2023plug,
  title={Plug-and-play diffusion features for text-driven image-to-image translation},
  author={Tumanyan, Narek and Geyer, Michal and Bagon, Shai and Dekel, Tali},
  booktitle={Proceedings of the IEEE/CVF Conference on Computer Vision and Pattern Recognition},
  pages={1921--1930},
  year={2023}
}

@inproceedings{yang2023rerender,
  title={Rerender a video: Zero-shot text-guided video-to-video translation},
  author={Yang, Shuai and Zhou, Yifan and Liu, Ziwei and Loy, Chen Change},
  booktitle={SIGGRAPH Asia 2023 Conference Papers},
  pages={1--11},
  year={2023}
}

@software{opensora,
  author = {Zangwei Zheng and Xiangyu Peng and Tianji Yang and Chenhui Shen and Shenggui Li and Hongxin Liu and Yukun Zhou and Tianyi Li and Yang You},
  title = {Open-Sora: Democratizing Efficient Video Production for All},
  month = {March},
  year = {2024},
  url = {https://github.com/hpcaitech/Open-Sora}
}

@misc{guo2023animatediff,
  title={AnimateDiff: Animate Your Personalized Text-to-Image Diffusion Models without Specific Tuning},
  author={Yuwei Guo and Ceyuan Yang and Anyi Rao and Zhengyang Liang and Yaohui Wang and Yu Qiao and Maneesh Agrawala and Dahua Lin and Bo Dai},
  booktitle={arXiv preprint arxiv:2307.04725},
  year={2023},
  archivePrefix={arXiv},
  primaryClass={cs.CV}
}


@inproceedings{ruiz2023dreambooth,
  title={Dreambooth: Fine tuning text-to-image diffusion models for subject-driven generation},
  author={Ruiz, Nataniel and Li, Yuanzhen and Jampani, Varun and Pritch, Yael and Rubinstein, Michael and Aberman, Kfir},
  booktitle={Proceedings of the IEEE/CVF conference on computer vision and pattern recognition},
  pages={22500--22510},
  year={2023}
}


@inproceedings{zhang2023inversion,
  title={Inversion-based style transfer with diffusion models},
  author={Zhang, Yuxin and Huang, Nisha and Tang, Fan and Huang, Haibin and Ma, Chongyang and Dong, Weiming and Xu, Changsheng},
  booktitle={Proceedings of the IEEE/CVF conference on computer vision and pattern recognition},
  pages={10146--10156},
  year={2023}
}

@inproceedings{chung2024style,
  title={Style injection in diffusion: A training-free approach for adapting large-scale diffusion models for style transfer},
  author={Chung, Jiwoo and Hyun, Sangeek and Heo, Jae-Pil},
  booktitle={Proceedings of the IEEE/CVF Conference on Computer Vision and Pattern Recognition},
  pages={8795--8805},
  year={2024}
}

@article{jeong2023training,
  title={Training-free style transfer emerges from h-space in diffusion models},
  author={Jeong, Jaeseok and Kwon, Mingi and Uh, Youngjung},
  journal={arXiv preprint arXiv:2303.15403},
  volume={3},
  year={2023}
}


@article{wang2024instantstyle,
  title={Instantstyle: Free lunch towards style-preserving in text-to-image generation},
  author={Wang, Haofan and Wang, Qixun and Bai, Xu and Qin, Zekui and Chen, Anthony},
  journal={arXiv preprint arXiv:2404.02733},
  year={2024}
}

@article{wang2024instantstyleplus,
  title={InstantStyle-Plus: Style Transfer with Content-Preserving in Text-to-Image Generation},
  author={Wang, Haofan and Xing, Peng and Huang, Renyuan and Ai, Hao and Wang, Qixun and Bai, Xu},
  journal={arXiv preprint arXiv:2407.00788},
  year={2024}
}


@article{gu2024photoswap,
  title={Photoswap: Personalized subject swapping in images},
  author={Gu, Jing and Wang, Yilin and Zhao, Nanxuan and Fu, Tsu-Jui and Xiong, Wei and Liu, Qing and Zhang, Zhifei and Zhang, He and Zhang, Jianming and Jung, HyunJoon and others},
  journal={Advances in Neural Information Processing Systems},
  volume={36},
  year={2024}
}

@article{gu2024swapanything,
  title={Swapanything: Enabling arbitrary object swapping in personalized visual editing},
  author={Gu, Jing and Wang, Yilin and Zhao, Nanxuan and Xiong, Wei and Liu, Qing and Zhang, Zhifei and Zhang, He and Zhang, Jianming and Jung, HyunJoon and Wang, Xin Eric},
  journal={arXiv preprint arXiv:2404.05717},
  year={2024}
}


@article{balaji2022ediffi,
  title={ediffi: Text-to-image diffusion models with an ensemble of expert denoisers},
  author={Balaji, Yogesh and Nah, Seungjun and Huang, Xun and Vahdat, Arash and Song, Jiaming and Kreis, Karsten and Aittala, Miika and Aila, Timo and Laine, Samuli and Catanzaro, Bryan and others},
  journal={arXiv preprint arXiv:2211.01324},
  year={2022}
}

@article{chang2023muse,
  title={Muse: Text-to-image generation via masked generative transformers},
  author={Chang, Huiwen and Zhang, Han and Barber, Jarred and Maschinot, AJ and Lezama, Jose and Jiang, Lu and Yang, Ming-Hsuan and Murphy, Kevin and Freeman, William T and Rubinstein, Michael and others},
  journal={arXiv preprint arXiv:2301.00704},
  year={2023}
}


@inproceedings{Hagerup1993,
title        = {Maintaining Discrete Probability Distributions Optimally},
author       = {Hagerup, Torben and Mehlhorn, Kurt and Munro, J. Ian},
booktitle    = {Proceedings of the 20th International Colloquium on Automata, Languages and Programming},
series       = {Lecture Notes in Computer Science},
volume       = {700},
pages        = {253--264},
year         = {1993},
publisher    = {Springer-Verlag},
address      = {Berlin},
}


@article{ding2021cogview,
  title={Cogview: Mastering text-to-image generation via transformers},
  author={Ding, Ming and Yang, Zhuoyi and Hong, Wenyi and Zheng, Wendi and Zhou, Chang and Yin, Da and Lin, Junyang and Zou, Xu and Shao, Zhou and Yang, Hongxia and others},
  journal={Advances in Neural Information Processing Systems},
  volume={34},
  pages={19822--19835},
  year={2021}
}

@article{ding2022cogview2,
  title={Cogview2: Faster and better text-to-image generation via hierarchical transformers},
  author={Ding, Ming and Zheng, Wendi and Hong, Wenyi and Tang, Jie},
  journal={Advances in Neural Information Processing Systems},
  volume={35},
  pages={16890--16902},
  year={2022}
}

@inproceedings{gafni2022make,
  title={Make-a-scene: Scene-based text-to-image generation with human priors},
  author={Gafni, Oran and Polyak, Adam and Ashual, Oron and Sheynin, Shelly and Parikh, Devi and Taigman, Yaniv},
  booktitle={European Conference on Computer Vision},
  pages={89--106},
  year={2022},
  organization={Springer}
}

@article{li2019controllable,
  title={Controllable text-to-image generation},
  author={Li, Bowen and Qi, Xiaojuan and Lukasiewicz, Thomas and Torr, Philip},
  journal={Advances in Neural Information Processing Systems},
  volume={32},
  year={2019}
}

@article{nichol2021glide,
  title={Glide: Towards photorealistic image generation and editing with text-guided diffusion models},
  author={Nichol, Alex and Dhariwal, Prafulla and Ramesh, Aditya and Shyam, Pranav and Mishkin, Pamela and McGrew, Bob and Sutskever, Ilya and Chen, Mark},
  journal={arXiv preprint arXiv:2112.10741},
  year={2021}
}

@article{ramesh2022hierarchical,
  title={Hierarchical text-conditional image generation with clip latents},
  author={Ramesh, Aditya and Dhariwal, Prafulla and Nichol, Alex and Chu, Casey and Chen, Mark},
  journal={arXiv preprint arXiv:2204.06125},
  volume={1},
  number={2},
  pages={3},
  year={2022}
}

@inproceedings{ramesh2021zero,
  title={Zero-shot text-to-image generation},
  author={Ramesh, Aditya and Pavlov, Mikhail and Goh, Gabriel and Gray, Scott and Voss, Chelsea and Radford, Alec and Chen, Mark and Sutskever, Ilya},
  booktitle={International Conference on Machine Learning},
  pages={8821--8831},
  year={2021},
  organization={PMLR}
}

@inproceedings{rombach2022high,
  title={High-resolution image synthesis with latent diffusion models},
  author={Rombach, Robin and Blattmann, Andreas and Lorenz, Dominik and Esser, Patrick and Ommer, Bj{\"o}rn},
  booktitle={Proceedings of the IEEE/CVF conference on computer vision and pattern recognition},
  pages={10684--10695},
  year={2022}
}


@article{sauer2023stylegan,
  title={Stylegan-t: Unlocking the power of gans for fast large-scale text-to-image synthesis},
  author={Sauer, Axel and Karras, Tero and Laine, Samuli and Geiger, Andreas and Aila, Timo},
  journal={arXiv preprint arXiv:2301.09515},
  year={2023}
}

@inproceedings{xia2021tedigan,
  title={Tedigan: Text-guided diverse face image generation and manipulation},
  author={Xia, Weihao and Yang, Yujiu and Xue, Jing-Hao and Wu, Baoyuan},
  booktitle={Proceedings of the IEEE/CVF conference on computer vision and pattern recognition},
  pages={2256--2265},
  year={2021}
}

@article{yu2022scaling,
  title={Scaling autoregressive models for content-rich text-to-image generation},
  author={Yu, Jiahui and Xu, Yuanzhong and Koh, Jing Yu and Luong, Thang and Baid, Gunjan and Wang, Zirui and Vasudevan, Vijay and Ku, Alexander and Yang, Yinfei and Ayan, Burcu Karagol and others},
  journal={arXiv preprint arXiv:2206.10789},
  volume={2},
  number={3},
  pages={5},
  year={2022},
  publisher={Jun}
}

@article{goodfellow2014generative,
  title={Generative adversarial nets},
  author={Goodfellow, Ian and Pouget-Abadie, Jean and Mirza, Mehdi and Xu, Bing and Warde-Farley, David and Ozair, Sherjil and Courville, Aaron and Bengio, Yoshua},
  journal={Advances in neural information processing systems},
  volume={27},
  year={2014}
}

@inproceedings{radford2021learning,
  title={Learning transferable visual models from natural language supervision},
  author={Radford, Alec and Kim, Jong Wook and Hallacy, Chris and Ramesh, Aditya and Goh, Gabriel and Agarwal, Sandhini and Sastry, Girish and Askell, Amanda and Mishkin, Pamela and Clark, Jack and others},
  booktitle={International conference on machine learning},
  pages={8748--8763},
  year={2021},
  organization={PMLR}
}

% 定制化工作

@inproceedings{kumari2023multi,
  title={Multi-concept customization of text-to-image diffusion},
  author={Kumari, Nupur and Zhang, Bingliang and Zhang, Richard and Shechtman, Eli and Zhu, Jun-Yan},
  booktitle={Proceedings of the IEEE/CVF Conference on Computer Vision and Pattern Recognition},
  pages={1931--1941},
  year={2023}
}

@article{han2023svdiff,
  title={Svdiff: Compact parameter space for diffusion fine-tuning},
  author={Han, Ligong and Li, Yinxiao and Zhang, Han and Milanfar, Peyman and Metaxas, Dimitris and Yang, Feng},
  journal={arXiv preprint arXiv:2303.11305},
  year={2023}
}

@article{gal2023designing,
  title={Designing an encoder for fast personalization of text-to-image models},
  author={Gal, Rinon and Arar, Moab and Atzmon, Yuval and Bermano, Amit H and Chechik, Gal and Cohen-Or, Daniel},
  journal={arXiv preprint arXiv:2302.12228},
  year={2023}
}

@article{wei2023elite,
  title={Elite: Encoding visual concepts into textual embeddings for customized text-to-image generation},
  author={Wei, Yuxiang and Zhang, Yabo and Ji, Zhilong and Bai, Jinfeng and Zhang, Lei and Zuo, Wangmeng},
  journal={arXiv preprint arXiv:2302.13848},
  year={2023}
}

@article{ruiz2023hyperdreambooth,
  title={Hyperdreambooth: Hypernetworks for fast personalization of text-to-image models},
  author={Ruiz, Nataniel and Li, Yuanzhen and Jampani, Varun and Wei, Wei and Hou, Tingbo and Pritch, Yael and Wadhwa, Neal and Rubinstein, Michael and Aberman, Kfir},
  journal={arXiv preprint arXiv:2307.06949},
  year={2023}
}

@article{chen2023subject,
  title={Subject-driven text-to-image generation via apprenticeship learning},
  author={Chen, Wenhu and Hu, Hexiang and Li, Yandong and Rui, Nataniel and Jia, Xuhui and Chang, Ming-Wei and Cohen, William W},
  journal={arXiv preprint arXiv:2304.00186},
  year={2023}
}

@article{shi2023instantbooth,
  title={Instantbooth: Personalized text-to-image generation without test-time finetuning},
  author={Shi, Jing and Xiong, Wei and Lin, Zhe and Jung, Hyun Joon},
  journal={arXiv preprint arXiv:2304.03411},
  year={2023}
}

@article{jia2023taming,
  title={Taming encoder for zero fine-tuning image customization with text-to-image diffusion models},
  author={Jia, Xuhui and Zhao, Yang and Chan, Kelvin CK and Li, Yandong and Zhang, Han and Gong, Boqing and Hou, Tingbo and Wang, Huisheng and Su, Yu-Chuan},
  journal={arXiv preprint arXiv:2304.02642},
  year={2023}
}

@article{avrahami2023break,
  title={Break-A-Scene: Extracting Multiple Concepts from a Single Image},
  author={Avrahami, Omri and Aberman, Kfir and Fried, Ohad and Cohen-Or, Daniel and Lischinski, Dani},
  journal={arXiv preprint arXiv:2305.16311},
  year={2023}
}

@article{xiao2023fastcomposer,
  title={FastComposer: Tuning-Free Multi-Subject Image Generation with Localized Attention},
  author={Xiao, Guangxuan and Yin, Tianwei and Freeman, William T and Durand, Fr{\'e}do and Han, Song},
  journal={arXiv preprint arXiv:2305.10431},
  year={2023}
}

@article{gal2022image,
  title={An image is worth one word: Personalizing text-to-image generation using textual inversion},
  author={Gal, Rinon and Alaluf, Yuval and Atzmon, Yuval and Patashnik, Or and Bermano, Amit H and Chechik, Gal and Cohen-Or, Daniel},
  journal={arXiv preprint arXiv:2208.01618},
  year={2022}
}

@article{gal2023encoder,
  title={Encoder-based domain tuning for fast personalization of text-to-image models},
  author={Gal, Rinon and Arar, Moab and Atzmon, Yuval and Bermano, Amit H and Chechik, Gal and Cohen-Or, Daniel},
  journal={ACM Transactions on Graphics (TOG)},
  volume={42},
  number={4},
  pages={1--13},
  year={2023},
  publisher={ACM New York, NY, USA}
}

@article{voynov2023p+,
  title={$ P+ $: Extended Textual Conditioning in Text-to-Image Generation},
  author={Voynov, Andrey and Chu, Qinghao and Cohen-Or, Daniel and Aberman, Kfir},
  journal={arXiv preprint arXiv:2303.09522},
  year={2023}
}

@article{zhang2023prospect,
  title={ProSpect: Expanded Conditioning for the Personalization of Attribute-aware Image Generation},
  author={Zhang, Yuxin and Dong, Weiming and Tang, Fan and Huang, Nisha and Huang, Haibin and Ma, Chongyang and Lee, Tong-Yee and Deussen, Oliver and Xu, Changsheng},
  journal={arXiv preprint arXiv:2305.16225},
  year={2023}
}

@article{schuhmann2022laion,
  title={Laion-5b: An open large-scale dataset for training next generation image-text models},
  author={Schuhmann, Christoph and Beaumont, Romain and Vencu, Richard and Gordon, Cade and Wightman, Ross and Cherti, Mehdi and Coombes, Theo and Katta, Aarush and Mullis, Clayton and Wortsman, Mitchell and others},
  journal={Advances in Neural Information Processing Systems},
  volume={35},
  pages={25278--25294},
  year={2022}
}

@article{ho2020denoising,
  title={Denoising diffusion probabilistic models},
  author={Ho, Jonathan and Jain, Ajay and Abbeel, Pieter},
  journal={Advances in neural information processing systems},
  volume={33},
  pages={6840--6851},
  year={2020}
}

@inproceedings{ronneberger2015u,
  title={U-net: Convolutional networks for biomedical image segmentation},
  author={Ronneberger, Olaf and Fischer, Philipp and Brox, Thomas},
  booktitle={Medical Image Computing and Computer-Assisted Intervention--MICCAI 2015: 18th International Conference, Munich, Germany, October 5-9, 2015, Proceedings, Part III 18},
  pages={234--241},
  year={2015},
  organization={Springer}
}

@article{devlin2018bert,
  title={Bert: Pre-training of deep bidirectional transformers for language understanding},
  author={Devlin, Jacob and Chang, Ming-Wei and Lee, Kenton and Toutanova, Kristina},
  journal={arXiv preprint arXiv:1810.04805},
  year={2018}
}

@article{dosovitskiy2020image,
  title={An image is worth 16x16 words: Transformers for image recognition at scale},
  author={Dosovitskiy, Alexey and Beyer, Lucas and Kolesnikov, Alexander and Weissenborn, Dirk and Zhai, Xiaohua and Unterthiner, Thomas and Dehghani, Mostafa and Minderer, Matthias and Heigold, Georg and Gelly, Sylvain and others},
  journal={arXiv preprint arXiv:2010.11929},
  year={2020}
}

@article{sun2023imagebrush,
  title={ImageBrush: Learning Visual In-Context Instructions for Exemplar-Based Image Manipulation},
  author={Sun, Yasheng and Yang, Yifan and Peng, Houwen and Shen, Yifei and Yang, Yuqing and Hu, Han and Qiu, Lili and Koike, Hideki},
  journal={arXiv preprint arXiv:2308.00906},
  year={2023}
}

@article{nguyen2023visual,
  title={Visual instruction inversion: Image editing via visual prompting},
  author={Nguyen, Thao and Li, Yuheng and Ojha, Utkarsh and Lee, Yong Jae},
  journal={arXiv preprint arXiv:2307.14331},
  year={2023}
}

@article{bar2022visual,
  title={Visual prompting via image inpainting},
  author={Bar, Amir and Gandelsman, Yossi and Darrell, Trevor and Globerson, Amir and Efros, Alexei},
  journal={Advances in Neural Information Processing Systems},
  volume={35},
  pages={25005--25017},
  year={2022}
}

@inproceedings{tumanyan2022splicing,
  title={Splicing vit features for semantic appearance transfer},
  author={Tumanyan, Narek and Bar-Tal, Omer and Bagon, Shai and Dekel, Tali},
  booktitle={Proceedings of the IEEE/CVF Conference on Computer Vision and Pattern Recognition},
  pages={10748--10757},
  year={2022}
}

@inproceedings{yang2023paint,
  title={Paint by example: Exemplar-based image editing with diffusion models},
  author={Yang, Binxin and Gu, Shuyang and Zhang, Bo and Zhang, Ting and Chen, Xuejin and Sun, Xiaoyan and Chen, Dong and Wen, Fang},
  booktitle={Proceedings of the IEEE/CVF Conference on Computer Vision and Pattern Recognition},
  pages={18381--18391},
  year={2023}
}


@article{xu2023prompt,
  title={Prompt-Free Diffusion: Taking" Text" out of Text-to-Image Diffusion Models},
  author={Xu, Xingqian and Guo, Jiayi and Wang, Zhangyang and Huang, Gao and Essa, Irfan and Shi, Humphrey},
  journal={arXiv preprint arXiv:2305.16223},
  year={2023}
}

@article{goel2023pair,
  title={Pair-diffusion: Object-level image editing with structure-and-appearance paired diffusion models},
  author={Goel, Vidit and Peruzzo, Elia and Jiang, Yifan and Xu, Dejia and Sebe, Nicu and Darrell, Trevor and Wang, Zhangyang and Shi, Humphrey},
  journal={arXiv preprint arXiv:2303.17546},
  year={2023}
}

@inproceedings{alaluf2022hyperstyle,
  title={Hyperstyle: Stylegan inversion with hypernetworks for real image editing},
  author={Alaluf, Yuval and Tov, Omer and Mokady, Ron and Gal, Rinon and Bermano, Amit},
  booktitle={Proceedings of the IEEE/CVF conference on computer Vision and pattern recognition},
  pages={18511--18521},
  year={2022}
}

@article{alaluf2023cross,
  title={Cross-image attention for zero-shot appearance transfer},
  author={Alaluf, Yuval and Garibi, Daniel and Patashnik, Or and Averbuch-Elor, Hadar and Cohen-Or, Daniel},
  journal={arXiv preprint arXiv:2311.03335},
  year={2023}
}


@article{chen2024subject,
  title={Subject-driven text-to-image generation via apprenticeship learning},
  author={Chen, Wenhu and Hu, Hexiang and Li, Yandong and Ruiz, Nataniel and Jia, Xuhui and Chang, Ming-Wei and Cohen, William W},
  journal={Advances in Neural Information Processing Systems},
  volume={36},
  year={2024}
}

@inproceedings{valevski2023face0,
  title={Face0: Instantaneously conditioning a text-to-image model on a face},
  author={Valevski, Dani and Lumen, Danny and Matias, Yossi and Leviathan, Yaniv},
  booktitle={SIGGRAPH Asia 2023 Conference Papers},
  pages={1--10},
  year={2023}
}

@inproceedings{bansal2023universal,
  title={Universal guidance for diffusion models},
  author={Bansal, Arpit and Chu, Hong-Min and Schwarzschild, Avi and Sengupta, Soumyadip and Goldblum, Micah and Geiping, Jonas and Goldstein, Tom},
  booktitle={Proceedings of the IEEE/CVF Conference on Computer Vision and Pattern Recognition},
  pages={843--852},
  year={2023}
}

@article{yuan2023inserting,
  title={Inserting Anybody in Diffusion Models via Celeb Basis},
  author={Yuan, Ge and Cun, Xiaodong and Zhang, Yong and Li, Maomao and Qi, Chenyang and Wang, Xintao and Shan, Ying and Zheng, Huicheng},
  journal={arXiv preprint arXiv:2306.00926},
  year={2023}
}


@inproceedings{zhang2023adding,
  title={Adding conditional control to text-to-image diffusion models},
  author={Zhang, Lvmin and Rao, Anyi and Agrawala, Maneesh},
  booktitle={Proceedings of the IEEE/CVF International Conference on Computer Vision},
  pages={3836--3847},
  year={2023}
}

@article{mou2023t2i,
  title={T2i-adapter: Learning adapters to dig out more controllable ability for text-to-image diffusion models},
  author={Mou, Chong and Wang, Xintao and Xie, Liangbin and Wu, Yanze and Zhang, Jian and Qi, Zhongang and Shan, Ying and Qie, Xiaohu},
  journal={arXiv preprint arXiv:2302.08453},
  year={2023}
}

@article{ye2023ip,
  title={Ip-adapter: Text compatible image prompt adapter for text-to-image diffusion models},
  author={Ye, Hu and Zhang, Jun and Liu, Sibo and Han, Xiao and Yang, Wei},
  journal={arXiv preprint arXiv:2308.06721},
  year={2023}
}

@misc{ryu2023low,
  title={Low-rank adaptation for fast text-to-image diffusion fine-tuning},
  author={Ryu, Simo},
  year={2023}
}


@article{sohn2023styledrop,
  title={StyleDrop: Text-to-Image Generation in Any Style},
  author={Sohn, Kihyuk and Ruiz, Nataniel and Lee, Kimin and Chin, Daniel Castro and Blok, Irina and Chang, Huiwen and Barber, Jarred and Jiang, Lu and Entis, Glenn and Li, Yuanzhen and others},
  journal={arXiv preprint arXiv:2306.00983},
  year={2023}
}

@article{ma2023unified,
  title={Unified multi-modal latent diffusion for joint subject and text conditional image generation},
  author={Ma, Yiyang and Yang, Huan and Wang, Wenjing and Fu, Jianlong and Liu, Jiaying},
  journal={arXiv preprint arXiv:2303.09319},
  year={2023}
}

@article{gatys2015neural,
  title={A neural algorithm of artistic style},
  author={Gatys, Leon A and Ecker, Alexander S and Bethge, Matthias},
  journal={arXiv preprint arXiv:1508.06576},
  year={2015}
}

@inproceedings{wang2023stylediffusion,
  title={Stylediffusion: Controllable disentangled style transfer via diffusion models},
  author={Wang, Zhizhong and Zhao, Lei and Xing, Wei},
  booktitle={Proceedings of the IEEE/CVF International Conference on Computer Vision},
  pages={7677--7689},
  year={2023}
}

@article{xu2024freetuner,
  title={FreeTuner: Any Subject in Any Style with Training-free Diffusion},
  author={Xu, Youcan and Wang, Zhen and Xiao, Jun and Liu, Wei and Chen, Long},
  journal={arXiv preprint arXiv:2405.14201},
  year={2024}
}

@inproceedings{qi2024deadiff,
  title={DEADiff: An Efficient Stylization Diffusion Model with Disentangled Representations},
  author={Qi, Tianhao and Fang, Shancheng and Wu, Yanze and Xie, Hongtao and Liu, Jiawei and Chen, Lang and He, Qian and Zhang, Yongdong},
  booktitle={Proceedings of the IEEE/CVF Conference on Computer Vision and Pattern Recognition},
  pages={8693--8702},
  year={2024}
}

@inproceedings{li2023blip,
  title={Blip-2: Bootstrapping language-image pre-training with frozen image encoders and large language models},
  author={Li, Junnan and Li, Dongxu and Savarese, Silvio and Hoi, Steven},
  booktitle={International conference on machine learning},
  pages={19730--19742},
  year={2023},
  organization={PMLR}
}

@article{ho2022classifier,
  title={Classifier-free diffusion guidance},
  author={Ho, Jonathan and Salimans, Tim},
  journal={arXiv preprint arXiv:2207.12598},
  year={2022}
}





@inproceedings{lai2017deep,
  title={Deep laplacian pyramid networks for fast and accurate super-resolution},
  author={Lai, Wei-Sheng and Huang, Jia-Bin and Ahuja, Narendra and Yang, Ming-Hsuan},
  booktitle={Proceedings of the IEEE conference on computer vision and pattern recognition},
  pages={624--632},
  year={2017}
}

@article{li2017universal,
  title={Universal style transfer via feature transforms},
  author={Li, Yijun and Fang, Chen and Yang, Jimei and Wang, Zhaowen and Lu, Xin and Yang, Ming-Hsuan},
  journal={Advances in neural information processing systems},
  volume={30},
  year={2017}
}


@inproceedings{li2018closed,
  title={A closed-form solution to photorealistic image stylization},
  author={Li, Yijun and Liu, Ming-Yu and Li, Xueting and Yang, Ming-Hsuan and Kautz, Jan},
  booktitle={Proceedings of the European conference on computer vision (ECCV)},
  pages={453--468},
  year={2018}
}

@inproceedings{lu2019closed,
  title={A closed-form solution to universal style transfer},
  author={Lu, Ming and Zhao, Hao and Yao, Anbang and Chen, Yurong and Xu, Feng and Zhang, Li},
  booktitle={Proceedings of the IEEE/CVF International Conference on Computer Vision},
  pages={5952--5961},
  year={2019}
}

@inproceedings{park2019arbitrary,
  title={Arbitrary style transfer with style-attentional networks},
  author={Park, Dae Young and Lee, Kwang Hee},
  booktitle={proceedings of the IEEE/CVF conference on computer vision and pattern recognition},
  pages={5880--5888},
  year={2019}
}


@inproceedings{wang2020collaborative,
  title={Collaborative distillation for ultra-resolution universal style transfer},
  author={Wang, Huan and Li, Yijun and Wang, Yuehai and Hu, Haoji and Yang, Ming-Hsuan},
  booktitle={Proceedings of the IEEE/CVF conference on computer vision and pattern recognition},
  pages={1860--1869},
  year={2020}
}

@inproceedings{wang2020diversified,
  title={Diversified arbitrary style transfer via deep feature perturbation},
  author={Wang, Zhizhong and Zhao, Lei and Chen, Haibo and Qiu, Lihong and Mo, Qihang and Lin, Sihuan and Xing, Wei and Lu, Dongming},
  booktitle={Proceedings of the IEEE/CVF Conference on Computer Vision and Pattern Recognition},
  pages={7789--7798},
  year={2020}
}

@inproceedings{zhang2019multimodal,
  title={Multimodal style transfer via graph cuts},
  author={Zhang, Yulun and Fang, Chen and Wang, Yilin and Wang, Zhaowen and Lin, Zhe and Fu, Yun and Yang, Jimei},
  booktitle={Proceedings of the IEEE/CVF International Conference on Computer Vision},
  pages={5943--5951},
  year={2019}
}


@misc{ren2024grounded,
      title={Grounded SAM: Assembling Open-World Models for Diverse Visual Tasks}, 
      author={Tianhe Ren and Shilong Liu and Ailing Zeng and Jing Lin and Kunchang Li and He Cao and Jiayu Chen and Xinyu Huang and Yukang Chen and Feng Yan and Zhaoyang Zeng and Hao Zhang and Feng Li and Jie Yang and Hongyang Li and Qing Jiang and Lei Zhang},
      year={2024},
      eprint={2401.14159},
      archivePrefix={arXiv},
      primaryClass={cs.CV}
}

@article{kwon2022diffusion,
  title={Diffusion-based image translation using disentangled style and content representation},
  author={Kwon, Gihyun and Ye, Jong Chul},
  journal={arXiv preprint arXiv:2209.15264},
  year={2022}
}





@article{zhang2013style,
  title={Style transfer via image component analysis},
  author={Zhang, Wei and Cao, Chen and Chen, Shifeng and Liu, Jianzhuang and Tang, Xiaoou},
  journal={IEEE Transactions on multimedia},
  volume={15},
  number={7},
  pages={1594--1601},
  year={2013},
  publisher={IEEE}
}


@article{wang2004efficient,
  title={Efficient example-based painting and synthesis of 2d directional texture},
  author={Wang, Bin and Wang, Wenping and Yang, Huaiping and Sun, Jiaguang},
  journal={IEEE Transactions on Visualization and Computer Graphics},
  volume={10},
  number={3},
  pages={266--277},
  year={2004},
  publisher={IEEE}
}



@inproceedings{gatys2017controlling,
  title={Controlling perceptual factors in neural style transfer},
  author={Gatys, Leon A and Ecker, Alexander S and Bethge, Matthias and Hertzmann, Aaron and Shechtman, Eli},
  booktitle={Proceedings of the IEEE conference on computer vision and pattern recognition},
  pages={3985--3993},
  year={2017}
}

@inproceedings{kolkin2019style,
  title={Style transfer by relaxed optimal transport and self-similarity},
  author={Kolkin, Nicholas and Salavon, Jason and Shakhnarovich, Gregory},
  booktitle={Proceedings of the IEEE/CVF conference on computer vision and pattern recognition},
  pages={10051--10060},
  year={2019}
}

@inproceedings{deng2020arbitrary,
  title={Arbitrary style transfer via multi-adaptation network},
  author={Deng, Yingying and Tang, Fan and Dong, Weiming and Sun, Wen and Huang, Feiyue and Xu, Changsheng},
  booktitle={Proceedings of the 28th ACM international conference on multimedia},
  pages={2719--2727},
  year={2020}
}

@inproceedings{huang2017arbitrary,
  title={Arbitrary style transfer in real-time with adaptive instance normalization},
  author={Huang, Xun and Belongie, Serge},
  booktitle={Proceedings of the IEEE international conference on computer vision},
  pages={1501--1510},
  year={2017}
}

@article{liao2017visual,
  title={Visual attribute transfer through deep image analogy},
  author={Liao, Jing and Yao, Yuan and Yuan, Lu and Hua, Gang and Kang, Sing Bing},
  journal={arXiv preprint arXiv:1705.01088},
  year={2017}
}



@inproceedings{zhang2022exact,
  title={Exact feature distribution matching for arbitrary style transfer and domain generalization},
  author={Zhang, Yabin and Li, Minghan and Li, Ruihuang and Jia, Kui and Zhang, Lei},
  booktitle={Proceedings of the IEEE/CVF conference on computer vision and pattern recognition},
  pages={8035--8045},
  year={2022}
}

@inproceedings{zhang2018unreasonable,
  title={The unreasonable effectiveness of deep features as a perceptual metric},
  author={Zhang, Richard and Isola, Phillip and Efros, Alexei A and Shechtman, Eli and Wang, Oliver},
  booktitle={Proceedings of the IEEE conference on computer vision and pattern recognition},
  pages={586--595},
  year={2018}
}

@inproceedings{gatys2016image,
  title={Image style transfer using convolutional neural networks},
  author={Gatys, Leon A and Ecker, Alexander S and Bethge, Matthias},
  booktitle={Proceedings of the IEEE conference on computer vision and pattern recognition},
  pages={2414--2423},
  year={2016}
}

