@article{chen2024subject,
  title={Subject-driven text-to-image generation via apprenticeship learning},
  author={Chen, Wenhu and Hu, Hexiang and Li, Yandong and Ruiz, Nataniel and Jia, Xuhui and Chang, Ming-Wei and Cohen, William W},
  journal={Advances in Neural Information Processing Systems},
  volume={36},
  year={2024}
}

@inproceedings{chung2024style,
  title={Style injection in diffusion: A training-free approach for adapting large-scale diffusion models for style transfer},
  author={Chung, Jiwoo and Hyun, Sangeek and Heo, Jae-Pil},
  booktitle={Proceedings of the IEEE/CVF Conference on Computer Vision and Pattern Recognition},
  pages={8795--8805},
  year={2024}
}

@inproceedings{deng2020arbitrary,
  title={Arbitrary style transfer via multi-adaptation network},
  author={Deng, Yingying and Tang, Fan and Dong, Weiming and Sun, Wen and Huang, Feiyue and Xu, Changsheng},
  booktitle={Proceedings of the 28th ACM international conference on multimedia},
  pages={2719--2727},
  year={2020}
}

@article{gal2022image,
  title={An image is worth one word: Personalizing text-to-image generation using textual inversion},
  author={Gal, Rinon and Alaluf, Yuval and Atzmon, Yuval and Patashnik, Or and Bermano, Amit H and Chechik, Gal and Cohen-Or, Daniel},
  journal={arXiv preprint arXiv:2208.01618},
  year={2022}
}

@inproceedings{gatys2016image,
  title={Image style transfer using convolutional neural networks},
  author={Gatys, Leon A and Ecker, Alexander S and Bethge, Matthias},
  booktitle={Proceedings of the IEEE conference on computer vision and pattern recognition},
  pages={2414--2423},
  year={2016}
}

@inproceedings{gatys2017controlling,
  title={Controlling perceptual factors in neural style transfer},
  author={Gatys, Leon A and Ecker, Alexander S and Bethge, Matthias and Hertzmann, Aaron and Shechtman, Eli},
  booktitle={Proceedings of the IEEE conference on computer vision and pattern recognition},
  pages={3985--3993},
  year={2017}
}

@article{goel2023pair,
  title={Pair-diffusion: Object-level image editing with structure-and-appearance paired diffusion models},
  author={Goel, Vidit and Peruzzo, Elia and Jiang, Yifan and Xu, Dejia and Sebe, Nicu and Darrell, Trevor and Wang, Zhangyang and Shi, Humphrey},
  journal={arXiv preprint arXiv:2303.17546},
  year={2023}
}

@inproceedings{huang2017arbitrary,
  title={Arbitrary style transfer in real-time with adaptive instance normalization},
  author={Huang, Xun and Belongie, Serge},
  booktitle={Proceedings of the IEEE international conference on computer vision},
  pages={1501--1510},
  year={2017}
}

@inproceedings{kolkin2019style,
  title={Style transfer by relaxed optimal transport and self-similarity},
  author={Kolkin, Nicholas and Salavon, Jason and Shakhnarovich, Gregory},
  booktitle={Proceedings of the IEEE/CVF conference on computer vision and pattern recognition},
  pages={10051--10060},
  year={2019}
}

@inproceedings{kumari2023multi,
  title={Multi-concept customization of text-to-image diffusion},
  author={Kumari, Nupur and Zhang, Bingliang and Zhang, Richard and Shechtman, Eli and Zhu, Jun-Yan},
  booktitle={Proceedings of the IEEE/CVF Conference on Computer Vision and Pattern Recognition},
  pages={1931--1941},
  year={2023}
}

@inproceedings{lai2017deep,
  title={Deep laplacian pyramid networks for fast and accurate super-resolution},
  author={Lai, Wei-Sheng and Huang, Jia-Bin and Ahuja, Narendra and Yang, Ming-Hsuan},
  booktitle={Proceedings of the IEEE conference on computer vision and pattern recognition},
  pages={624--632},
  year={2017}
}

@article{li2017universal,
  title={Universal style transfer via feature transforms},
  author={Li, Yijun and Fang, Chen and Yang, Jimei and Wang, Zhaowen and Lu, Xin and Yang, Ming-Hsuan},
  journal={Advances in neural information processing systems},
  volume={30},
  year={2017}
}

@inproceedings{li2018closed,
  title={A closed-form solution to photorealistic image stylization},
  author={Li, Yijun and Liu, Ming-Yu and Li, Xueting and Yang, Ming-Hsuan and Kautz, Jan},
  booktitle={Proceedings of the European conference on computer vision (ECCV)},
  pages={453--468},
  year={2018}
}

@inproceedings{li2023blip,
  title={Blip-2: Bootstrapping language-image pre-training with frozen image encoders and large language models},
  author={Li, Junnan and Li, Dongxu and Savarese, Silvio and Hoi, Steven},
  booktitle={International conference on machine learning},
  pages={19730--19742},
  year={2023},
  organization={PMLR}
}

@article{liao2017visual,
  title={Visual attribute transfer through deep image analogy},
  author={Liao, Jing and Yao, Yuan and Yuan, Lu and Hua, Gang and Kang, Sing Bing},
  journal={arXiv preprint arXiv:1705.01088},
  year={2017}
}

@inproceedings{lu2019closed,
  title={A closed-form solution to universal style transfer},
  author={Lu, Ming and Zhao, Hao and Yao, Anbang and Chen, Yurong and Xu, Feng and Zhang, Li},
  booktitle={Proceedings of the IEEE/CVF International Conference on Computer Vision},
  pages={5952--5961},
  year={2019}
}

@article{ma2023unified,
  title={Unified multi-modal latent diffusion for joint subject and text conditional image generation},
  author={Ma, Yiyang and Yang, Huan and Wang, Wenjing and Fu, Jianlong and Liu, Jiaying},
  journal={arXiv preprint arXiv:2303.09319},
  year={2023}
}

@article{mou2023t2i,
  title={T2i-adapter: Learning adapters to dig out more controllable ability for text-to-image diffusion models},
  author={Mou, Chong and Wang, Xintao and Xie, Liangbin and Wu, Yanze and Zhang, Jian and Qi, Zhongang and Shan, Ying and Qie, Xiaohu},
  journal={arXiv preprint arXiv:2302.08453},
  year={2023}
}

@inproceedings{park2019arbitrary,
  title={Arbitrary style transfer with style-attentional networks},
  author={Park, Dae Young and Lee, Kwang Hee},
  booktitle={proceedings of the IEEE/CVF conference on computer vision and pattern recognition},
  pages={5880--5888},
  year={2019}
}

@inproceedings{qi2024deadiff,
  title={DEADiff: An Efficient Stylization Diffusion Model with Disentangled Representations},
  author={Qi, Tianhao and Fang, Shancheng and Wu, Yanze and Xie, Hongtao and Liu, Jiawei and Chen, Lang and He, Qian and Zhang, Yongdong},
  booktitle={Proceedings of the IEEE/CVF Conference on Computer Vision and Pattern Recognition},
  pages={8693--8702},
  year={2024}
}

@inproceedings{rombach2022high,
  title={High-resolution image synthesis with latent diffusion models},
  author={Rombach, Robin and Blattmann, Andreas and Lorenz, Dominik and Esser, Patrick and Ommer, Bj{\"o}rn},
  booktitle={Proceedings of the IEEE/CVF conference on computer vision and pattern recognition},
  pages={10684--10695},
  year={2022}
}

@inproceedings{ruiz2023dreambooth,
  title={Dreambooth: Fine tuning text-to-image diffusion models for subject-driven generation},
  author={Ruiz, Nataniel and Li, Yuanzhen and Jampani, Varun and Pritch, Yael and Rubinstein, Michael and Aberman, Kfir},
  booktitle={Proceedings of the IEEE/CVF conference on computer vision and pattern recognition},
  pages={22500--22510},
  year={2023}
}

@article{ruiz2023hyperdreambooth,
  title={Hyperdreambooth: Hypernetworks for fast personalization of text-to-image models},
  author={Ruiz, Nataniel and Li, Yuanzhen and Jampani, Varun and Wei, Wei and Hou, Tingbo and Pritch, Yael and Wadhwa, Neal and Rubinstein, Michael and Aberman, Kfir},
  journal={arXiv preprint arXiv:2307.06949},
  year={2023}
}

@misc{ryu2023low,
  title={Low-rank adaptation for fast text-to-image diffusion fine-tuning},
  author={Ryu, Simo},
  year={2023}
}

@article{saharia2022photorealistic,
  title={Photorealistic text-to-image diffusion models with deep language understanding},
  author={Saharia, Chitwan and Chan, William and Saxena, Saurabh and Li, Lala and Whang, Jay and Denton, Emily L and Ghasemipour, Kamyar and Gontijo Lopes, Raphael and Karagol Ayan, Burcu and Salimans, Tim and others},
  journal={Advances in neural information processing systems},
  volume={35},
  pages={36479--36494},
  year={2022}
}

@article{voynov2023p+,
  title={$ P+ $: Extended Textual Conditioning in Text-to-Image Generation},
  author={Voynov, Andrey and Chu, Qinghao and Cohen-Or, Daniel and Aberman, Kfir},
  journal={arXiv preprint arXiv:2303.09522},
  year={2023}
}

@article{wang2004efficient,
  title={Efficient example-based painting and synthesis of 2d directional texture},
  author={Wang, Bin and Wang, Wenping and Yang, Huaiping and Sun, Jiaguang},
  journal={IEEE Transactions on Visualization and Computer Graphics},
  volume={10},
  number={3},
  pages={266--277},
  year={2004},
  publisher={IEEE}
}

@inproceedings{wang2020collaborative,
  title={Collaborative distillation for ultra-resolution universal style transfer},
  author={Wang, Huan and Li, Yijun and Wang, Yuehai and Hu, Haoji and Yang, Ming-Hsuan},
  booktitle={Proceedings of the IEEE/CVF conference on computer vision and pattern recognition},
  pages={1860--1869},
  year={2020}
}

@inproceedings{wang2020diversified,
  title={Diversified arbitrary style transfer via deep feature perturbation},
  author={Wang, Zhizhong and Zhao, Lei and Chen, Haibo and Qiu, Lihong and Mo, Qihang and Lin, Sihuan and Xing, Wei and Lu, Dongming},
  booktitle={Proceedings of the IEEE/CVF Conference on Computer Vision and Pattern Recognition},
  pages={7789--7798},
  year={2020}
}

@inproceedings{wang2023stylediffusion,
  title={Stylediffusion: Controllable disentangled style transfer via diffusion models},
  author={Wang, Zhizhong and Zhao, Lei and Xing, Wei},
  booktitle={Proceedings of the IEEE/CVF International Conference on Computer Vision},
  pages={7677--7689},
  year={2023}
}

@article{wang2024instantstyle,
  title={Instantstyle: Free lunch towards style-preserving in text-to-image generation},
  author={Wang, Haofan and Wang, Qixun and Bai, Xu and Qin, Zekui and Chen, Anthony},
  journal={arXiv preprint arXiv:2404.02733},
  year={2024}
}

@article{wang2024instantstyleplus,
  title={InstantStyle-Plus: Style Transfer with Content-Preserving in Text-to-Image Generation},
  author={Wang, Haofan and Xing, Peng and Huang, Renyuan and Ai, Hao and Wang, Qixun and Bai, Xu},
  journal={arXiv preprint arXiv:2407.00788},
  year={2024}
}

@article{wei2023elite,
  title={Elite: Encoding visual concepts into textual embeddings for customized text-to-image generation},
  author={Wei, Yuxiang and Zhang, Yabo and Ji, Zhilong and Bai, Jinfeng and Zhang, Lei and Zuo, Wangmeng},
  journal={arXiv preprint arXiv:2302.13848},
  year={2023}
}

@article{xu2024freetuner,
  title={FreeTuner: Any Subject in Any Style with Training-free Diffusion},
  author={Xu, Youcan and Wang, Zhen and Xiao, Jun and Liu, Wei and Chen, Long},
  journal={arXiv preprint arXiv:2405.14201},
  year={2024}
}

@inproceedings{yang2023paint,
  title={Paint by example: Exemplar-based image editing with diffusion models},
  author={Yang, Binxin and Gu, Shuyang and Zhang, Bo and Zhang, Ting and Chen, Xuejin and Sun, Xiaoyan and Chen, Dong and Wen, Fang},
  booktitle={Proceedings of the IEEE/CVF Conference on Computer Vision and Pattern Recognition},
  pages={18381--18391},
  year={2023}
}

@article{ye2023ip,
  title={Ip-adapter: Text compatible image prompt adapter for text-to-image diffusion models},
  author={Ye, Hu and Zhang, Jun and Liu, Sibo and Han, Xiao and Yang, Wei},
  journal={arXiv preprint arXiv:2308.06721},
  year={2023}
}

@article{zhang2013style,
  title={Style transfer via image component analysis},
  author={Zhang, Wei and Cao, Chen and Chen, Shifeng and Liu, Jianzhuang and Tang, Xiaoou},
  journal={IEEE Transactions on multimedia},
  volume={15},
  number={7},
  pages={1594--1601},
  year={2013},
  publisher={IEEE}
}

@inproceedings{zhang2019multimodal,
  title={Multimodal style transfer via graph cuts},
  author={Zhang, Yulun and Fang, Chen and Wang, Yilin and Wang, Zhaowen and Lin, Zhe and Fu, Yun and Yang, Jimei},
  booktitle={Proceedings of the IEEE/CVF International Conference on Computer Vision},
  pages={5943--5951},
  year={2019}
}

@inproceedings{zhang2022exact,
  title={Exact feature distribution matching for arbitrary style transfer and domain generalization},
  author={Zhang, Yabin and Li, Minghan and Li, Ruihuang and Jia, Kui and Zhang, Lei},
  booktitle={Proceedings of the IEEE/CVF conference on computer vision and pattern recognition},
  pages={8035--8045},
  year={2022}
}

@inproceedings{zhang2023adding,
  title={Adding conditional control to text-to-image diffusion models},
  author={Zhang, Lvmin and Rao, Anyi and Agrawala, Maneesh},
  booktitle={Proceedings of the IEEE/CVF International Conference on Computer Vision},
  pages={3836--3847},
  year={2023}
}

@inproceedings{zhang2023inversion,
  title={Inversion-based style transfer with diffusion models},
  author={Zhang, Yuxin and Huang, Nisha and Tang, Fan and Huang, Haibin and Ma, Chongyang and Dong, Weiming and Xu, Changsheng},
  booktitle={Proceedings of the IEEE/CVF conference on computer vision and pattern recognition},
  pages={10146--10156},
  year={2023}
}

@article{zhang2023prospect,
  title={ProSpect: Expanded Conditioning for the Personalization of Attribute-aware Image Generation},
  author={Zhang, Yuxin and Dong, Weiming and Tang, Fan and Huang, Nisha and Huang, Haibin and Ma, Chongyang and Lee, Tong-Yee and Deussen, Oliver and Xu, Changsheng},
  journal={arXiv preprint arXiv:2305.16225},
  year={2023}
}

