@article{agarwal2021neural,
  title={{Neural Additive Models: Interpretable Machine Learning with Neural Nets}},
  author={Agarwal, Rishabh and Melnick, Levi and Frosst, Nicholas and Zhang, Xuezhou and Lengerich, Ben and Caruana, Rich and Hinton, Geoffrey E},
  journal={Advances in neural information processing systems},
  volume={34},
  pages={4699--4711},
  year={2021}
}

@article{alvarez2018towards,
  title={{Towards Robust Interpretability with Self-Explaining Neural Networks}},
  author={Alvarez Melis, David and Jaakkola, Tommi},
  journal={Advances in neural information processing systems},
  volume={31},
  year={2018}
}

@inproceedings{audemard2022preferred,
  title={{On Preferred Abductive Explanations for Decision Trees and Random Forests}},
  author={Audemard, Gilles and Bellart, Steve and Bounia, Louenas and Koriche, Fr{\'e}d{\'e}ric and Lagniez, Jean-Marie and Marquis, Pierre},
  booktitle={Thirty-First International Joint Conference on Artificial Intelligence $\{$IJCAI-22$\}$},
  pages={643--650},
  year={2022},
  organization={International Joint Conferences on Artificial Intelligence Organization}
}

@inproceedings{audemard2022trading,
  title={{Trading Complexity for Sparsity in Random Forest Explanations}},
  author={Audemard, Gilles and Bellart, Steve and Bounia, Louenas and Koriche, Fr{\'e}d{\'e}ric and Lagniez, Jean-Marie and Marquis, Pierre},
  booktitle={Proceedings of the AAAI Conference on Artificial Intelligence},
  volume={36},
  number={5},
  pages={5461--5469},
  year={2022}
}

@article{barcelo2025explaining,
  title={{Explaining k-Nearest Neighbors: Abductive and Counterfactual Explanations}},
  author={Barcel{\'o}, Pablo and Kozachinskiy, Alexander and Orth, Miguel Romero and Subercaseaux, Bernardo and Verschae, Jos{\'e}},
  journal={arXiv preprint arXiv:2501.06078},
  year={2025}
}

@inproceedings{bassan2023formally,
  title={{Formally Explaining Neural Networks within Reactive Systems}},
  author={Bassan, Shahaf and Amir, Guy and Corsi, Davide and Refaeli, Idan and Katz, Guy},
  booktitle={2023 Formal Methods in Computer-Aided Design (FMCAD)},
  pages={1--13},
  year={2023},
  organization={IEEE}
}

@inproceedings{bassan2023towards,
  title={{Towards Formal XAI: Formally Approximate Minimal Explanations of Neural Networks}},
  author={Bassan, Shahaf and Katz, Guy},
  booktitle={International Conference on Tools and Algorithms for the Construction and Analysis of Systems},
  pages={187--207},
  year={2023},
  organization={Springer}
}

@article{blanc2021provably,
  title={{Provably Efficient, Succinct, and Precise Explanations}},
  author={Blanc, Guy and Lange, Jane and Tan, Li-Yang},
  journal={Advances in Neural Information Processing Systems},
  volume={34},
  pages={6129--6141},
  year={2021}
}

@inproceedings{boumazouza2021asteryx,
  title={{ASTERYX: A model-Agnostic SaT-basEd appRoach for sYmbolic and score-based eXplanations}},
  author={Boumazouza, Ryma and Cheikh-Alili, Fahima and Mazure, Bertrand and Tabia, Karim},
  booktitle={Proceedings of the 30th ACM International Conference on Information \& Knowledge Management},
  pages={120--129},
  year={2021}
}

@inproceedings{bounia2023approximating,
  title={{Approximating Probabilistic Explanations via Supermodular Minimization}},
  author={Bounia, Louenas and Koriche, Frederic},
  booktitle={Uncertainty in Artificial Intelligence},
  pages={216--225},
  year={2023},
  organization={PMLR}
}

@inproceedings{carter2019made,
  title={{What Made You Do This? Understanding Black-Box Decisions with Sufficient Input Subsets}},
  author={Carter, Brandon and Mueller, Jonas and Jain, Siddhartha and Gifford, David},
  booktitle={The 22nd International Conference on Artificial Intelligence and Statistics},
  pages={567--576},
  year={2019},
  organization={PMLR}
}

@article{carter2021overinterpretation,
  title={{Overinterpretation Reveals Image Classification Model Pathologies}},
  author={Carter, Brandon and Jain, Siddhartha and Mueller, Jonas W and Gifford, David},
  journal={Advances in Neural Information Processing Systems},
  volume={34},
  pages={15395--15407},
  year={2021}
}

@article{chen2019looks,
  title={{This Looks Like That: Deep Learning for Interpretable Image Recognition}},
  author={Chen, Chaofan and Li, Oscar and Tao, Daniel and Barnett, Alina and Rudin, Cynthia and Su, Jonathan K},
  journal={Advances in neural information processing systems},
  volume={32},
  year={2019}
}

@article{chen2019robust,
  title={{Robust Attribution Regularization}},
  author={Chen, Jiefeng and Wu, Xi and Rastogi, Vaibhav and Liang, Yingyu and Jha, Somesh},
  journal={Advances in Neural Information Processing Systems},
  volume={32},
  year={2019}
}

@inproceedings{chockler2021explanations,
  title={{Explanations for Occluded Images}},
  author={Chockler, Hana and Kroening, Daniel and Sun, Youcheng},
  booktitle={Proceedings of the IEEE/CVF International Conference on Computer Vision},
  pages={1234--1243},
  year={2021}
}

@article{chockler2024explaining,
  title={{Explaining Image Classifiers}},
  author={Chockler, Hana and Halpern, Joseph Y},
  journal={arXiv preprint arXiv:2401.13752},
  year={2024}
}

@article{devries2017improved,
  title={{Improved Regularization of Convolutional Neural Networks with Cutout}},
  author={DeVries, Terrance and Taylor, Graham W},
  journal={arXiv preprint arXiv:1708.04552},
  year={2017}
}

@article{deyoung2019eraser,
  title={{ERASER: A Benchmark to Evaluate Rationalized NLP Models}},
  author={DeYoung, Jay and Jain, Sarthak and Rajani, Nazneen Fatema and Lehman, Eric and Xiong, Caiming and Socher, Richard and Wallace, Byron C},
  journal={arXiv preprint arXiv:1911.03429},
  year={2019}
}

@inproceedings{fel2023don,
  title={{Don't Lie to Me! Robust and Efficient Explainability with Verified Perturbation Analysis}},
  author={Fel, Thomas and Ducoffe, M{\'e}lanie and Vigouroux, David and Cad{\`e}ne, R{\'e}mi and Capelle, Mikael and Nicod{\`e}me, Claire and Serre, Thomas},
  booktitle={Proceedings of the IEEE/CVF Conference on Computer Vision and Pattern Recognition},
  pages={16153--16163},
  year={2023}
}

@inproceedings{guo2023counternet,
  title={{Counternet: End-to-End Training of Prediction Aware Counterfactual Explanations}},
  author={Guo, Hangzhi and Nguyen, Thanh H and Yadav, Amulya},
  booktitle={Proceedings of the 29th ACM SIGKDD Conference on Knowledge Discovery and Data Mining},
  pages={577--589},
  year={2023}
}

@inproceedings{guyomard2022vcnet,
  title={{VCNet: A Self-Explaining Model for Realistic Counterfactual Generation}},
  author={Guyomard, Victor and Fessant, Fran{\c{c}}oise and Guyet, Thomas and Bouadi, Tassadit and Termier, Alexandre},
  booktitle={Joint European Conference on Machine Learning and Knowledge Discovery in Databases},
  pages={437--453},
  year={2022},
  organization={Springer}
}

@article{hase2021out,
  title={{The Out-of-Distribution Problem in Explainability and Search Methods for Feature Importance Explanations}},
  author={Hase, Peter and Xie, Harry and Bansal, Mohit},
  journal={Advances in neural information processing systems},
  volume={34},
  pages={3650--3666},
  year={2021}
}

@article{hou2018self,
  title={{Self-Erasing Network for Integral Object Attention}},
  author={Hou, Qibin and Jiang, PengTao and Wei, Yunchao and Cheng, Ming-Ming},
  journal={Advances in neural information processing systems},
  volume={31},
  year={2018}
}

@inproceedings{huang2021efficiently,
  title={{On Efficiently Explaining Graph-Based Classifiers}},
  author={Huang, Xuanxiang and Izza, Yacine and Ignatiev, Alexey and Marques-Silva, Joao},
  booktitle={International Conference on the Principles of Knowledge Representation and Reasoning 2021},
  pages={356--367},
  year={2021},
  organization={Association for the Advancement of Artificial Intelligence (AAAI)}
}

@inproceedings{ignatiev2019abduction,
  title={{Abduction-based Explanations for Machine Learning Models}},
  author={Ignatiev, Alexey and Narodytska, Nina and Marques-Silva, Joao},
  booktitle={Proceedings of the AAAI Conference on Artificial Intelligence},
  volume={33},
  number={01},
  pages={1511--1519},
  year={2019}
}

@inproceedings{ignatiev2022using,
  title={{Using MaxSAT for Efficient Explanations of Tree Ensembles}},
  author={Ignatiev, Alexey and Izza, Yacine and Stuckey, Peter J and Marques-Silva, Joao},
  booktitle={Proceedings of the AAAI Conference on Artificial Intelligence},
  volume={36},
  number={4},
  pages={3776--3785},
  year={2022}
}

@article{ismail2021improving,
  title={{Improving Deep Learning Interpretability by Saliency Guided Training}},
  author={Ismail, Aya Abdelsalam and Corrada Bravo, Hector and Feizi, Soheil},
  journal={Advances in Neural Information Processing Systems},
  volume={34},
  pages={26726--26739},
  year={2021}
}

@article{izza2020explaining,
  title={{On Explaining Decision Trees}},
  author={Izza, Yacine and Ignatiev, Alexey and Marques-Silva, Joao},
  journal={arXiv preprint arXiv:2010.11034},
  year={2020}
}

@inproceedings{izza2021explaining,
  title={{On Explaining Random Forests with SAT}},
  author={Izza, Yacine and Marques-Silva, Joao},
  booktitle={30th International Joint Conference on Artificial Intelligence (IJCAI 2021)},
  year={2021},
  organization={International Joint Conferences on Artifical Intelligence (IJCAI)}
}

@article{jain2020learning,
  title={{Learning to Faithfully Rationalize by Construction}},
  author={Jain, Sarthak and Wiegreffe, Sarah and Pinter, Yuval and Wallace, Byron C},
  journal={arXiv preprint arXiv:2005.00115},
  year={2020}
}

@inproceedings{koh2020concept,
  title={{Concept Bottleneck Models}},
  author={Koh, Pang Wei and Nguyen, Thao and Tang, Yew Siang and Mussmann, Stephen and Pierson, Emma and Kim, Been and Liang, Percy},
  booktitle={International conference on machine learning},
  pages={5338--5348},
  year={2020},
  organization={PMLR}
}

@inproceedings{kumar2017hide,
  title={{Hide-and-Seek: Forcing a Network to be Meticulous for Weakly-Supervised Object and Action Localization}},
  author={Kumar Singh, Krishna and Jae Lee, Yong},
  booktitle={Proceedings of the IEEE international conference on computer vision},
  pages={3524--3533},
  year={2017}
}

@article{la2021guaranteed,
  title={{On Guaranteed Optimal Robust Explanations for NLP Models}},
  author={La Malfa, Emanuele and Zbrzezny, Agnieszka and Michelmore, Rhiannon and Paoletti, Nicola and Kwiatkowska, Marta},
  journal={arXiv preprint arXiv:2105.03640},
  year={2021}
}

@article{lee2022self,
  title={{Self-Explaining Deep Models with Logic Rule Reasoning}},
  author={Lee, Seungeon and Wang, Xiting and Han, Sungwon and Yi, Xiaoyuan and Xie, Xing and Cha, Meeyoung},
  journal={Advances in Neural Information Processing Systems},
  volume={35},
  pages={3203--3216},
  year={2022}
}

@inproceedings{li2018tell,
  title={{Tell Me Where to Look: Guided Attention Inference Network}},
  author={Li, Kunpeng and Wu, Ziyan and Peng, Kuan-Chuan and Ernst, Jan and Fu, Yun},
  booktitle={Proceedings of the IEEE conference on computer vision and pattern recognition},
  pages={9215--9223},
  year={2018}
}

@article{lundberg2017unified,
  title={{A Unified Approach to Interpreting Model Predictions}},
  author={Lundberg, Scott M and Lee, Su-In},
  journal={Advances in neural information processing systems},
  volume={30},
  year={2017}
}

@article{marques2020explaining,
  title={{Explaining Naive Bayes and Other Linear Classifiers with Polynomial Time and Delay}},
  author={Marques-Silva, Joao and Gerspacher, Thomas and Cooper, Martin and Ignatiev, Alexey and Narodytska, Nina},
  journal={Advances in Neural Information Processing Systems},
  volume={33},
  pages={20590--20600},
  year={2020}
}

@inproceedings{ordyniak2023parameterized,
  title={{The Parameterized Complexity of Finding Concise Local Explanations}},
  author={Ordyniak, Sebastian and Paesani, Giacomo and Szeider, Stefan},
  booktitle={IJCAI},
  pages={3312--3320},
  year={2023}
}

@inproceedings{rajagopal2021selfexplain,
  title={{SELFEXPLAIN: A Self-Explaining Architecture for Neural Text Classifiers}},
  author={Rajagopal, Dheeraj and Balachandran, Vidhisha and Hovy, Eduard H and Tsvetkov, Yulia},
  booktitle={Proceedings of the 2021 Conference on Empirical Methods in Natural Language Processing},
  pages={836--850},
  year={2021}
}

@inproceedings{ribeiro2018anchors,
  title={{Anchors: High-Precision Model-Agnostic Explanations}},
  author={Ribeiro, Marco Tulio and Singh, Sameer and Guestrin, Carlos},
  booktitle={Proceedings of the AAAI conference on artificial intelligence},
  volume={32},
  number={1},
  year={2018}
}

@article{shih2018symbolic,
  title={{A Symbolic Approach to Explaining Bayesian Network Classifiers}},
  author={Shih, Andy and Choi, Arthur and Darwiche, Adnan},
  journal={arXiv preprint arXiv:1805.03364},
  year={2018}
}

@article{shwartz2020unsupervised,
  title={{Unsupervised Commonsense Question Answering with Self-Talk}},
  author={Shwartz, Vered and West, Peter and Bras, Ronan Le and Bhagavatula, Chandra and Choi, Yejin},
  journal={arXiv preprint arXiv:2004.05483},
  year={2020}
}

@inproceedings{slack2020fooling,
  title={{Fooling Lime and Shap: Adversarial Attacks on Post Hoc Explanation Methods}},
  author={Slack, Dylan and Hilgard, Sophie and Jia, Emily and Singh, Sameer and Lakkaraju, Himabindu},
  booktitle={Proceedings of the AAAI/ACM Conference on AI, Ethics, and Society},
  pages={180--186},
  year={2020}
}

@inproceedings{vafa2021rationales,
  title={{Rationales for Sequential Predictions}},
  author={Vafa, Keyon and Deng, Yuntian and Blei, David and Rush, Alexander},
  booktitle={EMNLP},
  year={2021}
}

@inproceedings{wang2019sharpen,
  title={{Sharpen Focus: Learning with Attention Separability and Consistency}},
  author={Wang, Lezi and Wu, Ziyan and Karanam, Srikrishna and Peng, Kuan-Chuan and Singh, Rajat Vikram and Liu, Bo and Metaxas, Dimitris N},
  booktitle={Proceedings of the IEEE/CVF International Conference on Computer Vision},
  pages={512--521},
  year={2019}
}

@article{wang2021beta,
  title={{Beta-crown: Efficient Bound Propagation with Per-Neuron Split Constraints for Neural Network Robustness Verification}},
  author={Wang, Shiqi and Zhang, Huan and Xu, Kaidi and Lin, Xue and Jana, Suman and Hsieh, Cho-Jui and Kolter, J Zico},
  journal={Advances in Neural Information Processing Systems},
  volume={34},
  pages={29909--29921},
  year={2021}
}

@inproceedings{wang2021probabilistic,
  title={{Probabilistic Sufficient Explanations}},
  author={Wang, E and Khosravi, P and Van den Broeck, G},
  booktitle={Proceedings of the 30th International Joint Conference on Artificial Intelligence (IJCAI)},
  year={2021}
}

@article{wang2021self,
  title={{Self-Interpretable Model with Transformation Equivariant Interpretation}},
  author={Wang, Yipei and Wang, Xiaoqian},
  journal={Advances in Neural Information Processing Systems},
  volume={34},
  pages={2359--2372},
  year={2021}
}

@inproceedings{wei2017object,
  title={{Object Region Mining with Adversarial Erasing: A Simple Classification to Semantic Segmentation Approach}},
  author={Wei, Yunchao and Feng, Jiashi and Liang, Xiaodan and Cheng, Ming-Ming and Zhao, Yao and Yan, Shuicheng},
  booktitle={Proceedings of the IEEE conference on computer vision and pattern recognition},
  pages={1568--1576},
  year={2017}
}

@inproceedings{wu2024marabou,
  title={{Marabou 2.0: A Versatile Formal Analyzer of Neural Networks}},
  author={Wu, Haoze and Isac, Omri and Zelji{\'c}, Aleksandar and Tagomori, Teruhiro and Daggitt, Matthew and Kokke, Wen and Refaeli, Idan and Amir, Guy and Julian, Kyle and Bassan, Shahaf and others},
  booktitle={International Conference on Computer Aided Verification},
  pages={249--264},
  year={2024},
  organization={Springer}
}

@article{wu2024verix,
  title={{Verix: Towards Verified Explainability of Deep Neural Networks}},
  author={Wu, Min and Wu, Haoze and Barrett, Clark},
  journal={Advances in neural information processing systems},
  volume={36},
  year={2024}
}

@inproceedings{yan2023self,
  title={{Self-Interpretable Time Series Prediction with Counterfactual Explanations}},
  author={Yan, Jingquan and Wang, Hao},
  booktitle={International Conference on Machine Learning},
  pages={39110--39125},
  year={2023},
  organization={PMLR}
}

@article{yeh2019fidelity,
  title={{On the (in) Fidelity and Sensitivity of Explanations}},
  author={Yeh, Chih-Kuan and Hsieh, Cheng-Yu and Suggala, Arun and Inouye, David I and Ravikumar, Pradeep K},
  journal={Advances in neural information processing systems},
  volume={32},
  year={2019}
}

@inproceedings{zhang2022protgnn,
  title={{Protgnn: Towards Self-Explaining Graph Neural Networks}},
  author={Zhang, Zaixi and Liu, Qi and Wang, Hao and Lu, Chengqiang and Lee, Cheekong},
  booktitle={Proceedings of the AAAI Conference on Artificial Intelligence},
  volume={36},
  number={8},
  pages={9127--9135},
  year={2022}
}

