@inproceedings{langley00,
 author    = {P. Langley},
 title     = {Crafting Papers on Machine Learning},
 year      = {2000},
 pages     = {1207--1216},
 editor    = {Pat Langley},
 booktitle     = {Proceedings of the 17th International Conference
              on Machine Learning (ICML 2000)},
 address   = {Stanford, CA},
 publisher = {Morgan Kaufmann}
}

@TechReport{mitchell80,
  author = 	 "T. M. Mitchell",
  title = 	 "The Need for Biases in Learning Generalizations",
  institution =  "Computer Science Department, Rutgers University",
  year = 	 "1980",
  address =	 "New Brunswick, MA",
}

@phdthesis{kearns89,
  author = {M. J. Kearns},
  title =  {Computational Complexity of Machine Learning},
  school = {Department of Computer Science, Harvard University},
  year =   {1989}
}

@Book{MachineLearningI,
  editor = 	 "R. S. Michalski and J. G. Carbonell and T.
		  M. Mitchell",
  title = 	 "Machine Learning: An Artificial Intelligence
		  Approach, Vol. I",
  publisher = 	 "Tioga",
  year = 	 "1983",
  address =	 "Palo Alto, CA"
}

@Book{DudaHart2nd,
  author =       "R. O. Duda and P. E. Hart and D. G. Stork",
  title =        "Pattern Classification",
  publisher =    "John Wiley and Sons",
  edition =      "2nd",
  year =         "2000"
}

@misc{anonymous,
  title= {Suppressed for Anonymity},
  author= {Author, N. N.},
  year= {2021}
}

@InCollection{Newell81,
  author =       "A. Newell and P. S. Rosenbloom",
  title =        "Mechanisms of Skill Acquisition and the Law of
                  Practice", 
  booktitle =    "Cognitive Skills and Their Acqfuisition",
  pages =        "1--51",
  publisher =    "Lawrence Erlbaum Associates, Inc.",
  year =         "1981",
  editor =       "J. R. Anderson",
  chapter =      "1",
  address =      "Hillsdale, NJ"
}


@Article{Samuel59,
  author = 	 "A. L. Samuel",
  title = 	 "Some Studies in Machine Learning Using the Game of
		  Checkers",
  journal =	 "IBM Journal of Research and Development",
  year =	 "1959",
  volume =	 "3",
  number =	 "3",
  pages =	 "211--229"
}

@article{lundberg2017unified,
  title={{A Unified Approach to Interpreting Model Predictions}},
  author={Lundberg, Scott M and Lee, Su-In},
  journal={Advances in neural information processing systems},
  volume={30},
  year={2017}
}

@inproceedings{ribeiro2018anchors,
  title={{Anchors: High-Precision Model-Agnostic Explanations}},
  author={Ribeiro, Marco Tulio and Singh, Sameer and Guestrin, Carlos},
  booktitle={Proceedings of the AAAI conference on artificial intelligence},
  volume={32},
  number={1},
  year={2018}
}

@inproceedings{carter2019made,
  title={{What Made You Do This? Understanding Black-Box Decisions with Sufficient Input Subsets}},
  author={Carter, Brandon and Mueller, Jonas and Jain, Siddhartha and Gifford, David},
  booktitle={The 22nd International Conference on Artificial Intelligence and Statistics},
  pages={567--576},
  year={2019},
  organization={PMLR}
}

@article{barcelo2020model,
  title={{Model Interpretability through the Lens of Computational Complexity}},
  author={Barcel{\'o}, Pablo and Monet, Mika{\"e}l and P{\'e}rez, Jorge and Subercaseaux, Bernardo},
  journal={Advances in neural information processing systems},
  volume={33},
  pages={15487--15498},
  year={2020}
}

@article{hase2021out,
  title={{The Out-of-Distribution Problem in Explainability and Search Methods for Feature Importance Explanations}},
  author={Hase, Peter and Xie, Harry and Bansal, Mohit},
  journal={Advances in neural information processing systems},
  volume={34},
  pages={3650--3666},
  year={2021}
}

@inproceedings{ribeiro2016should,
  title={{" Why Should I Trust You?" Explaining the Predictions of Any Classifier}},
  author={Ribeiro, Marco Tulio and Singh, Sameer and Guestrin, Carlos},
  booktitle={Proceedings of the 22nd ACM SIGKDD international conference on knowledge discovery and data mining},
  pages={1135--1144},
  year={2016}
}

@inproceedings{sundararajan2017axiomatic,
  title={{Axiomatic Attribution for Deep Networks}},
  author={Sundararajan, Mukund and Taly, Ankur and Yan, Qiqi},
  booktitle={International conference on machine learning},
  pages={3319--3328},
  year={2017},
  organization={PMLR}
}

@incollection{darwiche2020reasons,
  title={{On the Reasons Behind Decisions}},
  author={Darwiche, Adnan and Hirth, Auguste},
  booktitle={ECAI 2020},
  pages={712--720},
  year={2020},
  publisher={IOS Press}
}

@article{arenas2022computing,
  title={{On Computing Probabilistic Explanations for Decision Trees}},
  author={Arenas, Marcelo and Barcel{\'o}, Pablo and Romero Orth, Miguel and Subercaseaux, Bernardo},
  journal={Advances in Neural Information Processing Systems},
  volume={35},
  pages={28695--28707},
  year={2022}
}

@inproceedings{ignatiev2019abduction,
  title={{Abduction-based Explanations for Machine Learning Models}},
  author={Ignatiev, Alexey and Narodytska, Nina and Marques-Silva, Joao},
  booktitle={Proceedings of the AAAI Conference on Artificial Intelligence},
  volume={33},
  number={01},
  pages={1511--1519},
  year={2019}
}

@inproceedings{wang2021probabilistic,
  title={{Probabilistic Sufficient Explanations}},
  author={Wang, E and Khosravi, P and Van den Broeck, G},
  booktitle={Proceedings of the 30th International Joint Conference on Artificial Intelligence (IJCAI)},
  year={2021}
}

@inproceedings{chockler2021explanations,
  title={{Explanations for Occluded Images}},
  author={Chockler, Hana and Kroening, Daniel and Sun, Youcheng},
  booktitle={Proceedings of the IEEE/CVF International Conference on Computer Vision},
  pages={1234--1243},
  year={2021}
}

@inproceedings{vafa2021rationales,
  title={{Rationales for Sequential Predictions}},
  author={Vafa, Keyon and Deng, Yuntian and Blei, David and Rush, Alexander},
  booktitle={EMNLP},
  year={2021}
}

@inproceedings{yu2023eliminating,
  title={{Eliminating the Impossible, whatever Remains Must be True: On Extracting and Applying Background Knowledge in the Context of Formal Explanations}},
  author={Yu, Jinqiang and Ignatiev, Alexey and Stuckey, Peter J and Narodytska, Nina and Marques-Silva, Joao},
  booktitle={Proceedings of the AAAI Conference on Artificial Intelligence},
  volume={37},
  number={4},
  pages={4123--4131},
  year={2023}
}

@article{devlin2018bert,
  title={{Bert: Pre-Training of Deep Bidirectional Transformers for Language Understanding}},
  author={Devlin, Jacob and Chang, Ming-Wei and Lee, Kenton and Toutanova, Kristina},
  journal={arXiv preprint arXiv:1810.04805},
  year={2018}
}

@article{waldchen2021computational,
  title={{The Computational Complexity of Understanding Binary Classifier Decisions}},
  author={W{\"a}ldchen, Stephan and Macdonald, Jan and Hauch, Sascha and Kutyniok, Gitta},
  journal={Journal of Artificial Intelligence Research},
  volume={70},
  pages={351--387},
  year={2021}
}

@article{wu2024verix,
  title={{Verix: Towards Verified Explainability of Deep Neural Networks}},
  author={Wu, Min and Wu, Haoze and Barrett, Clark},
  journal={Advances in neural information processing systems},
  volume={36},
  year={2024}
}

@article{blanc2021provably,
  title={{Provably Efficient, Succinct, and Precise Explanations}},
  author={Blanc, Guy and Lange, Jane and Tan, Li-Yang},
  journal={Advances in Neural Information Processing Systems},
  volume={34},
  pages={6129--6141},
  year={2021}
}

@inproceedings{marques2022delivering,
  title={{Delivering Trustworthy AI Through Formal XAI}},
  author={Marques-Silva, Joao and Ignatiev, Alexey},
  booktitle={Proceedings of the AAAI Conference on Artificial Intelligence},
  volume={36},
  number={11},
  pages={12342--12350},
  year={2022}
}

@article{la2021guaranteed,
  title={{On Guaranteed Optimal Robust Explanations for NLP Models}},
  author={La Malfa, Emanuele and Zbrzezny, Agnieszka and Michelmore, Rhiannon and Paoletti, Nicola and Kwiatkowska, Marta},
  journal={arXiv preprint arXiv:2105.03640},
  year={2021}
}

@article{shih2018symbolic,
  title={{A Symbolic Approach to Explaining Bayesian Network Classifiers}},
  author={Shih, Andy and Choi, Arthur and Darwiche, Adnan},
  journal={arXiv preprint arXiv:1805.03364},
  year={2018}
}

@inproceedings{li2018tell,
  title={{Tell Me Where to Look: Guided Attention Inference Network}},
  author={Li, Kunpeng and Wu, Ziyan and Peng, Kuan-Chuan and Ernst, Jan and Fu, Yun},
  booktitle={Proceedings of the IEEE conference on computer vision and pattern recognition},
  pages={9215--9223},
  year={2018}
}

@article{hou2018self,
  title={{Self-Erasing Network for Integral Object Attention}},
  author={Hou, Qibin and Jiang, PengTao and Wei, Yunchao and Cheng, Ming-Ming},
  journal={Advances in neural information processing systems},
  volume={31},
  year={2018}
}

@inproceedings{wei2017object,
  title={{Object Region Mining with Adversarial Erasing: A Simple Classification to Semantic Segmentation Approach}},
  author={Wei, Yunchao and Feng, Jiashi and Liang, Xiaodan and Cheng, Ming-Ming and Zhao, Yao and Yan, Shuicheng},
  booktitle={Proceedings of the IEEE conference on computer vision and pattern recognition},
  pages={1568--1576},
  year={2017}
}


@inproceedings{kumar2017hide,
  title={{Hide-and-Seek: Forcing a Network to be Meticulous for Weakly-Supervised Object and Action Localization}},
  author={Kumar Singh, Krishna and Jae Lee, Yong},
  booktitle={Proceedings of the IEEE international conference on computer vision},
  pages={3524--3533},
  year={2017}
}

@inproceedings{wang2019sharpen,
  title={{Sharpen Focus: Learning with Attention Separability and Consistency}},
  author={Wang, Lezi and Wu, Ziyan and Karanam, Srikrishna and Peng, Kuan-Chuan and Singh, Rajat Vikram and Liu, Bo and Metaxas, Dimitris N},
  booktitle={Proceedings of the IEEE/CVF International Conference on Computer Vision},
  pages={512--521},
  year={2019}
}

@article{devries2017improved,
  title={{Improved Regularization of Convolutional Neural Networks with Cutout}},
  author={DeVries, Terrance and Taylor, Graham W},
  journal={arXiv preprint arXiv:1708.04552},
  year={2017}
}

@article{umans2001minimum,
  title={{The Minimum Equivalent DNF Problem and Shortest Implicants}},
  author={Umans, Christopher},
  journal={Journal of Computer and System Sciences},
  volume={63},
  number={4},
  pages={597--611},
  year={2001},
  publisher={Elsevier}
}

@article{deng2012mnist,
  title={{The mnist Database of Handwritten Digit Images for Machine Learning Research [best of the web]}},
  author={Deng, Li},
  journal={IEEE signal processing magazine},
  volume={29},
  number={6},
  pages={141--142},
  year={2012},
  publisher={IEEE}
}

@article{krizhevsky2009learning,
  title={{Learning Multiple Layers of Features from Tiny Images}},
  author={Krizhevsky, Alex and Hinton, Geoffrey and others},
  year={2009},
  publisher={Toronto, ON, Canada}
}

@inproceedings{he2016deep,
  title={{Deep Residual Learning for Image Recognition}},
  author={He, Kaiming and Zhang, Xiangyu and Ren, Shaoqing and Sun, Jian},
  booktitle={Proceedings of the IEEE conference on computer vision and pattern recognition},
  pages={770--778},
  year={2016}
}

@article{russakovsky2015imagenet,
  title={{Imagenet Large Scale Visual Recognition Challenge}},
  author={Russakovsky, Olga and Deng, Jia and Su, Hao and Krause, Jonathan and Satheesh, Sanjeev and Ma, Sean and Huang, Zhiheng and Karpathy, Andrej and Khosla, Aditya and Bernstein, Michael and others},
  journal={International journal of computer vision},
  volume={115},
  pages={211--252},
  year={2015},
  publisher={Springer}
}

@article{wong2020fast,
  title={{Fast is Better than Free: Revisiting Adversarial Training}},
  author={Wong, Eric and Rice, Leslie and Kolter, J Zico},
  journal={arXiv preprint arXiv:2001.03994},
  year={2020}
}

@article{shafahi2019adversarial,
  title={{Adversarial Training for Free!}},
  author={Shafahi, Ali and Najibi, Mahyar and Ghiasi, Mohammad Amin and Xu, Zheng and Dickerson, John and Studer, Christoph and Davis, Larry S and Taylor, Gavin and Goldstein, Tom},
  journal={Advances in neural information processing systems},
  volume={32},
  year={2019}
}

@inproceedings{fong2017interpretable,
  title={{Interpretable Explanations of Black Boxes by Meaningful Perturbation}},
  author={Fong, Ruth C and Vedaldi, Andrea},
  booktitle={Proceedings of the IEEE international conference on computer vision},
  pages={3429--3437},
  year={2017}
}

@article{marques2020explaining,
  title={{Explaining Naive Bayes and Other Linear Classifiers with Polynomial Time and Delay}},
  author={Marques-Silva, Joao and Gerspacher, Thomas and Cooper, Martin and Ignatiev, Alexey and Narodytska, Nina},
  journal={Advances in Neural Information Processing Systems},
  volume={33},
  pages={20590--20600},
  year={2020}
}

@inproceedings{marques2021explanations,
  title={{Explanations for Monotonic Classifiers.}},
  author={Marques-Silva, Joao and Gerspacher, Thomas and Cooper, Martin C and Ignatiev, Alexey and Narodytska, Nina},
  booktitle={International Conference on Machine Learning},
  pages={7469--7479},
  year={2021},
  organization={PMLR}
}

@inproceedings{bassan2023towards,
  title={{Towards Formal XAI: Formally Approximate Minimal Explanations of Neural Networks}},
  author={Bassan, Shahaf and Katz, Guy},
  booktitle={International Conference on Tools and Algorithms for the Construction and Analysis of Systems},
  pages={187--207},
  year={2023},
  organization={Springer}
}

@article{deyoung2019eraser,
  title={{ERASER: A Benchmark to Evaluate Rationalized NLP Models}},
  author={DeYoung, Jay and Jain, Sarthak and Rajani, Nazneen Fatema and Lehman, Eric and Xiong, Caiming and Socher, Richard and Wallace, Byron C},
  journal={arXiv preprint arXiv:1911.03429},
  year={2019}
}

@inproceedings{izza2021explaining,
  title={{On Explaining Random Forests with SAT}},
  author={Izza, Yacine and Marques-Silva, Joao},
  booktitle={30th International Joint Conference on Artificial Intelligence (IJCAI 2021)},
  year={2021},
  organization={International Joint Conferences on Artifical Intelligence (IJCAI)}
}

@inproceedings{ignatiev2022using,
  title={{Using MaxSAT for Efficient Explanations of Tree Ensembles}},
  author={Ignatiev, Alexey and Izza, Yacine and Stuckey, Peter J and Marques-Silva, Joao},
  booktitle={Proceedings of the AAAI Conference on Artificial Intelligence},
  volume={36},
  number={4},
  pages={3776--3785},
  year={2022}
}

@inproceedings{ignatiev2018sat,
  title={{A SAT-based Approach to Learn Explainable Decision Sets}},
  author={Ignatiev, Alexey and Pereira, Filipe and Narodytska, Nina and Marques-Silva, Joao},
  booktitle={Automated Reasoning: 9th International Joint Conference, IJCAR 2018, Held as Part of the Federated Logic Conference, FloC 2018, Oxford, UK, July 14-17, 2018, Proceedings 9},
  pages={627--645},
  year={2018},
  organization={Springer}
}

@inproceedings{ignatiev2021sat,
  title={{SAT-based Rigorous Explanations for Decision Lists}},
  author={Ignatiev, Alexey and Marques-Silva, Joao},
  booktitle={Theory and Applications of Satisfiability Testing--SAT 2021: 24th International Conference, Barcelona, Spain, July 5-9, 2021, Proceedings 24},
  pages={251--269},
  year={2021},
  organization={Springer}
}

@article{izza2020explaining,
  title={{On Explaining Decision Trees}},
  author={Izza, Yacine and Ignatiev, Alexey and Marques-Silva, Joao},
  journal={arXiv preprint arXiv:2010.11034},
  year={2020}
}

@article{chen2019looks,
  title={{This Looks Like That: Deep Learning for Interpretable Image Recognition}},
  author={Chen, Chaofan and Li, Oscar and Tao, Daniel and Barnett, Alina and Rudin, Cynthia and Su, Jonathan K},
  journal={Advances in neural information processing systems},
  volume={32},
  year={2019}
}

@article{ismail2021improving,
  title={{Improving Deep Learning Interpretability by Saliency Guided Training}},
  author={Ismail, Aya Abdelsalam and Corrada Bravo, Hector and Feizi, Soheil},
  journal={Advances in Neural Information Processing Systems},
  volume={34},
  pages={26726--26739},
  year={2021}
}

@article{alvarez2018towards,
  title={{Towards Robust Interpretability with Self-Explaining Neural Networks}},
  author={Alvarez Melis, David and Jaakkola, Tommi},
  journal={Advances in neural information processing systems},
  volume={31},
  year={2018}
}

@article{agarwal2021neural,
  title={{Neural Additive Models: Interpretable Machine Learning with Neural Nets}},
  author={Agarwal, Rishabh and Melnick, Levi and Frosst, Nicholas and Zhang, Xuezhou and Lengerich, Ben and Caruana, Rich and Hinton, Geoffrey E},
  journal={Advances in neural information processing systems},
  volume={34},
  pages={4699--4711},
  year={2021}
}

@article{wang2021self,
  title={{Self-Interpretable Model with Transformation Equivariant Interpretation}},
  author={Wang, Yipei and Wang, Xiaoqian},
  journal={Advances in Neural Information Processing Systems},
  volume={34},
  pages={2359--2372},
  year={2021}
}

@article{jain2020learning,
  title={{Learning to Faithfully Rationalize by Construction}},
  author={Jain, Sarthak and Wiegreffe, Sarah and Pinter, Yuval and Wallace, Byron C},
  journal={arXiv preprint arXiv:2005.00115},
  year={2020}
}

@inproceedings{koh2020concept,
  title={{Concept Bottleneck Models}},
  author={Koh, Pang Wei and Nguyen, Thao and Tang, Yew Siang and Mussmann, Stephen and Pierson, Emma and Kim, Been and Liang, Percy},
  booktitle={International conference on machine learning},
  pages={5338--5348},
  year={2020},
  organization={PMLR}
}

@article{chen2019robust,
  title={{Robust Attribution Regularization}},
  author={Chen, Jiefeng and Wu, Xi and Rastogi, Vaibhav and Liang, Yingyu and Jha, Somesh},
  journal={Advances in Neural Information Processing Systems},
  volume={32},
  year={2019}
}

@inproceedings{salzer2021reachability,
  title={{Reachability is NP-Complete Even for the Simplest Neural Networks}},
  author={S{\"a}lzer, Marco and Lange, Martin},
  booktitle={Reachability Problems: 15th International Conference, RP 2021, Liverpool, UK, October 25--27, 2021, Proceedings 15},
  pages={149--164},
  year={2021},
  organization={Springer}
}

@book{arora2009computational,
  title={{Computational Complexity: A Modern Approach}},
  author={Arora, S. and Barak, B.},
  year={2009},
  publisher={Cambridge University Press}
}

@article{madry2017towards,
  title={{Towards Deep Learning Models Resistant to Adversarial Attacks}},
  author={Madry, Aleksander and Makelov, Aleksandar and Schmidt, Ludwig and Tsipras, Dimitris and Vladu, Adrian},
  journal={arXiv preprint arXiv:1706.06083},
  year={2017}
}

@inproceedings{maas2011learning,
  title={{Learning Word Vectors for Sentiment Analysis}},
  author={Maas, Andrew and Daly, Raymond E and Pham, Peter T and Huang, Dan and Ng, Andrew Y and Potts, Christopher},
  booktitle={Proceedings of the 49th annual meeting of the association for computational linguistics: Human language technologies},
  pages={142--150},
  year={2011}
}

@article{bowman2015large,
  title={{A Large Annotated Corpus for Learning Natural Language Inference}},
  author={Bowman, Samuel R and Angeli, Gabor and Potts, Christopher and Manning, Christopher D},
  journal={arXiv preprint arXiv:1508.05326},
  year={2015}
}

@inproceedings{katz2017reluplex,
  title={{Reluplex: An Efficient SMT Solver for Verifying Deep Neural Networks}},
  author={Katz, Guy and Barrett, Clark and Dill, David L and Julian, Kyle and Kochenderfer, Mykel J},
  booktitle={Computer Aided Verification: 29th International Conference, CAV 2017, Heidelberg, Germany, July 24-28, 2017, Proceedings, Part I 30},
  pages={97--117},
  year={2017},
  organization={Springer}
}

@inproceedings{umans1999hardness,
  title={{Hardness of Approximating/spl Sigma//sub 2//sup p/minimization problems}},
  author={Umans, Christopher},
  booktitle={40th Annual Symposium on Foundations of Computer Science (Cat. No. 99CB37039)},
  pages={465--474},
  year={1999},
  organization={IEEE}
}

@article{haastad1999clique,
  title={{Clique is Hard to Approximate within n/sup 1-/spl epsiv}},
  author={H{\aa}stad, Johan},
  year={1999}
}

@inproceedings{bassanlocal,
  title={{Local vs. Global Interpretability: A Computational Complexity Perspective}},
  author={Bassan, Shahaf and Amir, Guy and Katz, Guy},
  year={2024},
  booktitle={Forty-first International Conference on Machine Learning}
}

@inproceedings{bassan2023formally,
  title={{Formally Explaining Neural Networks within Reactive Systems}},
  author={Bassan, Shahaf and Amir, Guy and Corsi, Davide and Refaeli, Idan and Katz, Guy},
  booktitle={2023 Formal Methods in Computer-Aided Design (FMCAD)},
  pages={1--13},
  year={2023},
  organization={IEEE}
}

@article{yeh2019fidelity,
  title={{On the (in) Fidelity and Sensitivity of Explanations}},
  author={Yeh, Chih-Kuan and Hsieh, Cheng-Yu and Suggala, Arun and Inouye, David I and Ravikumar, Pradeep K},
  journal={Advances in neural information processing systems},
  volume={32},
  year={2019}
}

@inproceedings{slack2020fooling,
  title={{Fooling Lime and Shap: Adversarial Attacks on Post Hoc Explanation Methods}},
  author={Slack, Dylan and Hilgard, Sophie and Jia, Emily and Singh, Sameer and Lakkaraju, Himabindu},
  booktitle={Proceedings of the AAAI/ACM Conference on AI, Ethics, and Society},
  pages={180--186},
  year={2020}
}

@article{izza2024distance,
  title={{Distance-Restricted Explanations: Theoretical Underpinnings \& Efficient Implementation}},
  author={Izza, Yacine and Huang, Xuanxiang and Morgado, Antonio and Planes, Jordi and Ignatiev, Alexey and Marques-Silva, Joao},
  journal={arXiv preprint arXiv:2405.08297},
  year={2024}
}

@article{lee2022self,
  title={{Self-Explaining Deep Models with Logic Rule Reasoning}},
  author={Lee, Seungeon and Wang, Xiting and Han, Sungwon and Yi, Xiaoyuan and Xie, Xing and Cha, Meeyoung},
  journal={Advances in Neural Information Processing Systems},
  volume={35},
  pages={3203--3216},
  year={2022}
}

@article{shwartz2020unsupervised,
  title={{Unsupervised Commonsense Question Answering with Self-Talk}},
  author={Shwartz, Vered and West, Peter and Bras, Ronan Le and Bhagavatula, Chandra and Choi, Yejin},
  journal={arXiv preprint arXiv:2004.05483},
  year={2020}
}

@inproceedings{rajagopal2021selfexplain,
  title={{SELFEXPLAIN: A Self-Explaining Architecture for Neural Text Classifiers}},
  author={Rajagopal, Dheeraj and Balachandran, Vidhisha and Hovy, Eduard H and Tsvetkov, Yulia},
  booktitle={Proceedings of the 2021 Conference on Empirical Methods in Natural Language Processing},
  pages={836--850},
  year={2021}
}

@inproceedings{guyomard2022vcnet,
  title={{VCNet: A Self-Explaining Model for Realistic Counterfactual Generation}},
  author={Guyomard, Victor and Fessant, Fran{\c{c}}oise and Guyet, Thomas and Bouadi, Tassadit and Termier, Alexandre},
  booktitle={Joint European Conference on Machine Learning and Knowledge Discovery in Databases},
  pages={437--453},
  year={2022},
  organization={Springer}
}

@inproceedings{yan2023self,
  title={{Self-Interpretable Time Series Prediction with Counterfactual Explanations}},
  author={Yan, Jingquan and Wang, Hao},
  booktitle={International Conference on Machine Learning},
  pages={39110--39125},
  year={2023},
  organization={PMLR}
}

@inproceedings{guo2023counternet,
  title={{Counternet: End-to-End Training of Prediction Aware Counterfactual Explanations}},
  author={Guo, Hangzhi and Nguyen, Thanh H and Yadav, Amulya},
  booktitle={Proceedings of the 29th ACM SIGKDD Conference on Knowledge Discovery and Data Mining},
  pages={577--589},
  year={2023}
}

@inproceedings{zhang2022protgnn,
  title={{Protgnn: Towards Self-Explaining Graph Neural Networks}},
  author={Zhang, Zaixi and Liu, Qi and Wang, Hao and Lu, Chengqiang and Lee, Cheekong},
  booktitle={Proceedings of the AAAI Conference on Artificial Intelligence},
  volume={36},
  number={8},
  pages={9127--9135},
  year={2022}
}

@article{amir2024hard,
  title={{Hard to Explain: On the Computational Hardness of In-Distribution Model Interpretation}},
  author={Amir, Guy and Bassan, Shahaf and Katz, Guy},
  journal={arXiv preprint arXiv:2408.03915},
  year={2024}
}

@article{wang2021beta,
  title={{Beta-crown: Efficient Bound Propagation with Per-Neuron Split Constraints for Neural Network Robustness Verification}},
  author={Wang, Shiqi and Zhang, Huan and Xu, Kaidi and Lin, Xue and Jana, Suman and Hsieh, Cho-Jui and Kolter, J Zico},
  journal={Advances in Neural Information Processing Systems},
  volume={34},
  pages={29909--29921},
  year={2021}
}

@inproceedings{wu2024marabou,
  title={{Marabou 2.0: A Versatile Formal Analyzer of Neural Networks}},
  author={Wu, Haoze and Isac, Omri and Zelji{\'c}, Aleksandar and Tagomori, Teruhiro and Daggitt, Matthew and Kokke, Wen and Refaeli, Idan and Amir, Guy and Julian, Kyle and Bassan, Shahaf and others},
  booktitle={International Conference on Computer Aided Verification},
  pages={249--264},
  year={2024},
  organization={Springer}
}

@article{adolfi2024computational,
  title={{The Computational Complexity of Circuit Discovery for Inner Interpretability}},
  author={Adolfi, Federico and Vilas, Martina G and Wareham, Todd},
  journal={arXiv preprint arXiv:2410.08025},
  year={2024}
}

@inproceedings{audemard2022trading,
  title={{Trading Complexity for Sparsity in Random Forest Explanations}},
  author={Audemard, Gilles and Bellart, Steve and Bounia, Louenas and Koriche, Fr{\'e}d{\'e}ric and Lagniez, Jean-Marie and Marquis, Pierre},
  booktitle={Proceedings of the AAAI Conference on Artificial Intelligence},
  volume={36},
  number={5},
  pages={5461--5469},
  year={2022}
}

@inproceedings{audemard2022preferred,
  title={{On Preferred Abductive Explanations for Decision Trees and Random Forests}},
  author={Audemard, Gilles and Bellart, Steve and Bounia, Louenas and Koriche, Fr{\'e}d{\'e}ric and Lagniez, Jean-Marie and Marquis, Pierre},
  booktitle={Thirty-First International Joint Conference on Artificial Intelligence $\{$IJCAI-22$\}$},
  pages={643--650},
  year={2022},
  organization={International Joint Conferences on Artificial Intelligence Organization}
}

@article{carter2021overinterpretation,
  title={{Overinterpretation Reveals Image Classification Model Pathologies}},
  author={Carter, Brandon and Jain, Siddhartha and Mueller, Jonas W and Gifford, David},
  journal={Advances in Neural Information Processing Systems},
  volume={34},
  pages={15395--15407},
  year={2021}
}

@inproceedings{huang2021efficiently,
  title={{On Efficiently Explaining Graph-Based Classifiers}},
  author={Huang, Xuanxiang and Izza, Yacine and Ignatiev, Alexey and Marques-Silva, Joao},
  booktitle={International Conference on the Principles of Knowledge Representation and Reasoning 2021},
  pages={356--367},
  year={2021},
  organization={Association for the Advancement of Artificial Intelligence (AAAI)}
}

@inproceedings{ordyniak2023parameterized,
  title={{The Parameterized Complexity of Finding Concise Local Explanations}},
  author={Ordyniak, Sebastian and Paesani, Giacomo and Szeider, Stefan},
  booktitle={IJCAI},
  pages={3312--3320},
  year={2023}
}

@inproceedings{bounia2023approximating,
  title={{Approximating Probabilistic Explanations via Supermodular Minimization}},
  author={Bounia, Louenas and Koriche, Frederic},
  booktitle={Uncertainty in Artificial Intelligence},
  pages={216--225},
  year={2023},
  organization={PMLR}
}

@article{chockler2024explaining,
  title={{Explaining Image Classifiers}},
  author={Chockler, Hana and Halpern, Joseph Y},
  journal={arXiv preprint arXiv:2401.13752},
  year={2024}
}

@article{barcelo2025explaining,
  title={{Explaining k-Nearest Neighbors: Abductive and Counterfactual Explanations}},
  author={Barcel{\'o}, Pablo and Kozachinskiy, Alexander and Orth, Miguel Romero and Subercaseaux, Bernardo and Verschae, Jos{\'e}},
  journal={arXiv preprint arXiv:2501.06078},
  year={2025}
}

@inproceedings{fel2023don,
  title={{Don't Lie to Me! Robust and Efficient Explainability with Verified Perturbation Analysis}},
  author={Fel, Thomas and Ducoffe, M{\'e}lanie and Vigouroux, David and Cad{\`e}ne, R{\'e}mi and Capelle, Mikael and Nicod{\`e}me, Claire and Serre, Thomas},
  booktitle={Proceedings of the IEEE/CVF Conference on Computer Vision and Pattern Recognition},
  pages={16153--16163},
  year={2023}
}

@inproceedings{boumazouza2021asteryx,
  title={{ASTERYX: A model-Agnostic SaT-basEd appRoach for sYmbolic and score-based eXplanations}},
  author={Boumazouza, Ryma and Cheikh-Alili, Fahima and Mazure, Bertrand and Tabia, Karim},
  booktitle={Proceedings of the 30th ACM International Conference on Information \& Knowledge Management},
  pages={120--129},
  year={2021}
}

@inproceedings{marzouktractability,
  title={{On the Tractability of SHAP Explanations under Markovian Distributions}},
  author={Marzouk, Reda and de La Higuera, Colin},
  booktitle={Forty-first International Conference on Machine Learning}
}

@article{marzouk2025computational,
  title={{On the Computational Tractability of the (Many) Shapley Values}},
  author={Marzouk, Reda and Bassan, Shahaf and Katz, Guy and de la Higuera, Colin},
  journal={arXiv preprint arXiv:2502.12295},
  year={2025}
}

@inproceedings{addepalli2022scaling,
  title={{Scaling Adversarial Training to Large Perturbation Bounds}},
  author={Addepalli, Sravanti and Jain, Samyak and Sriramanan, Gaurang and Venkatesh Babu, R},
  booktitle={European Conference on Computer Vision},
  pages={301--316},
  year={2022},
  organization={Springer}
}

@book{halpern2016actual,
  title={{Actual Causality}},
  author={Halpern, Joseph Y},
  year={2016},
  publisher={MiT Press}
}

@article{chockler2024causal,
  title={{Causal Explanations for Image Classifiers}},
  author={Chockler, Hana and Kelly, David A and Kroening, Daniel and Sun, Youcheng},
  journal={arXiv preprint arXiv:2411.08875},
  year={2024}
}

@article{kelly2023you,
  title={{You Only Explain Once}},
  author={Kelly, David A and Chockler, Hana and Kroening, Daniel and Blake, Nathan and Ramaswamy, Aditi and Navaratnarajah, Melane and Shivakumar, Aaditya},
  journal={arXiv preprint arXiv:2311.14081},
  year={2023}
}

@inproceedings{watson2021local,
  title={{Local Explanations via Necessity and Sufficiency: Unifying Theory and Practice}},
  author={Watson, David S and Gultchin, Limor and Taly, Ankur and Floridi, Luciano},
  booktitle={Uncertainty in Artificial Intelligence},
  pages={1382--1392},
  year={2021},
  organization={PMLR}
}

@incollection{marques2023logic,
  title={{Logic-based Explainability in Machine Learning}},
  author={Marques-Silva, Joao},
  booktitle={Reasoning Web. Causality, Explanations and Declarative Knowledge: 18th International Summer School 2022, Berlin, Germany, September 27--30, 2022, Tutorial Lectures},
  pages={24--104},
  year={2023},
  publisher={Springer}
}

@article{darwiche2021quantifying,
  title={{On Quantifying Literals in Boolean Logic and its Applications to Explainable AI}},
  author={Darwiche, Adnan and Marquis, Pierre},
  journal={Journal of Artificial Intelligence Research},
  volume={72},
  pages={285--328},
  year={2021}
}

@article{calautti2025complexity,
  title={{On the Complexity of Global Necessary Reasons to Explain Classification}},
  author={Calautti, Marco and Malizia, Enrico and Molinaro, Cristian},
  journal={arXiv preprint arXiv:2501.06766},
  year={2025}
}

@article{cooper2023tractability,
  title={{Tractability of Explaining Classifier Decisions}},
  author={Cooper, Martin C and Marques-Silva, Jo{\~a}o},
  journal={Artificial Intelligence},
  volume={316},
  pages={103841},
  year={2023},
  publisher={Elsevier}
}

@inproceedings{audemard2021computational,
  title={{On the Computational Intelligibility of Boolean Classifiers}},
  author={Audemard, Gilles and Bellart, Steve and Bounia, Louenas and Koriche, Fr{\'e}d{\'e}ric and Lagniez, Jean-Marie and Marquis, Pierre},
  booktitle={Proceedings of the International Conference on Principles of Knowledge Representation and Reasoning},
  volume={18},
  number={1},
  pages={74--86},
  year={2021}
}

@inproceedings{el2023cardinality,
  title={{Cardinality-minimal Explanations for Monotonic Neural Networks}},
  author={El Harzli, Ouns and Grau, Bernardo Cuenca and Horrocks, Ian},
  booktitle={Proceedings of the Thirty-Second International Joint Conference on Artificial Intelligence},
  pages={3677--3685},
  year={2023}
}

@article{subercaseaux2024probabilistic,
  title={{Probabilistic Explanations for Linear Models}},
  author={Subercaseaux, Bernardo and Arenas, Marcelo and Meel, Kuldeep S},
  journal={arXiv preprint arXiv:2501.00154},
  year={2024}
}

@article{izza2023locally,
  title={{Locally-minimal Probabilistic Explanations}},
  author={Izza, Yacine and Meel, Kuldeep S and Marques-Silva, Joao},
  journal={arXiv preprint arXiv:2312.11831},
  year={2023}
}

@article{ji2025comprehensive,
  title={{A Comprehensive Survey on Self-Interpretable Neural Networks}},
  author={Ji, Yang and Sun, Ying and Zhang, Yuting and Wang, Zhigaoyuan and Zhuang, Yuanxin and Gong, Zheng and Shen, Dazhong and Qin, Chuan and Zhu, Hengshu and Xiong, Hui},
  journal={arXiv preprint arXiv:2501.15638},
  year={2025}
}

@article{blazek2021explainable,
  title={{Explainable Neural Networks that Simulate Reasoning}},
  author={Blazek, Paul J and Lin, Milo M},
  journal={Nature Computational Science},
  volume={1},
  number={9},
  pages={607--618},
  year={2021},
  publisher={Nature Publishing Group US New York}
}

@article{espinosa2022concept,
  title={{Concept Embedding Models: Beyond the Accuracy-Explainability Trade-off}},
  author={Espinosa Zarlenga, Mateo and Barbiero, Pietro and Ciravegna, Gabriele and Marra, Giuseppe and Giannini, Francesco and Diligenti, Michelangelo and Shams, Zohreh and Precioso, Frederic and Melacci, Stefano and Weller, Adrian and others},
  journal={Advances in Neural Information Processing Systems},
  volume={35},
  pages={21400--21413},
  year={2022}
}

@article{marconato2022glancenets,
  title={{Glancenets: Interpretable, Leak-Proof concept-based Models}},
  author={Marconato, Emanuele and Passerini, Andrea and Teso, Stefano},
  journal={Advances in Neural Information Processing Systems},
  volume={35},
  pages={21212--21227},
  year={2022}
}

@inproceedings{kim2023probabilistic,
  title={{Probabilistic Concept Bottleneck Models}},
  author={Kim, Eunji and Jung, Dahuin and Park, Sangha and Kim, Siwon and Yoon, Sungroh},
  booktitle={International Conference on Machine Learning},
  pages={16521--16540},
  year={2023},
  organization={PMLR}
}

@inproceedings{keswani2022proto2proto,
  title={{Proto2Proto: Can you Recognize the Car, the Way I Do?}},
  author={Keswani, Monish and Ramakrishnan, Sriranjani and Reddy, Nishant and Balasubramanian, Vineeth N},
  booktitle={Proceedings of the IEEE/CVF conference on computer vision and pattern recognition},
  pages={10233--10243},
  year={2022}
}

@article{hong2023protorynet,
  title={{Protorynet-interpretable Text Classification via Prototype Trajectories}},
  author={Hong, Dat and Wang, Tong and Baek, Stephen},
  journal={Journal of Machine Learning Research},
  volume={24},
  number={264},
  pages={1--39},
  year={2023}
}

@article{lemhadri2021lassonet,
  title={{Lassonet: A Neural Network with Feature Sparsity}},
  author={Lemhadri, Ismael and Ruan, Feng and Abraham, Louis and Tibshirani, Robert},
  journal={Journal of Machine Learning Research},
  volume={22},
  number={127},
  pages={1--29},
  year={2021}
}

@inproceedings{zhang2024comprehensive,
  title={{Comprehensive Attribution: Inherently Explainable Vision Model with Feature Detector}},
  author={Zhang, Xianren and Lee, Dongwon and Wang, Suhang},
  booktitle={European Conference on Computer Vision},
  pages={196--213},
  year={2024},
  organization={Springer}
}

@inproceedings{jethani2021have,
  title={{Have We Learned to Explain?: How Interpretability Methods can Learn to Encode Predictions in their Interpretations.}},
  author={Jethani, Neil and Sudarshan, Mukund and Aphinyanaphongs, Yindalon and Ranganath, Rajesh},
  booktitle={International Conference on Artificial Intelligence and Statistics},
  pages={1459--1467},
  year={2021},
  organization={PMLR}
}

@inproceedings{jiang2024protogate,
  title={{ProtoGate: Prototype-based Neural Networks with Global-to-Local Feature Selection for Tabular Biomedical Data}},
  author={Jiang, Xiangjian and Margeloiu, Andrei and Simidjievski, Nikola and Jamnik, Mateja},
  booktitle={Proceedings of the 41st International Conference on Machine Learning},
  pages={21844--21878},
  year={2024}
}

@inproceedings{yang2022locally,
  title={{Locally Sparse Neural Networks for Tabular Biomedical Data}},
  author={Yang, Junchen and Lindenbaum, Ofir and Kluger, Yuval},
  booktitle={International Conference on Machine Learning},
  pages={25123--25153},
  year={2022},
  organization={PMLR}
}

@inproceedings{yamada2020feature,
  title={{Feature Selection using Stochastic Gates}},
  author={Yamada, Yutaro and Lindenbaum, Ofir and Negahban, Sahand and Kluger, Yuval},
  booktitle={International Conference on Machine Learning},
  pages={10648--10659},
  year={2020},
  organization={PMLR}
}

@inproceedings{sundararajan2020many,
  title={{The many Shapley Values for Model Explanation}},
  author={Sundararajan, Mukund and Najmi, Amir},
  booktitle={International conference on machine learning},
  pages={9269--9278},
  year={2020},
  organization={PMLR}
}