@article{auer2024conformal,
  title={Conformal prediction for time series with Modern Hopfield Networks},
  author={Auer, Andreas and Gauch, Martin and Klotz, Daniel and Hochreiter, Sepp},
  journal={Advances in Neural Information Processing Systems},
  volume={36},
  year={2024}
}

@article{dinh2016density,
  title={Density estimation using real nvp},
  author={Dinh, Laurent and Sohl-Dickstein, Jascha and Bengio, Samy},
  journal={arXiv preprint arXiv:1605.08803},
  year={2016}
}

@article{diquigiovanni2021distribution,
  title={Distribution-free prediction bands for multivariate functional time series: an application to the Italian gas market},
  author={Diquigiovanni, Jacopo and Fontana, Matteo and Vantini, Simone},
  journal={arXiv preprint arXiv:2107.00527},
  year={2021}
}

@article{diquigiovanni2022conformal,
  title={Conformal prediction bands for multivariate functional data},
  author={Diquigiovanni, Jacopo and Fontana, Matteo and Vantini, Simone},
  journal={Journal of Multivariate Analysis},
  volume={189},
  pages={104879},
  year={2022},
  publisher={Elsevier}
}

@article{johnstone2022exact,
  title={Exact and approximate conformal inference in multiple dimensions},
  author={Johnstone, Chancellor and Ndiaye, Eugene},
  journal={arXiv preprint arXiv:2210.17405},
  year={2022}
}

@article{lee2024kernel,
  title={Kernel-based optimally weighted conformal prediction intervals},
  author={Lee, Jonghyeok and Xu, Chen and Xie, Yao},
  journal={arXiv preprint arXiv:2405.16828},
  year={2024}
}

@article{lee2024transformer,
  title={Transformer Conformal Prediction for Time Series},
  author={Lee, Junghwan and Xu, Chen and Xie, Yao},
  journal={arXiv preprint arXiv:2406.05332},
  year={2024}
}

@article{lim2021temporal,
  title={Temporal fusion transformers for interpretable multi-horizon time series forecasting},
  author={Lim, Bryan and Ar{\i}k, Sercan {\"O} and Loeff, Nicolas and Pfister, Tomas},
  journal={International Journal of Forecasting},
  volume={37},
  number={4},
  pages={1748--1764},
  year={2021},
  publisher={Elsevier}
}

@article{messoudi2021copula,
  title={Copula-based conformal prediction for multi-target regression},
  author={Messoudi, Soundouss and Destercke, S{\'e}bastien and Rousseau, Sylvain},
  journal={Pattern Recognition},
  volume={120},
  pages={108101},
  year={2021},
  publisher={Elsevier}
}

@inproceedings{messoudi2022ellipsoidal,
  title={Ellipsoidal conformal inference for multi-target regression},
  author={Messoudi, Soundouss and Destercke, S{\'e}bastien and Rousseau, Sylvain},
  booktitle={Conformal and Probabilistic Prediction with Applications},
  pages={294--306},
  year={2022},
  organization={PMLR}
}

@article{rasul2020multivariate,
  title={Multivariate probabilistic time series forecasting via conditioned normalizing flows},
  author={Rasul, Kashif and Sheikh, Abdul-Saboor and Schuster, Ingmar and Bergmann, Urs and Vollgraf, Roland},
  journal={arXiv preprint arXiv:2002.06103},
  year={2020}
}

@article{salinas2020deepar,
  title={DeepAR: Probabilistic forecasting with autoregressive recurrent networks},
  author={Salinas, David and Flunkert, Valentin and Gasthaus, Jan and Januschowski, Tim},
  journal={International journal of forecasting},
  volume={36},
  number={3},
  pages={1181--1191},
  year={2020},
  publisher={Elsevier}
}

@article{stankeviciute2021conformal,
  title={Conformal time-series forecasting},
  author={Stankeviciute, Kamile and M Alaa, Ahmed and van der Schaar, Mihaela},
  journal={Advances in neural information processing systems},
  volume={34},
  pages={6216--6228},
  year={2021}
}

@article{sun2022copula,
  title={Copula conformal prediction for multi-step time series forecasting},
  author={Sun, Sophia and Yu, Rose},
  journal={arXiv preprint arXiv:2212.03281},
  year={2022}
}

@article{tibshirani2019conformal,
  title={Conformal prediction under covariate shift},
  author={Tibshirani, Ryan J and Foygel Barber, Rina and Candes, Emmanuel and Ramdas, Aaditya},
  journal={Advances in neural information processing systems},
  volume={32},
  year={2019}
}

@article{vaswani2017attention,
  title={Attention is all you need},
  author={Vaswani, Ashish and Shazeer, Noam and Parmar, Niki and Uszkoreit, Jakob and Jones, Llion and Gomez, Aidan N and Kaiser, {\L}ukasz and Polosukhin, Illia},
  journal={Advances in neural information processing systems},
  volume={30},
  year={2017}
}

@book{vovk2005algorithmic,
  title={Algorithmic learning in a random world},
  author={Vovk, Vladimir and Gammerman, Alexander and Shafer, Glenn},
  volume={29},
  year={2005},
  publisher={Springer}
}

@inproceedings{xu2021conformal,
  title={Conformal prediction interval for dynamic time-series},
  author={Xu, Chen and Xie, Yao},
  booktitle={International Conference on Machine Learning},
  pages={11559--11569},
  year={2021},
  organization={PMLR}
}

@inproceedings{xu2023sequential,
  title={Sequential predictive conformal inference for time series},
  author={Xu, Chen and Xie, Yao},
  booktitle={International Conference on Machine Learning},
  pages={38707--38727},
  year={2023},
  organization={PMLR}
}

@article{xu2024conformal,
  title={Conformal prediction for multi-dimensional time series by ellipsoidal sets},
  author={Xu, Chen and Jiang, Hanyang and Xie, Yao},
  journal={arXiv preprint arXiv:2403.03850},
  year={2024}
}

