@inproceedings{xu2023sequential,
  title={Sequential predictive conformal inference for time series},
  author={Xu, Chen and Xie, Yao},
  booktitle={International Conference on Machine Learning},
  pages={38707--38727},
  year={2023},
  organization={PMLR}
}
@article{zhang2021solar,
  title={Solar radiation ramping events modeling using spatio-temporal point processes},
  author={Zhang, Minghe and Xu, Chen and Sun, Andy and Qiu, Feng and Xie, Yao},
  journal={arXiv preprint arXiv:2101.11179},
  note={Accepted at the 2021 INFORMS Conference on Service Science (ICSS 2021)},
  year={2021}
}
@article{lim2021temporal,
  title={Temporal fusion transformers for interpretable multi-horizon time series forecasting},
  author={Lim, Bryan and Ar{\i}k, Sercan {\"O} and Loeff, Nicolas and Pfister, Tomas},
  journal={International Journal of Forecasting},
  volume={37},
  number={4},
  pages={1748--1764},
  year={2021},
  publisher={Elsevier}
}

@book{vovk2005algorithmic,
  title={Algorithmic learning in a random world},
  author={Vovk, Vladimir and Gammerman, Alexander and Shafer, Glenn},
  volume={29},
  year={2005},
  publisher={Springer}
}

@article{meinshausen2006quantile,
  title={Quantile regression forests.},
  author={Meinshausen, Nicolai and Ridgeway, Greg},
  journal={Journal of machine learning research},
  volume={7},
  number={6},
  year={2006}
}

@article{sengupta2018national,
  title={The national solar radiation data base (NSRDB)},
  author={Sengupta, Manajit and Xie, Yu and Lopez, Anthony and Habte, Aron and Maclaurin, Galen and Shelby, James},
  journal={Renewable and sustainable energy reviews},
  volume={89},
  pages={51--60},
  year={2018},
  publisher={Elsevier}
}

@article{zhu2021multi,
  title={Multi-resolution spatio-temporal prediction with application to wind power generation},
  author={Zhu, Shixiang and Zhang, Hanyu and Xie, Yao and Van Hentenryck, Pascal},
  journal={arXiv preprint arXiv:2108.13285},
  year={2021}
}

@article{harries1999splice,
  title={Splice-2 comparative evaluation: Electricity pricing},
  author={Harries, Michael and Wales, New South and others},
  year={1999},
  publisher={University of New South Wales, School of Computer Science and Engineering}
}

@inproceedings{xu2021conformal,
  title={Conformal prediction interval for dynamic time-series},
  author={Xu, Chen and Xie, Yao},
  booktitle={International Conference on Machine Learning},
  pages={11559--11569},
  year={2021},
  organization={PMLR}
}

@article{barber2023conformal,
  title={Conformal prediction beyond exchangeability},
  author={Barber, Rina Foygel and Candes, Emmanuel J and Ramdas, Aaditya and Tibshirani, Ryan J},
  journal={The Annals of Statistics},
  volume={51},
  number={2},
  pages={816--845},
  year={2023},
  publisher={Institute of Mathematical Statistics}
}

@article{auer2024conformal,
  title={Conformal prediction for time series with Modern Hopfield Networks},
  author={Auer, Andreas and Gauch, Martin and Klotz, Daniel and Hochreiter, Sepp},
  journal={Advances in Neural Information Processing Systems},
  volume={36},
  year={2024}
}

@article{angelopoulos2021gentle,
  title={A gentle introduction to conformal prediction and distribution-free uncertainty quantification},
  author={Angelopoulos, Anastasios N and Bates, Stephen},
  journal={arXiv preprint arXiv:2107.07511},
  year={2021}
}

@article{shafer2008tutorial,
  title={A tutorial on conformal prediction.},
  author={Shafer, Glenn and Vovk, Vladimir},
  journal={Journal of Machine Learning Research},
  volume={9},
  number={3},
  year={2008}
}

@book{box2015time,
  title={Time series analysis: forecasting and control},
  author={Box, George EP and Jenkins, Gwilym M and Reinsel, Gregory C and Ljung, Greta M},
  year={2015},
  publisher={John Wiley \& Sons}
}

@article{xu2023conformal,
  title={Conformal prediction for time series},
  author={Xu, Chen and Xie, Yao},
  journal={IEEE Transactions on Pattern Analysis and Machine Intelligence},
  year={2023},
  publisher={IEEE}
}

@article{radford2018improving,
  title={Improving language understanding by generative pre-training},
  author={Radford, Alec and Narasimhan, Karthik and Salimans, Tim and Sutskever, Ilya and others},
  year={2018},
  publisher={OpenAI}
}

@article{vaswani2017attention,
  title={Attention is all you need},
  author={Vaswani, Ashish and Shazeer, Noam and Parmar, Niki and Uszkoreit, Jakob and Jones, Llion and Gomez, Aidan N and Kaiser, {\L}ukasz and Polosukhin, Illia},
  journal={Advances in neural information processing systems},
  volume={30},
  year={2017}
}

@article{wen2017multi,
  title={A multi-horizon quantile recurrent forecaster},
  author={Wen, Ruofeng and Torkkola, Kari and Narayanaswamy, Balakrishnan and Madeka, Dhruv},
  journal={arXiv preprint arXiv:1711.11053},
  year={2017}
}

@inproceedings{jawed2022fqformer,
  title={Fqformer: A fully quantile transformer for time series forecasting},
  author={Jawed, Shayan and Schmidt-Thieme, Lars},
  booktitle={8th SIGKDD International Workshop on Mining and Learning from Time Series--Deep Forecasting: Models, Interpretability, and Applications},
  year={2022}
}

@article{messoudi2021copula,
  title={Copula-based conformal prediction for multi-target regression},
  author={Messoudi, Soundouss and Destercke, S{\'e}bastien and Rousseau, Sylvain},
  journal={Pattern Recognition},
  volume={120},
  pages={108101},
  year={2021},
  publisher={Elsevier}
}

@article{sun2022copula,
  title={Copula conformal prediction for multi-step time series forecasting},
  author={Sun, Sophia and Yu, Rose},
  journal={arXiv preprint arXiv:2212.03281},
  year={2022}
}

@article{xu2024conformal,
  title={Conformal prediction for multi-dimensional time series by ellipsoidal sets},
  author={Xu, Chen and Jiang, Hanyang and Xie, Yao},
  journal={arXiv preprint arXiv:2403.03850},
  year={2024}
}

@inproceedings{huang2018neural,
  title={Neural autoregressive flows},
  author={Huang, Chin-Wei and Krueger, David and Lacoste, Alexandre and Courville, Aaron},
  booktitle={International conference on machine learning},
  pages={2078--2087},
  year={2018},
  organization={PMLR}
}

@article{stankeviciute2021conformal,
  title={Conformal time-series forecasting},
  author={Stankeviciute, Kamile and M Alaa, Ahmed and van der Schaar, Mihaela},
  journal={Advances in neural information processing systems},
  volume={34},
  pages={6216--6228},
  year={2021}
}

@article{salinas2020deepar,
  title={DeepAR: Probabilistic forecasting with autoregressive recurrent networks},
  author={Salinas, David and Flunkert, Valentin and Gasthaus, Jan and Januschowski, Tim},
  journal={International journal of forecasting},
  volume={36},
  number={3},
  pages={1181--1191},
  year={2020},
  publisher={Elsevier}
}

@article{lee2024transformer,
  title={Transformer Conformal Prediction for Time Series},
  author={Lee, Junghwan and Xu, Chen and Xie, Yao},
  journal={arXiv preprint arXiv:2406.05332},
  year={2024}
}

@article{chen2018neural,
  title={Neural ordinary differential equations},
  author={Chen, Ricky TQ and Rubanova, Yulia and Bettencourt, Jesse and Duvenaud, David K},
  journal={Advances in neural information processing systems},
  volume={31},
  year={2018}
}

@article{grathwohl2018ffjord,
  title={Ffjord: Free-form continuous dynamics for scalable reversible generative models},
  author={Grathwohl, Will and Chen, Ricky TQ and Bettencourt, Jesse and Sutskever, Ilya and Duvenaud, David},
  journal={arXiv preprint arXiv:1810.01367},
  year={2018}
}

@article{winkler2019learning,
  title={Learning likelihoods with conditional normalizing flows},
  author={Winkler, Christina and Worrall, Daniel and Hoogeboom, Emiel and Welling, Max},
  journal={arXiv preprint arXiv:1912.00042},
  year={2019}
}

@article{lipman2022flow,
  title={Flow matching for generative modeling},
  author={Lipman, Yaron and Chen, Ricky TQ and Ben-Hamu, Heli and Nickel, Maximilian and Le, Matt},
  journal={arXiv preprint arXiv:2210.02747},
  year={2022}
}

@article{lipman2024flow,
  title={Flow Matching Guide and Code},
  author={Lipman, Yaron and Havasi, Marton and Holderrieth, Peter and Shaul, Neta and Le, Matt and Karrer, Brian and Chen, Ricky TQ and Lopez-Paz, David and Ben-Hamu, Heli and Gat, Itai},
  journal={arXiv preprint arXiv:2412.06264},
  year={2024}
}

@article{papamakarios2021normalizing,
  title={Normalizing flows for probabilistic modeling and inference},
  author={Papamakarios, George and Nalisnick, Eric and Rezende, Danilo Jimenez and Mohamed, Shakir and Lakshminarayanan, Balaji},
  journal={Journal of Machine Learning Research},
  volume={22},
  number={57},
  pages={1--64},
  year={2021}
}

@inproceedings{messoudi2022ellipsoidal,
  title={Ellipsoidal conformal inference for multi-target regression},
  author={Messoudi, Soundouss and Destercke, S{\'e}bastien and Rousseau, Sylvain},
  booktitle={Conformal and Probabilistic Prediction with Applications},
  pages={294--306},
  year={2022},
  organization={PMLR}
}

@article{xu2021conformalanomaly,
  title={Conformal anomaly detection on spatio-temporal observations with missing data},
  author={Xu, Chen and Xie, Yao},
  journal={arXiv preprint arXiv:2105.11886},
  year={2021}
}

@article{diquigiovanni2021distribution,
  title={Distribution-free prediction bands for multivariate functional time series: an application to the Italian gas market},
  author={Diquigiovanni, Jacopo and Fontana, Matteo and Vantini, Simone},
  journal={arXiv preprint arXiv:2107.00527},
  year={2021}
}

@article{diquigiovanni2022conformal,
  title={Conformal prediction bands for multivariate functional data},
  author={Diquigiovanni, Jacopo and Fontana, Matteo and Vantini, Simone},
  journal={Journal of Multivariate Analysis},
  volume={189},
  pages={104879},
  year={2022},
  publisher={Elsevier}
}

@inproceedings{
anonymous2025contra,
title={{CONTRA}: Conformal Prediction Region via Normalizing Flow Transformation},
author={Anonymous},
booktitle={The Thirteenth International Conference on Learning Representations},
year={2025},
url={https://openreview.net/forum?id=pOO9cqLq7Q}
}

@article{johnstone2022exact,
  title={Exact and approximate conformal inference in multiple dimensions},
  author={Johnstone, Chancellor and Ndiaye, Eugene},
  journal={arXiv preprint arXiv:2210.17405},
  year={2022}
}

@article{lee2024kernel,
  title={Kernel-based optimally weighted conformal prediction intervals},
  author={Lee, Jonghyeok and Xu, Chen and Xie, Yao},
  journal={arXiv preprint arXiv:2405.16828},
  year={2024}
}

@article{dormand1980family,
  title={A family of embedded Runge-Kutta formulae},
  author={Dormand, John R and Prince, Peter J},
  journal={Journal of computational and applied mathematics},
  volume={6},
  number={1},
  pages={19--26},
  year={1980},
  publisher={Elsevier}
}

@article{tibshirani2019conformal,
  title={Conformal prediction under covariate shift},
  author={Tibshirani, Ryan J and Foygel Barber, Rina and Candes, Emmanuel and Ramdas, Aaditya},
  journal={Advances in neural information processing systems},
  volume={32},
  year={2019}
}

@book{rudin1964principles,
  title={Principles of mathematical analysis},
  author={Rudin, Walter and others},
  volume={3},
  year={1964},
  publisher={McGraw-hill New York}
}

@book{munkres2000topology,
  title={Topology},
  author={Munkres, J.R.},
  isbn={9780131816299},
  lccn={99052942},
  series={Featured Titles for Topology},
  url={https://books.google.com/books?id=XjoZAQAAIAAJ},
  year={2000},
  publisher={Prentice Hall, Incorporated}
}

@inproceedings{rezende2015variational,
  title={Variational inference with normalizing flows},
  author={Rezende, Danilo and Mohamed, Shakir},
  booktitle={International conference on machine learning},
  pages={1530--1538},
  year={2015},
  organization={PMLR}
}


@article{rasul2020multivariate,
  title={Multivariate probabilistic time series forecasting via conditioned normalizing flows},
  author={Rasul, Kashif and Sheikh, Abdul-Saboor and Schuster, Ingmar and Bergmann, Urs and Vollgraf, Roland},
  journal={arXiv preprint arXiv:2002.06103},
  year={2020}
}

@article{dinh2016density,
  title={Density estimation using real nvp},
  author={Dinh, Laurent and Sohl-Dickstein, Jascha and Bengio, Samy},
  journal={arXiv preprint arXiv:1605.08803},
  year={2016}
}

@article{kingma2014adam,
  title={Adam: A method for stochastic optimization},
  author={Kingma, Diederik P},
  journal={arXiv preprint arXiv:1412.6980},
  year={2014}
}