% Use this file for citations not found in the ACL Anthology (contained in "anthology.bib").
@book{riffe2023analyzing,
  title={Analyzing media messages: Using quantitative content analysis in research},
  author={Riffe, Daniel and Lacy, Stephen and Watson, Brendan R and Lovejoy, Jennette},
  year={2023},
  publisher={Routledge}
}

@book{neuendorf2017content,
  title={The content analysis guidebook},
  author={Neuendorf, Kimberly A},
  year={2017},
  publisher={sage}
}

@article{zhao2024automated,
  title={Automated measures of sentiment via transformer-and lexicon-based sentiment analysis (TLSA)},
  author={Zhao, Xinyan and Wong, Chau-Wai},
  journal={Journal of Computational Social Science},
  volume={7},
  number={1},
  pages={145--170},
  year={2024},
  publisher={Springer}
}

@book{krippendorff2018content,
  title={Content analysis: An introduction to its methodology},
  author={Krippendorff, Klaus},
  year={2018},
  publisher={Sage publications}
}

@article{indulska2012quantitative,
  title={Quantitative approaches to content analysis: Identifying conceptual drift across publication outlets},
  author={Indulska, Marta and Hovorka, Dirk S and Recker, Jan},
  journal={European Journal of Information Systems},
  volume={21},
  number={1},
  pages={49--69},
  year={2012},
  publisher={Taylor \& Francis}
}

@article{holsti1969content,
  title={Content analysis for the social sciences and humanities},
  author={Holsti, Ole R},
  journal={Reading. MA: Addison-Wesley (content analysis)},
  year={1969}
}
@article{weber1990basic,
  title={Basic content analysis},
  author={Weber, Robert Philip},
  journal={Newbury Park},
  year={1990}
}

@inproceedings{conover2011political,
  title={Political polarization on twitter},
  author={Conover, Michael and Ratkiewicz, Jacob and Francisco, Matthew and Gon{\c{c}}alves, Bruno and Menczer, Filippo and Flammini, Alessandro},
  booktitle={Proceedings of the international aaai conference on web and social media},
  volume={5},
  pages={89--96},
  year={2011}
}

@article{kramer2014experimental,
  title={Experimental evidence of massive-scale emotional contagion through social networks},
  author={Kramer, Adam DI and Guillory, Jamie E and Hancock, Jeffrey T},
  journal={Proceedings of the National Academy of Sciences},
  volume={111},
  number={24},
  pages={8788--8790},
  year={2014},
  publisher={National Acad Sciences}
}

@article{hopkins2010method,
  title={A method of automated nonparametric content analysis for social science},
  author={Hopkins, Daniel J and King, Gary},
  journal={American Journal of Political Science},
  volume={54},
  number={1},
  pages={229--247},
  year={2010},
  publisher={Wiley Online Library}
}

@article{cohen1960coefficient,
  title={A coefficient of agreement for nominal scales},
  author={Cohen, Jacob},
  journal={Educational and psychological measurement},
  volume={20},
  number={1},
  pages={37--46},
  year={1960},
  publisher={Sage Publications Sage CA: Thousand Oaks, CA}
}

@article{ziems2024can,
  title={Can large language models transform computational social science?},
  author={Ziems, Caleb and Held, William and Shaikh, Omar and Chen, Jiaao and Zhang, Zhehao and Yang, Diyi},
  journal={Computational Linguistics},
  volume={50},
  number={1},
  pages={237--291},
  year={2024},
  publisher={MIT Press One Broadway, 12th Floor, Cambridge, Massachusetts 02142, USA~â€¦}
}

@article{french1959bases,
  title={The bases of social power},
  author={French, John RP},
  journal={Studies in social power/University of Michigan Press},
  year={1959}
}

@book{cialdini2007influence,
  title={Influence: The psychology of persuasion},
  author={Cialdini, Robert B and Cialdini, Robert B},
  volume={55},
  year={2007},
  publisher={Collins New York}
}

@book{suchman1987plans,
  title={Plans and situated actions: The problem of human-machine communication},
  author={Suchman, Lucille Alice},
  year={1987},
  publisher={Cambridge university press}
}
}

@article{sundar2020rise,
  title={Rise of machine agency: A framework for studying the psychology of human--AI interaction (HAII)},
  author={Sundar, S Shyam},
  journal={Journal of Computer-Mediated Communication},
  volume={25},
  number={1},
  pages={74--88},
  year={2020},
  publisher={Oxford University Press}
}
@incollection{benoit2014content,
  title={Content analysis in political communication},
  author={Benoit, William L},
  booktitle={Sourcebook for political communication research},
  pages={268--279},
  year={2014},
  publisher={Routledge}
}

@article{benjamin1974structural,
  title={Structural analysis of social behavior.},
  author={Benjamin, Lorna Smith},
  journal={Psychological review},
  volume={81},
  number={5},
  pages={392},
  year={1974},
  publisher={American Psychological Association}
}

@misc{dundes1962trends,
  title={Trends in content analysis: A review article},
  author={Dundes, Alan},
  year={1962},
  publisher={JSTOR}
}

@article{achiam2023gpt,
  title={Gpt-4 technical report},
  author={Achiam, Josh and Adler, Steven and Agarwal, Sandhini and Ahmad, Lama and Akkaya, Ilge and Aleman, Florencia Leoni and Almeida, Diogo and Altenschmidt, Janko and Altman, Sam and Anadkat, Shyamal and others},
  journal={arXiv preprint arXiv:2303.08774},
  year={2023}
}

@article{team2023gemini,
  title={Gemini: a family of highly capable multimodal models},
  author={Team, Gemini and Anil, Rohan and Borgeaud, Sebastian and Wu, Yonghui and Alayrac, Jean-Baptiste and Yu, Jiahui and Soricut, Radu and Schalkwyk, Johan and Dai, Andrew M and Hauth, Anja and others},
  journal={arXiv preprint arXiv:2312.11805},
  year={2023}
}

@article{dart2014sports,
  title={Sports review: A content analysis of the International Review for the Sociology of Sport, the Journal of Sport and Social Issues and the Sociology of Sport Journal across 25 years},
  author={Dart, Jon},
  journal={International Review for the Sociology of Sport},
  volume={49},
  number={6},
  pages={645--668},
  year={2014},
  publisher={SAGE Publications Sage UK: London, England}
}

@article{macnamara2005media,
  title={Media content analysis: Its uses, benefits and best practice methodology},
  author={Macnamara, Jim R},
  journal={Asia Pacific public relations journal},
  volume={6},
  number={1},
  pages={1--34},
  year={2005}
}

@article{hara2000content,
  title={Content analysis of online discussion in an applied educational psychology course},
  author={Hara, Noriko and Bonk, Curtis Jay and Angeli, Charoula},
  journal={Instructional science},
  volume={28},
  pages={115--152},
  year={2000},
  publisher={Springer}
}

@article{eloundou2023gpts,
  title={Gpts are gpts: An early look at the labor market impact potential of large language models},
  author={Eloundou, Tyna and Manning, Sam and Mishkin, Pamela and Rock, Daniel},
  journal={arXiv preprint arXiv:2303.10130},
  year={2023}
}

@article{tan2024large,
  title={Large language models for data annotation: A survey},
  author={Tan, Zhen and Beigi, Alimohammad and Wang, Song and Guo, Ruocheng and Bhattacharjee, Amrita and Jiang, Bohan and Karami, Mansooreh and Li, Jundong and Cheng, Lu and Liu, Huan},
  journal={arXiv preprint arXiv:2402.13446},
  year={2024}
}

@article{chew2023llm,
  title={LLM-assisted content analysis: Using large language models to support deductive coding},
  author={Chew, Robert and Bollenbacher, John and Wenger, Michael and Speer, Jessica and Kim, Annice},
  journal={arXiv preprint arXiv:2306.14924},
  year={2023}
}

@article{van2008multi,
  title={Multi-agent systems},
  author={Van der Hoek, Wiebe and Wooldridge, Michael},
  journal={Foundations of Artificial Intelligence},
  volume={3},
  pages={887--928},
  year={2008},
  publisher={Elsevier}
}

@article{gurcan2024llm,
  title={LLM-Augmented Agent-Based Modelling for Social Simulations: Challenges and Opportunities},
  author={G{\"u}rcan, {\"O}nder},
  journal={HHAI 2024: Hybrid Human AI Systems for the Social Good},
  pages={134--144},
  year={2024},
  publisher={IOS Press}
}

@article{gheyle2017content,
  title={Content Analysis: a short overview},
  author={Gheyle, Niels and Jacobs, Thomas},
  journal={Internal research note},
  volume={10},
  year={2017}
}

@article{mosqueira2023human,
  title={Human-in-the-loop machine learning: a state of the art},
  author={Mosqueira-Rey, Eduardo and Hern{\'a}ndez-Pereira, Elena and Alonso-R{\'\i}os, David and Bobes-Bascar{\'a}n, Jos{\'e} and Fern{\'a}ndez-Leal, {\'A}ngel},
  journal={Artificial Intelligence Review},
  volume={56},
  number={4},
  pages={3005--3054},
  year={2023},
  publisher={Springer}
}

@article{ghai2022d,
  title={D-BIAS: A causality-based human-in-the-loop system for tackling algorithmic bias},
  author={Ghai, Bhavya and Mueller, Klaus},
  journal={IEEE Transactions on Visualization and Computer Graphics},
  volume={29},
  number={1},
  pages={473--482},
  year={2022},
  publisher={IEEE}
}

@article{arambepola2021human,
  title={Human in the loop design for intelligent interactive systems: A systematic review},
  author={Arambepola, N and Munasinghe, L},
  year={2021},
  journal={Faculty of Science, University of Kelaniya, Sri Lanka.}
}

@inproceedings{goodsell2013interpretive,
  title={The interpretive tradition in social science},
  author={Goodsell, Todd L},
  booktitle={Annual Conference of the National Council on Family Relations, San Antonio, TX},
  pages={2017--01},
  year={2013}
}

@article{chen2021application,
  title={Application of machine learning techniques to an agent-based model of pantoea},
  author={Chen, Serena H and Londo{\~n}o-Larrea, Pablo and McGough, Andrew Stephen and Bible, Amber N and Gunaratne, Chathika and Araujo-Granda, Pablo A and Morrell-Falvey, Jennifer L and Bhowmik, Debsindhu and Fuentes-Cabrera, Miguel},
  journal={Frontiers in Microbiology},
  volume={12},
  pages={726409},
  year={2021},
  publisher={Frontiers Media SA}
}

@article{chmura2007extended,
  title={An extended reinforcement algorithm for estimation of human behaviour in experimental congestion games},
  author={Chmura, Thorsten and Pitz, Thomas},
  journal={Journal of Artificial Societies and Social Simulation},
  volume={10},
  number={2},
  pages={1--20},
  year={2007},
  publisher={Department of Sociology, University of Surrey}
}

@article{macal2016everything,
  title={Everything you need to know about agent-based modelling and simulation},
  author={Macal, Charles M},
  journal={Journal of Simulation},
  volume={10},
  number={2},
  pages={144--156},
  year={2016},
  publisher={Taylor \& Francis}
}

@article{lee2018generating,
  title={Generating synthetic bitcoin transactions and predicting market price movement via inverse reinforcement learning and agent-based modeling},
  author={Lee, Kamwoo and Ulkuatam, Sinan and Beling, Peter and Scherer, William},
  journal={Journal of Artificial Societies and Social Simulation},
  volume={21},
  number={3},
  year={2018},
  publisher={JASSS}
}

@article{dehkordi2023using,
  title={Using machine learning for agent specifications in agent-based models and simulations: A critical review and guidelines},
  author={Dehkordi, M Ale Ebrahim and Lechner, JM and Ghorbani, Amineh and Nikolic, Igor and Chappin, EJL and Herder, Paulien M},
  journal={Journal of Artificial Societies and Social Simulation},
  volume={26},
  number={1},
  pages={9},
  year={2023},
  publisher={University of Surrey}
}

@article{chen2018dynamic,
  title={Dynamic pricing strategies for perishable product in a competitive multi-agent retailers market},
  author={Chen, Wenchong and Liu, Hongwei and Xu, Dan},
  journal={Journal of Artificial Societies and Social Simulation},
  volume={21},
  number={2},
  year={2018},
  publisher={JASSS}
}

@article{turgut2023framework,
  title={A framework proposal for machine learning-driven agent-based models through a case study analysis},
  author={Turgut, Yakup and Bozdag, Cafer Erhan},
  journal={Simulation Modelling Practice and Theory},
  volume={123},
  pages={102707},
  year={2023},
  publisher={Elsevier}
}

@article{xu2023transitioning,
  title={Transitioning to human interaction with AI systems: New challenges and opportunities for HCI professionals to enable human-centered AI},
  author={Xu, Wei and Dainoff, Marvin J and Ge, Liezhong and Gao, Zaifeng},
  journal={International Journal of Human--Computer Interaction},
  volume={39},
  number={3},
  pages={494--518},
  year={2023},
  publisher={Taylor \& Francis}
}

@article{jolfaei2022guest,
  title={Guest editorial: Computational intelligence for human-in-the-loop cyber physical systems},
  author={Jolfaei, Alireza and Usman, Muhammad and Roveri, Manuel and Sheng, Michael and Palaniswami, Marimuthu and Kant, Krishna},
  journal={IEEE Transactions on Emerging Topics in Computational Intelligence},
  volume={6},
  number={1},
  pages={2--5},
  year={2022},
  publisher={IEEE}
}

@phdthesis{renner2020designing,
  title={Designing for the human in the loop: Transparency and control in interactive machine learning},
  author={Renner, Alison},
  year={2020},
  school={University of Maryland, College Park}
}

@inproceedings{shoshitaishvili2017rise,
  title={Rise of the hacrs: Augmenting autonomous cyber reasoning systems with human assistance},
  author={Shoshitaishvili, Yan and Weissbacher, Michael and Dresel, Lukas and Salls, Christopher and Wang, Ruoyu and Kruegel, Christopher and Vigna, Giovanni},
  booktitle={Proceedings of the 2017 ACM SIGSAC Conference on Computer and Communications Security},
  pages={347--362},
  year={2017}
}

@article{yoon2011content,
  title={Content analysis of acculturation research in counseling and counseling psychology: a 22-year review.},
  author={Yoon, Eunju and Langrehr, Kimberly and Ong, Lee Za},
  journal={Journal of Counseling Psychology},
  volume={58},
  number={1},
  pages={83},
  year={2011},
  publisher={American Psychological Association}
}

@article{kevian2024capabilities,
  title={Capabilities of large language models in control engineering: A benchmark study on gpt-4, claude 3 opus, and gemini 1.0 ultra},
  author={Kevian, Darioush and Syed, Usman and Guo, Xingang and Havens, Aaron and Dullerud, Geir and Seiler, Peter and Qin, Lianhui and Hu, Bin},
  journal={arXiv preprint arXiv:2404.03647},
  year={2024}
}

@article{zhao2023survey,
  title={A survey of large language models},
  author={Zhao, Wayne Xin and Zhou, Kun and Li, Junyi and Tang, Tianyi and Wang, Xiaolei and Hou, Yupeng and Min, Yingqian and Zhang, Beichen and Zhang, Junjie and Dong, Zican and others},
  journal={arXiv preprint arXiv:2303.18223},
  year={2023}
}

@article{zhao2024ontology,
  title={Ontology-Aware RAG for Improved Question-Answering in Cybersecurity Education},
  author={Zhao, Chengshuai and Agrawal, Garima and Kumarage, Tharindu and Tan, Zhen and Deng, Yuli and Chen, Ying-Chih and Liu, Huan},
  journal={arXiv preprint arXiv:2412.14191},
  year={2024}
}

@inproceedings{xia2023molebert,
  title={Mole-{BERT}: Rethinking Pre-training Graph Neural Networks for Molecules},
  author={Jun Xia and Chengshuai Zhao and Bozhen Hu and Zhangyang Gao and Cheng Tan and Yue Liu and Siyuan Li and Stan Z. Li},
  booktitle={The Eleventh International Conference on Learning Representations },
  year={2023},
  url={https://openreview.net/forum?id=jevY-DtiZTR}
}

@article{guo2024large,
  title={Large language model based multi-agents: A survey of progress and challenges},
  author={Guo, Taicheng and Chen, Xiuying and Wang, Yaqi and Chang, Ruidi and Pei, Shichao and Chawla, Nitesh V and Wiest, Olaf and Zhang, Xiangliang},
  journal={arXiv preprint arXiv:2402.01680},
  year={2024}
}

@article{wang2024survey,
  title={A survey on large language model based autonomous agents},
  author={Wang, Lei and Ma, Chen and Feng, Xueyang and Zhang, Zeyu and Yang, Hao and Zhang, Jingsen and Chen, Zhiyuan and Tang, Jiakai and Chen, Xu and Lin, Yankai and others},
  journal={Frontiers of Computer Science},
  volume={18},
  number={6},
  pages={186345},
  year={2024},
  publisher={Springer}
}

@article{xi2025rise,
  title={The rise and potential of large language model based agents: A survey},
  author={Xi, Zhiheng and Chen, Wenxiang and Guo, Xin and He, Wei and Ding, Yiwen and Hong, Boyang and Zhang, Ming and Wang, Junzhe and Jin, Senjie and Zhou, Enyu and others},
  journal={Science China Information Sciences},
  volume={68},
  number={2},
  pages={121101},
  year={2025},
  publisher={Springer}
}

@inproceedings{park2023generative,
  title={Generative agents: Interactive simulacra of human behavior},
  author={Park, Joon Sung and O'Brien, Joseph and Cai, Carrie Jun and Morris, Meredith Ringel and Liang, Percy and Bernstein, Michael S},
  booktitle={Proceedings of the 36th annual acm symposium on user interface software and technology},
  pages={1--22},
  year={2023}
}

@article{li2024personal,
  title={Personal llm agents: Insights and survey about the capability, efficiency and security},
  author={Li, Yuanchun and Wen, Hao and Wang, Weijun and Li, Xiangyu and Yuan, Yizhen and Liu, Guohong and Liu, Jiacheng and Xu, Wenxing and Wang, Xiang and Sun, Yi and others},
  journal={arXiv preprint arXiv:2401.05459},
  year={2024}
}

@article{li2024survey,
  title={A survey on LLM-based multi-agent systems: workflow, infrastructure, and challenges},
  author={Li, Xinyi and Wang, Sai and Zeng, Siqi and Wu, Yu and Yang, Yi},
  journal={Vicinagearth},
  volume={1},
  number={1},
  pages={9},
  year={2024},
  publisher={Springer}
}

@inproceedings{
wu2024autogen,
title={AutoGen: Enabling Next-Gen {LLM} Applications via Multi-Agent Conversation},
author={Qingyun Wu and Gagan Bansal and Jieyu Zhang and Yiran Wu and Beibin Li and Erkang Zhu and Li Jiang and Xiaoyun Zhang and Shaokun Zhang and Jiale Liu and Ahmed Hassan Awadallah and Ryen W White and Doug Burger and Chi Wang},
booktitle={ICLR 2024 Workshop on Large Language Model (LLM) Agents},
year={2024},
url={https://openreview.net/forum?id=uAjxFFing2}
}

@article{wei2022chain,
  title={Chain-of-thought prompting elicits reasoning in large language models},
  author={Wei, Jason and Wang, Xuezhi and Schuurmans, Dale and Bosma, Maarten and Xia, Fei and Chi, Ed and Le, Quoc V and Zhou, Denny and others},
  journal={Advances in neural information processing systems},
  volume={35},
  pages={24824--24837},
  year={2022}
}

@article{yao2024tree,
  title={Tree of thoughts: Deliberate problem solving with large language models},
  author={Yao, Shunyu and Yu, Dian and Zhao, Jeffrey and Shafran, Izhak and Griffiths, Tom and Cao, Yuan and Narasimhan, Karthik},
  journal={Advances in Neural Information Processing Systems},
  volume={36},
  year={2024}
}

@inproceedings{wang2023selfconsistency,
  title={Self-Consistency Improves Chain of Thought Reasoning in Language Models},
  author={Xuezhi Wang and Jason Wei and Dale Schuurmans and Quoc V Le and Ed H. Chi and Sharan Narang and Aakanksha Chowdhery and Denny Zhou},
  booktitle={The Eleventh International Conference on Learning Representations },
  year={2023},
  url={https://openreview.net/forum?id=1PL1NIMMrw}
}

@article{li2024generation,
  title={From generation to judgment: Opportunities and challenges of llm-as-a-judge},
  author={Li, Dawei and Jiang, Bohan and Huang, Liangjie and Beigi, Alimohammad and Zhao, Chengshuai and Tan, Zhen and Bhattacharjee, Amrita and Jiang, Yuxuan and Chen, Canyu and Wu, Tianhao and others},
  journal={arXiv preprint arXiv:2411.16594},
  year={2024}
}

@inproceedings{jiang2024catching,
  title={Catching chameleons: Detecting evolving disinformation generated using large language models},
  author={Jiang, Bohan and Zhao, Chengshuai and Tan, Zhen and Liu, Huan},
  booktitle={2024 IEEE 6th International Conference on Cognitive Machine Intelligence (CogMI)},
  pages={197--206},
  year={2024},
  organization={IEEE}
}

@inproceedings{
zhang2024exploring,
title={Exploring Collaboration Mechanisms for {LLM} Agents: A Social Psychology View},
author={Jintian Zhang and Xin Xu and Ningyu Zhang and Ruibo Liu and Bryan Hooi and Shumin Deng},
booktitle={ICLR 2024 Workshop on Large Language Model (LLM) Agents},
year={2024},
url={https://openreview.net/forum?id=7hjIA8xAOD}
}

@book{uhrmacher2018multi,
  title={Multi-Agent systems: Simulation and applications},
  author={Uhrmacher, Adelinde M and Weyns, Danny},
  year={2018},
  publisher={CRC press}
}

@article{wu2022survey,
  title={A survey of human-in-the-loop for machine learning},
  author={Wu, Xingjiao and Xiao, Luwei and Sun, Yixuan and Zhang, Junhang and Ma, Tianlong and He, Liang},
  journal={Future Generation Computer Systems},
  volume={135},
  pages={364--381},
  year={2022},
  publisher={Elsevier}
}

@article{zanzotto2019human,
  title={Human-in-the-loop artificial intelligence},
  author={Zanzotto, Fabio Massimo},
  journal={Journal of Artificial Intelligence Research},
  volume={64},
  pages={243--252},
  year={2019}
}

@article{dautenhahn1998art,
  title={The art of designing socially intelligent agents: Science, fiction, and the human in the loop},
  author={Dautenhahn, Kerstin},
  journal={Applied artificial intelligence},
  volume={12},
  number={7-8},
  pages={573--617},
  year={1998},
  publisher={Taylor \& Francis}
}