@article{achiam2023gpt,
  title={Gpt-4 technical report},
  author={Achiam, Josh and Adler, Steven and Agarwal, Sandhini and Ahmad, Lama and Akkaya, Ilge and Aleman, Florencia Leoni and Almeida, Diogo and Altenschmidt, Janko and Altman, Sam and Anadkat, Shyamal and others},
  journal={arXiv preprint arXiv:2303.08774},
  year={2023}
}

@article{arambepola2021human,
  title={Human in the loop design for intelligent interactive systems: A systematic review},
  author={Arambepola, N and Munasinghe, L},
  year={2021},
  journal={Faculty of Science, University of Kelaniya, Sri Lanka.}
}

@article{chen2018dynamic,
  title={Dynamic pricing strategies for perishable product in a competitive multi-agent retailers market},
  author={Chen, Wenchong and Liu, Hongwei and Xu, Dan},
  journal={Journal of Artificial Societies and Social Simulation},
  volume={21},
  number={2},
  year={2018},
  publisher={JASSS}
}

@article{chen2021application,
  title={Application of machine learning techniques to an agent-based model of pantoea},
  author={Chen, Serena H and Londo{\~n}o-Larrea, Pablo and McGough, Andrew Stephen and Bible, Amber N and Gunaratne, Chathika and Araujo-Granda, Pablo A and Morrell-Falvey, Jennifer L and Bhowmik, Debsindhu and Fuentes-Cabrera, Miguel},
  journal={Frontiers in Microbiology},
  volume={12},
  pages={726409},
  year={2021},
  publisher={Frontiers Media SA}
}

@article{chmura2007extended,
  title={An extended reinforcement algorithm for estimation of human behaviour in experimental congestion games},
  author={Chmura, Thorsten and Pitz, Thomas},
  journal={Journal of Artificial Societies and Social Simulation},
  volume={10},
  number={2},
  pages={1--20},
  year={2007},
  publisher={Department of Sociology, University of Surrey}
}

@book{cialdini2007influence,
  title={Influence: The psychology of persuasion},
  author={Cialdini, Robert B and Cialdini, Robert B},
  volume={55},
  year={2007},
  publisher={Collins New York}
}

@inproceedings{conover2011political,
  title={Political polarization on twitter},
  author={Conover, Michael and Ratkiewicz, Jacob and Francisco, Matthew and Gon{\c{c}}alves, Bruno and Menczer, Filippo and Flammini, Alessandro},
  booktitle={Proceedings of the international aaai conference on web and social media},
  volume={5},
  pages={89--96},
  year={2011}
}

@article{dautenhahn1998art,
  title={The art of designing socially intelligent agents: Science, fiction, and the human in the loop},
  author={Dautenhahn, Kerstin},
  journal={Applied artificial intelligence},
  volume={12},
  number={7-8},
  pages={573--617},
  year={1998},
  publisher={Taylor \& Francis}
}

@article{dehkordi2023using,
  title={Using machine learning for agent specifications in agent-based models and simulations: A critical review and guidelines},
  author={Dehkordi, M Ale Ebrahim and Lechner, JM and Ghorbani, Amineh and Nikolic, Igor and Chappin, EJL and Herder, Paulien M},
  journal={Journal of Artificial Societies and Social Simulation},
  volume={26},
  number={1},
  pages={9},
  year={2023},
  publisher={University of Surrey}
}

@article{eloundou2023gpts,
  title={Gpts are gpts: An early look at the labor market impact potential of large language models},
  author={Eloundou, Tyna and Manning, Sam and Mishkin, Pamela and Rock, Daniel},
  journal={arXiv preprint arXiv:2303.10130},
  year={2023}
}

@article{french1959bases,
  title={The bases of social power},
  author={French, John RP},
  journal={Studies in social power/University of Michigan Press},
  year={1959}
}

@article{ghai2022d,
  title={D-BIAS: A causality-based human-in-the-loop system for tackling algorithmic bias},
  author={Ghai, Bhavya and Mueller, Klaus},
  journal={IEEE Transactions on Visualization and Computer Graphics},
  volume={29},
  number={1},
  pages={473--482},
  year={2022},
  publisher={IEEE}
}

@article{gheyle2017content,
  title={Content Analysis: a short overview},
  author={Gheyle, Niels and Jacobs, Thomas},
  journal={Internal research note},
  volume={10},
  year={2017}
}

@inproceedings{goodsell2013interpretive,
  title={The interpretive tradition in social science},
  author={Goodsell, Todd L},
  booktitle={Annual Conference of the National Council on Family Relations, San Antonio, TX},
  pages={2017--01},
  year={2013}
}

@article{gurcan2024llm,
  title={LLM-Augmented Agent-Based Modelling for Social Simulations: Challenges and Opportunities},
  author={G{\"u}rcan, {\"O}nder},
  journal={HHAI 2024: Hybrid Human AI Systems for the Social Good},
  pages={134--144},
  year={2024},
  publisher={IOS Press}
}

@article{holsti1969content,
  title={Content analysis for the social sciences and humanities},
  author={Holsti, Ole R},
  journal={Reading. MA: Addison-Wesley (content analysis)},
  year={1969}
}

@article{hopkins2010method,
  title={A method of automated nonparametric content analysis for social science},
  author={Hopkins, Daniel J and King, Gary},
  journal={American Journal of Political Science},
  volume={54},
  number={1},
  pages={229--247},
  year={2010},
  publisher={Wiley Online Library}
}

@article{jolfaei2022guest,
  title={Guest editorial: Computational intelligence for human-in-the-loop cyber physical systems},
  author={Jolfaei, Alireza and Usman, Muhammad and Roveri, Manuel and Sheng, Michael and Palaniswami, Marimuthu and Kant, Krishna},
  journal={IEEE Transactions on Emerging Topics in Computational Intelligence},
  volume={6},
  number={1},
  pages={2--5},
  year={2022},
  publisher={IEEE}
}

@article{kramer2014experimental,
  title={Experimental evidence of massive-scale emotional contagion through social networks},
  author={Kramer, Adam DI and Guillory, Jamie E and Hancock, Jeffrey T},
  journal={Proceedings of the National Academy of Sciences},
  volume={111},
  number={24},
  pages={8788--8790},
  year={2014},
  publisher={National Acad Sciences}
}

@book{krippendorff2018content,
  title={Content analysis: An introduction to its methodology},
  author={Krippendorff, Klaus},
  year={2018},
  publisher={Sage publications}
}

@article{lee2018generating,
  title={Generating synthetic bitcoin transactions and predicting market price movement via inverse reinforcement learning and agent-based modeling},
  author={Lee, Kamwoo and Ulkuatam, Sinan and Beling, Peter and Scherer, William},
  journal={Journal of Artificial Societies and Social Simulation},
  volume={21},
  number={3},
  year={2018},
  publisher={JASSS}
}

@article{li2024generation,
  title={From generation to judgment: Opportunities and challenges of llm-as-a-judge},
  author={Li, Dawei and Jiang, Bohan and Huang, Liangjie and Beigi, Alimohammad and Zhao, Chengshuai and Tan, Zhen and Bhattacharjee, Amrita and Jiang, Yuxuan and Chen, Canyu and Wu, Tianhao and others},
  journal={arXiv preprint arXiv:2411.16594},
  year={2024}
}

@article{macal2016everything,
  title={Everything you need to know about agent-based modelling and simulation},
  author={Macal, Charles M},
  journal={Journal of Simulation},
  volume={10},
  number={2},
  pages={144--156},
  year={2016},
  publisher={Taylor \& Francis}
}

@article{mosqueira2023human,
  title={Human-in-the-loop machine learning: a state of the art},
  author={Mosqueira-Rey, Eduardo and Hern{\'a}ndez-Pereira, Elena and Alonso-R{\'\i}os, David and Bobes-Bascar{\'a}n, Jos{\'e} and Fern{\'a}ndez-Leal, {\'A}ngel},
  journal={Artificial Intelligence Review},
  volume={56},
  number={4},
  pages={3005--3054},
  year={2023},
  publisher={Springer}
}

@book{neuendorf2017content,
  title={The content analysis guidebook},
  author={Neuendorf, Kimberly A},
  year={2017},
  publisher={sage}
}

@phdthesis{renner2020designing,
  title={Designing for the human in the loop: Transparency and control in interactive machine learning},
  author={Renner, Alison},
  year={2020},
  school={University of Maryland, College Park}
}

@book{riffe2023analyzing,
  title={Analyzing media messages: Using quantitative content analysis in research},
  author={Riffe, Daniel and Lacy, Stephen and Watson, Brendan R and Lovejoy, Jennette},
  year={2023},
  publisher={Routledge}
}

@inproceedings{shoshitaishvili2017rise,
  title={Rise of the hacrs: Augmenting autonomous cyber reasoning systems with human assistance},
  author={Shoshitaishvili, Yan and Weissbacher, Michael and Dresel, Lukas and Salls, Christopher and Wang, Ruoyu and Kruegel, Christopher and Vigna, Giovanni},
  booktitle={Proceedings of the 2017 ACM SIGSAC Conference on Computer and Communications Security},
  pages={347--362},
  year={2017}
}

@book{suchman1987plans,
  title={Plans and situated actions: The problem of human-machine communication},
  author={Suchman, Lucille Alice},
  year={1987},
  publisher={Cambridge university press}
}
}

@article{sundar2020rise,
  title={Rise of machine agency: A framework for studying the psychology of human--AI interaction (HAII)},
  author={Sundar, S Shyam},
  journal={Journal of Computer-Mediated Communication},
  volume={25},
  number={1},
  pages={74--88},
  year={2020},
  publisher={Oxford University Press}
}

@article{turgut2023framework,
  title={A framework proposal for machine learning-driven agent-based models through a case study analysis},
  author={Turgut, Yakup and Bozdag, Cafer Erhan},
  journal={Simulation Modelling Practice and Theory},
  volume={123},
  pages={102707},
  year={2023},
  publisher={Elsevier}
}

@book{uhrmacher2018multi,
  title={Multi-Agent systems: Simulation and applications},
  author={Uhrmacher, Adelinde M and Weyns, Danny},
  year={2018},
  publisher={CRC press}
}

@article{van2008multi,
  title={Multi-agent systems},
  author={Van der Hoek, Wiebe and Wooldridge, Michael},
  journal={Foundations of Artificial Intelligence},
  volume={3},
  pages={887--928},
  year={2008},
  publisher={Elsevier}
}

@article{wu2022survey,
  title={A survey of human-in-the-loop for machine learning},
  author={Wu, Xingjiao and Xiao, Luwei and Sun, Yixuan and Zhang, Junhang and Ma, Tianlong and He, Liang},
  journal={Future Generation Computer Systems},
  volume={135},
  pages={364--381},
  year={2022},
  publisher={Elsevier}
}

@article{xu2023transitioning,
  title={Transitioning to human interaction with AI systems: New challenges and opportunities for HCI professionals to enable human-centered AI},
  author={Xu, Wei and Dainoff, Marvin J and Ge, Liezhong and Gao, Zaifeng},
  journal={International Journal of Human--Computer Interaction},
  volume={39},
  number={3},
  pages={494--518},
  year={2023},
  publisher={Taylor \& Francis}
}

@article{zanzotto2019human,
  title={Human-in-the-loop artificial intelligence},
  author={Zanzotto, Fabio Massimo},
  journal={Journal of Artificial Intelligence Research},
  volume={64},
  pages={243--252},
  year={2019}
}

@article{zhao2024automated,
  title={Automated measures of sentiment via transformer-and lexicon-based sentiment analysis (TLSA)},
  author={Zhao, Xinyan and Wong, Chau-Wai},
  journal={Journal of Computational Social Science},
  volume={7},
  number={1},
  pages={145--170},
  year={2024},
  publisher={Springer}
}

