@misc{2501.14654,
Author = {Yixing Jiang and Kameron C. Black and Gloria Geng and Danny Park and Andrew Y. Ng and Jonathan H. Chen},
Title = {MedAgentBench: Dataset for Benchmarking LLMs as Agents in Medical Applications},
Year = {2025},
Eprint = {arXiv:2501.14654},
}

@article{jaech2024openai,
  title={Openai o1 system card},
  author={Jaech, Aaron and Kalai, Adam and Lerer, Adam and Richardson, Adam and El-Kishky, Ahmed and Low, Aiden and Helyar, Alec and Madry, Aleksander and Beutel, Alex and Carney, Alex and others},
  journal={arXiv preprint arXiv:2412.16720},
  year={2024}
}

@article{jimenez2023swe,
  title={Swe-bench: Can language models resolve real-world github issues?},
  author={Jimenez, Carlos E and Yang, John and Wettig, Alexander and Yao, Shunyu and Pei, Kexin and Press, Ofir and Narasimhan, Karthik},
  journal={arXiv preprint arXiv:2310.06770},
  year={2023}
}

@inproceedings{kim2024mdagents,
  title={Mdagents: An adaptive collaboration of llms for medical decision-making},
  author={Kim, Yubin and Park, Chanwoo and Jeong, Hyewon and Chan, Yik Siu and Xu, Xuhai and McDuff, Daniel and Lee, Hyeonhoon and Ghassemi, Marzyeh and Breazeal, Cynthia and Park, Hae Won},
  booktitle={The Thirty-eighth Annual Conference on Neural Information Processing Systems},
  year={2024}
}

@article{li2024mmedagent,
  title={Mmedagent: Learning to use medical tools with multi-modal agent},
  author={Li, Binxu and Yan, Tiankai and Pan, Yuanting and Luo, Jie and Ji, Ruiyang and Ding, Jiayuan and Xu, Zhe and Liu, Shilong and Dong, Haoyu and Lin, Zihao and others},
  journal={arXiv preprint arXiv:2407.02483},
  year={2024}
}

@article{liu2023agentbench,
  title={Agentbench: Evaluating llms as agents},
  author={Liu, Xiao and Yu, Hao and Zhang, Hanchen and Xu, Yifan and Lei, Xuanyu and Lai, Hanyu and Gu, Yu and Ding, Hangliang and Men, Kaiwen and Yang, Kejuan and others},
  journal={arXiv preprint arXiv:2308.03688},
  year={2023}
}

@article{masterman2024landscape,
  title={The landscape of emerging ai agent architectures for reasoning, planning, and tool calling: A survey},
  author={Masterman, Tula and Besen, Sandi and Sawtell, Mason and Chao, Alex},
  journal={arXiv preprint arXiv:2404.11584},
  year={2024}
}

@article{xi2025rise,
  title={The rise and potential of large language model based agents: A survey},
  author={Xi, Zhiheng and Chen, Wenxiang and Guo, Xin and He, Wei and Ding, Yiwen and Hong, Boyang and Zhang, Ming and Wang, Junzhe and Jin, Senjie and Zhou, Enyu and others},
  journal={Science China Information Sciences},
  volume={68},
  number={2},
  pages={121101},
  year={2025},
  publisher={Springer}
}

@article{yin2024mmau,
  title={Mmau: A holistic benchmark of agent capabilities across diverse domains},
  author={Yin, Guoli and Bai, Haoping and Ma, Shuang and Nan, Feng and Sun, Yanchao and Xu, Zhaoyang and Ma, Shen and Lu, Jiarui and Kong, Xiang and Zhang, Aonan and others},
  journal={arXiv preprint arXiv:2407.18961},
  year={2024}
}

@article{zhao2023depth,
  title={An in-depth survey of large language model-based artificial intelligence agents},
  author={Zhao, Pengyu and Jin, Zijian and Cheng, Ning},
  journal={arXiv preprint arXiv:2309.14365},
  year={2023}
}

