@book{unscear2022,
  title        = {Sources, Effects and Risks of Ionizing Radiation: UNSCEAR 2020/2021 Report, Volume I},
  author       = {{United Nations Scientific Committee on the Effects of Atomic Radiation}},
  year         = 2022,
  publisher    = {United Nations},
  address      = {New York},
  isbn         = {978-92-1-139206-7},
  url          = {https://www.unscear.org/unscear/publications/2020_2021_1.html}
}

@article{bahl2020interpretation,
  title={Interpretation and documentation of chest X-rays in the acute medical unit},
  author={Bahl, Saurabh and Ramzan, Tahir and Maraj, Randy},
  journal={Clinical Medicine},
  volume={20},
  number={2},
  pages={s73},
  year={2020},
  publisher={Elsevier}
}

@article{shin2023impact,
  title={The impact of artificial intelligence on the reading times of radiologists for chest radiographs},
  author={Shin, Hyun Joo and Han, Kyunghwa and Ryu, Leeha and Kim, Eun-Kyung},
  journal={NPJ Digital Medicine},
  volume={6},
  number={1},
  pages={82},
  year={2023},
  publisher={Nature Publishing Group UK London}
}

@article{nori2023capabilities,
  title={Capabilities of gpt-4 on medical challenge problems},
  author={Nori, Harsha and King, Nicholas and McKinney, Scott Mayer and Carignan, Dean and Horvitz, Eric},
  journal={arXiv preprint arXiv:2303.13375},
  year={2023}
}

@misc{eriksen2024use,
  title={Use of GPT-4 to diagnose complex clinical cases},
  author={Eriksen, Alexander V and M{\"o}ller, S{\"o}ren and Ryg, Jesper},
  journal={NEJM AI},
  volume={1},
  number={1},
  pages={AIp2300031},
  year={2024},
  publisher={Massachusetts Medical Society}
}

@article{javan2024gpt,
  title={GPT-4 Vision: Multi-Modal Evolution of ChatGPT and Potential Role in Radiology},
  author={Javan, Ramin and Kim, Theodore and Mostaghni, Navid},
  journal={Cureus},
  volume={16},
  number={8},
  pages={e68298},
  year={2024}
}

@article{yan2023multimodal,
  title={Multimodal ChatGPT for medical applications: an experimental study of GPT-4V},
  author={Yan, Zhiling and Zhang, Kai and Zhou, Rong and He, Lifang and Li, Xiang and Sun, Lichao},
  journal={arXiv preprint arXiv:2310.19061},
  year={2023}
}

@article{li2024llava,
  title={Llava-med: Training a large language-and-vision assistant for biomedicine in one day},
  author={Li, Chunyuan and Wong, Cliff and Zhang, Sheng and Usuyama, Naoto and Liu, Haotian and Yang, Jianwei and Naumann, Tristan and Poon, Hoifung and Gao, Jianfeng},
  journal={Advances in Neural Information Processing Systems},
  volume={36},
  year={2024}
}

@article{chen2024chexagent,
  title={Chexagent: Towards a foundation model for chest x-ray interpretation},
  author={Chen, Zhihong and Varma, Maya and Delbrouck, Jean-Benoit and Paschali, Magdalini and Blankemeier, Louis and Van Veen, Dave and Valanarasu, Jeya Maria Jose and Youssef, Alaa and Cohen, Joseph Paul and Reis, Eduardo Pontes and others},
  journal={arXiv preprint arXiv:2401.12208},
  year={2024}
}

@article{li2024mmedagent,
  title={Mmedagent: Learning to use medical tools with multi-modal agent},
  author={Li, Binxu and Yan, Tiankai and Pan, Yuanting and Luo, Jie and Ji, Ruiyang and Ding, Jiayuan and Xu, Zhe and Liu, Shilong and Dong, Haoyu and Lin, Zihao and others},
  journal={arXiv preprint arXiv:2407.02483},
  year={2024}
}

@inproceedings{kim2024mdagents,
  title={Mdagents: An adaptive collaboration of llms for medical decision-making},
  author={Kim, Yubin and Park, Chanwoo and Jeong, Hyewon and Chan, Yik Siu and Xu, Xuhai and McDuff, Daniel and Lee, Hyeonhoon and Ghassemi, Marzyeh and Breazeal, Cynthia and Park, Hae Won},
  booktitle={The Thirty-eighth Annual Conference on Neural Information Processing Systems},
  year={2024}
}

@article{yang2017chexnet,
  title={CheXNet: radiologist-level pneumonia detection on chest x-rays with deep learning},
  author={Yang, H Mehta and Duan, T and Ding, D and Bagul, A and Langlotz, C and Shpanskaya, K and others},
  journal={arXiv preprint arXiv:1711.05225},
  year={2017}
}

@article{huang2023generative,
  title={Generative artificial intelligence for chest radiograph interpretation in the emergency department},
  author={Huang, Jonathan and Neill, Luke and Wittbrodt, Matthew and Melnick, David and Klug, Matthew and Thompson, Michael and Bailitz, John and Loftus, Timothy and Malik, Sanjeev and Phull, Amit and others},
  journal={JAMA network open},
  volume={6},
  number={10},
  pages={e2336100--e2336100},
  year={2023},
  publisher={American Medical Association}
}


@article{tanno2024collaboration,
  title={Collaboration between clinicians and vision--language models in radiology report generation},
  author={Tanno, Ryutaro and Barrett, David GT and Sellergren, Andrew and Ghaisas, Sumedh and Dathathri, Sumanth and See, Abigail and Welbl, Johannes and Lau, Charles and Tu, Tao and Azizi, Shekoofeh and others},
  journal={Nature Medicine},
  pages={1--10},
  year={2024},
  publisher={Nature Publishing Group US New York}
}

@article{ouis2024chestbiox,
  title={ChestBioX-Gen: contextual biomedical report generation from chest X-ray images using BioGPT and co-attention mechanism},
  author={Ouis, Mohammed Yasser and Akhloufi, Moulay A},
  journal={Frontiers in Imaging},
  volume={3},
  pages={1373420},
  year={2024},
  publisher={Frontiers Media SA}
}

@article{sharma2024cxr,
  title={CXR-Agent: Vision-language models for chest X-ray interpretation with uncertainty aware radiology reporting},
  author={Sharma, Naman},
  journal={arXiv preprint arXiv:2407.08811},
  year={2024}
}

@article{ahn2022association,
  title={Association of artificial intelligence--aided chest radiograph interpretation with reader performance and efficiency},
  author={Ahn, Jong Seok and Ebrahimian, Shadi and McDermott, Shaunagh and Lee, Sanghyup and Naccarato, Laura and Di Capua, John F and Wu, Markus Y and Zhang, Eric W and Muse, Victorine and Miller, Benjamin and others},
  journal={JAMA Network Open},
  volume={5},
  number={8},
  pages={e2229289--e2229289},
  year={2022},
  publisher={American Medical Association}
}

@article{pham2022accurate,
  title={An accurate and explainable deep learning system improves interobserver agreement in the interpretation of chest radiograph},
  author={Pham, Hieu H and Nguyen, Ha Q and Nguyen, Hieu T and Le, Linh T and Khanh, Lam},
  journal={IEEE Access},
  volume={10},
  pages={104512--104531},
  year={2022},
  publisher={IEEE}
}

@article{baltruschat2021smart,
  title={Smart chest X-ray worklist prioritization using artificial intelligence: a clinical workflow simulation},
  author={Baltruschat, Ivo and Steinmeister, Leonhard and Nickisch, Hannes and Saalbach, Axel and Grass, Michael and Adam, Gerhard and Knopp, Tobias and Ittrich, Harald},
  journal={European radiology},
  volume={31},
  pages={3837--3845},
  year={2021},
  publisher={Springer}
}

### PRIOR WORK ###


@article{xi2025rise,
  title={The rise and potential of large language model based agents: A survey},
  author={Xi, Zhiheng and Chen, Wenxiang and Guo, Xin and He, Wei and Ding, Yiwen and Hong, Boyang and Zhang, Ming and Wang, Junzhe and Jin, Senjie and Zhou, Enyu and others},
  journal={Science China Information Sciences},
  volume={68},
  number={2},
  pages={121101},
  year={2025},
  publisher={Springer}
}

@article{zhao2023depth,
  title={An in-depth survey of large language model-based artificial intelligence agents},
  author={Zhao, Pengyu and Jin, Zijian and Cheng, Ning},
  journal={arXiv preprint arXiv:2309.14365},
  year={2023}
}

@article{masterman2024landscape,
  title={The landscape of emerging ai agent architectures for reasoning, planning, and tool calling: A survey},
  author={Masterman, Tula and Besen, Sandi and Sawtell, Mason and Chao, Alex},
  journal={arXiv preprint arXiv:2404.11584},
  year={2024}
}

@article{wu2023autogen,
  title={Autogen: Enabling next-gen llm applications via multi-agent conversation framework},
  author={Wu, Qingyun and Bansal, Gagan and Zhang, Jieyu and Wu, Yiran and Zhang, Shaokun and Zhu, Erkang and Li, Beibin and Jiang, Li and Zhang, Xiaoyun and Wang, Chi},
  journal={arXiv preprint arXiv:2308.08155},
  year={2023}
}

@article{liu2023agentbench,
  title={Agentbench: Evaluating llms as agents},
  author={Liu, Xiao and Yu, Hao and Zhang, Hanchen and Xu, Yifan and Lei, Xuanyu and Lai, Hanyu and Gu, Yu and Ding, Hangliang and Men, Kaiwen and Yang, Kejuan and others},
  journal={arXiv preprint arXiv:2308.03688},
  year={2023}
}

@article{yin2024mmau,
  title={Mmau: A holistic benchmark of agent capabilities across diverse domains},
  author={Yin, Guoli and Bai, Haoping and Ma, Shuang and Nan, Feng and Sun, Yanchao and Xu, Zhaoyang and Ma, Shen and Lu, Jiarui and Kong, Xiang and Zhang, Aonan and others},
  journal={arXiv preprint arXiv:2407.18961},
  year={2024}
}

@article{jimenez2023swe,
  title={Swe-bench: Can language models resolve real-world github issues?},
  author={Jimenez, Carlos E and Yang, John and Wettig, Alexander and Yao, Shunyu and Pei, Kexin and Press, Ofir and Narasimhan, Karthik},
  journal={arXiv preprint arXiv:2310.06770},
  year={2023}
}


@misc{2501.14654,
Author = {Yixing Jiang and Kameron C. Black and Gloria Geng and Danny Park and Andrew Y. Ng and Jonathan H. Chen},
Title = {MedAgentBench: Dataset for Benchmarking LLMs as Agents in Medical Applications},
Year = {2025},
Eprint = {arXiv:2501.14654},
}

@article{xu2024towards,
  title={Towards next-generation medical agent: How o1 is reshaping decision-making in medical scenarios},
  author={Xu, Shaochen and Zhou, Yifan and Liu, Zhengliang and Wu, Zihao and Zhong, Tianyang and Zhao, Huaqin and Li, Yiwei and Jiang, Hanqi and Pan, Yi and Chen, Junhao and others},
  journal={arXiv preprint arXiv:2411.14461},
  year={2024}
}

@article{erdal2023integration,
  title={Integration and Implementation Strategies for AI Algorithm Deployment with Smart Routing Rules and Workflow Management},
  author={Erdal, Barbaros Selnur and Gupta, Vikash and Demirer, Mutlu and Fair, Kim H and White, Richard D and Blair, Jeff and Deichert, Barbara and Lafleur, Laurie and Qin, Ming Melvin and Bericat, David and others},
  journal={arXiv preprint arXiv:2311.10840},
  year={2023}
}

@article{achiam2023gpt,
  title={Gpt-4 technical report},
  author={Achiam, Josh and Adler, Steven and Agarwal, Sandhini and Ahmad, Lama and Akkaya, Ilge and Aleman, Florencia Leoni and Almeida, Diogo and Altenschmidt, Janko and Altman, Sam and Anadkat, Shyamal and others},
  journal={arXiv preprint arXiv:2303.08774},
  year={2023}
}

@article{jaech2024openai,
  title={Openai o1 system card},
  author={Jaech, Aaron and Kalai, Adam and Lerer, Adam and Richardson, Adam and El-Kishky, Ahmed and Low, Aiden and Helyar, Alec and Madry, Aleksander and Beutel, Alex and Carney, Alex and others},
  journal={arXiv preprint arXiv:2412.16720},
  year={2024}
}

### OTHER ####

@misc{sam,
      title={Segment Anything}, 
      author={Alexander Kirillov and Eric Mintun and Nikhila Ravi and Hanzi Mao and Chloe Rolland and Laura Gustafson and Tete Xiao and Spencer Whitehead and Alexander C. Berg and Wan-Yen Lo and Piotr Dollár and Ross Girshick},
      year={2023},
      eprint={2304.02643},
      archivePrefix={arXiv},
      primaryClass={cs.CV},
      url={https://arxiv.org/abs/2304.02643}, 
}

@article{medsam,
   title={Segment anything in medical images},
   volume={15},
   ISSN={2041-1723},
   url={http://dx.doi.org/10.1038/s41467-024-44824-z},
   DOI={10.1038/s41467-024-44824-z},
   number={1},
   journal={Nature Communications},
   publisher={Springer Science and Business Media LLC},
   author={Ma, Jun and He, Yuting and Li, Feifei and Han, Lin and You, Chenyu and Wang, Bo},
   year={2024},
   month=jan }

@misc{chexagent,
      title={A Vision-Language Foundation Model to Enhance Efficiency of Chest X-ray Interpretation}, 
      author={Zhihong Chen and Maya Varma and Justin Xu and Magdalini Paschali and Dave Van Veen and Andrew Johnston and Alaa Youssef and Louis Blankemeier and Christian Bluethgen and Stephan Altmayer and Jeya Maria Jose Valanarasu and Mohamed Siddig Eltayeb Muneer and Eduardo Pontes Reis and Joseph Paul Cohen and Cameron Olsen and Tanishq Mathew Abraham and Emily B. Tsai and Christopher F. Beaulieu and Jenia Jitsev and Sergios Gatidis and Jean-Benoit Delbrouck and Akshay S. Chaudhari and Curtis P. Langlotz},
      year={2024},
      eprint={2401.12208},
      archivePrefix={arXiv},
      primaryClass={cs.CV},
      url={https://arxiv.org/abs/2401.12208}, 
}

@misc{maira2,
      title={MAIRA-2: Grounded Radiology Report Generation}, 
      author={Shruthi Bannur and Kenza Bouzid and Daniel C. Castro and Anton Schwaighofer and Anja Thieme and Sam Bond-Taylor and Maximilian Ilse and Fernando Pérez-García and Valentina Salvatelli and Harshita Sharma and Felix Meissen and Mercy Ranjit and Shaury Srivastav and Julia Gong and Noel C. F. Codella and Fabian Falck and Ozan Oktay and Matthew P. Lungren and Maria Teodora Wetscherek and Javier Alvarez-Valle and Stephanie L. Hyland},
      year={2024},
      eprint={2406.04449},
      archivePrefix={arXiv},
      primaryClass={cs.CL},
      url={https://arxiv.org/abs/2406.04449}, 
}

@misc{chexpert,
      title={CheXpert: A Large Chest Radiograph Dataset with Uncertainty Labels and Expert Comparison}, 
      author={Jeremy Irvin and Pranav Rajpurkar and Michael Ko and Yifan Yu and Silviana Ciurea-Ilcus and Chris Chute and Henrik Marklund and Behzad Haghgoo and Robyn Ball and Katie Shpanskaya and Jayne Seekins and David A. Mong and Safwan S. Halabi and Jesse K. Sandberg and Ricky Jones and David B. Larson and Curtis P. Langlotz and Bhavik N. Patel and Matthew P. Lungren and Andrew Y. Ng},
      year={2019},
      eprint={1901.07031},
      archivePrefix={arXiv},
      primaryClass={cs.CV},
      url={https://arxiv.org/abs/1901.07031}, 
}

@misc{chexpert-plus,
      title={CheXpert Plus: Augmenting a Large Chest X-ray Dataset with Text Radiology Reports, Patient Demographics and Additional Image Formats}, 
      author={Pierre Chambon and Jean-Benoit Delbrouck and Thomas Sounack and Shih-Cheng Huang and Zhihong Chen and Maya Varma and Steven QH Truong and Chu The Chuong and Curtis P. Langlotz},
      year={2024},
      eprint={2405.19538},
      archivePrefix={arXiv},
      primaryClass={cs.CL},
      url={https://arxiv.org/abs/2405.19538}, 
}

@misc{roentgen,
      title={RoentGen: Vision-Language Foundation Model for Chest X-ray Generation}, 
      author={Pierre Chambon and Christian Bluethgen and Jean-Benoit Delbrouck and Rogier Van der Sluijs and Małgorzata Połacin and Juan Manuel Zambrano Chaves and Tanishq Mathew Abraham and Shivanshu Purohit and Curtis P. Langlotz and Akshay Chaudhari},
      year={2022},
      eprint={2211.12737},
      archivePrefix={arXiv},
      primaryClass={cs.CV},
      url={https://arxiv.org/abs/2211.12737}, 
}

@inproceedings{torchxrayvision1,
title = {{TorchXRayVision: A library of chest X-ray datasets and models}},
author = {Cohen, Joseph Paul and Viviano, Joseph D. and Bertin, Paul and Morrison, Paul and Torabian, Parsa and Guarrera, Matteo and Lungren, Matthew P and Chaudhari, Akshay and Brooks, Rupert and Hashir, Mohammad and Bertrand, Hadrien},
booktitle = {Medical Imaging with Deep Learning},
url = {https://github.com/mlmed/torchxrayvision},
arxivId = {2111.00595},
year = {2022}
}

@inproceedings{torchxrayvision2,
  title={On the limits of cross-domain generalization in automated X-ray prediction},
  author={Cohen, Joseph Paul and Hashir, Mohammad and Brooks, Rupert and Bertrand, Hadrien},
  booktitle={Medical Imaging with Deep Learning},
  year={2020},
  url={https://arxiv.org/abs/2002.02497}
}

@misc{react,
      title={ReAct: Synergizing Reasoning and Acting in Language Models}, 
      author={Shunyu Yao and Jeffrey Zhao and Dian Yu and Nan Du and Izhak Shafran and Karthik Narasimhan and Yuan Cao},
      year={2023},
      eprint={2210.03629},
      archivePrefix={arXiv},
      primaryClass={cs.CL},
      url={https://arxiv.org/abs/2210.03629}, 
}

@article{ChestX-Det,
            title = {{A Structure-Aware Relation Network for Thoracic Diseases Detection and Segmentation}},
            author = {Lian, Jie and Liu, Jingyu and Zhang, Shu and Gao, Kai and Liu, Xiaoqing and Zhang, Dingwen and Yu, Yizhou},
            doi = {10.48550/arxiv.2104.10326},
            journal = {IEEE Transactions on Medical Imaging},
            url = {https://arxiv.org/abs/2104.10326},
            year = {2021}
        }

@misc{pspnet,
      title={Pyramid Scene Parsing Network}, 
      author={Hengshuang Zhao and Jianping Shi and Xiaojuan Qi and Xiaogang Wang and Jiaya Jia},
      year={2017},
      eprint={1612.01105},
      archivePrefix={arXiv},
      primaryClass={cs.CV},
      url={https://arxiv.org/abs/1612.01105}, 
}


# DISCUSSION

@article{guo2025deepseek,
  title={DeepSeek-R1: Incentivizing Reasoning Capability in LLMs via Reinforcement Learning},
  author={Guo, Daya and Yang, Dejian and Zhang, Haowei and Song, Junxiao and Zhang, Ruoyu and Xu, Runxin and Zhu, Qihao and Ma, Shirong and Wang, Peiyi and Bi, Xiao and others},
  journal={arXiv preprint arXiv:2501.12948},
  year={2025}
}

@misc{bansal2024medmaxmixedmodalinstructiontuning,
      title={MedMax: Mixed-Modal Instruction Tuning for Training Biomedical Assistants}, 
      author={Hritik Bansal and Daniel Israel and Siyan Zhao and Shufan Li and Tung Nguyen and Aditya Grover},
      year={2024},
      eprint={2412.12661},
      archivePrefix={arXiv},
      primaryClass={cs.AI},
      url={https://arxiv.org/abs/2412.12661}, 
}

@misc{erdal2023integrationimplementationstrategiesai,
      title={Integration and Implementation Strategies for AI Algorithm Deployment with Smart Routing Rules and Workflow Management}, 
      author={Barbaros Selnur Erdal and Vikash Gupta and Mutlu Demirer and Kim H. Fair and Richard D. White and Jeff Blair and Barbara Deichert and Laurie Lafleur and Ming Melvin Qin and David Bericat and Brad Genereaux},
      year={2023},
      eprint={2311.10840},
      archivePrefix={arXiv},
      primaryClass={cs.AI},
      url={https://arxiv.org/abs/2311.10840}, 
}

@misc{pellegrini2023radrestructnovelvqabenchmark,
      title={Rad-ReStruct: A Novel VQA Benchmark and Method for Structured Radiology Reporting}, 
      author={Chantal Pellegrini and Matthias Keicher and Ege Özsoy and Nassir Navab},
      year={2023},
      eprint={2307.05766},
      archivePrefix={arXiv},
      primaryClass={cs.CV},
      url={https://arxiv.org/abs/2307.05766}, 
}

@misc{liu2021slakesemanticallylabeledknowledgeenhanceddataset,
      title={SLAKE: A Semantically-Labeled Knowledge-Enhanced Dataset for Medical Visual Question Answering}, 
      author={Bo Liu and Li-Ming Zhan and Li Xu and Lin Ma and Yan Yang and Xiao-Ming Wu},
      year={2021},
      eprint={2102.09542},
      archivePrefix={arXiv},
      primaryClass={cs.CV},
      url={https://arxiv.org/abs/2102.09542}, 
}

@misc{fallahpour2024ehrmambageneralizablescalablefoundation,
      title={EHRMamba: Towards Generalizable and Scalable Foundation Models for Electronic Health Records}, 
      author={Adibvafa Fallahpour and Mahshid Alinoori and Wenqian Ye and Xu Cao and Arash Afkanpour and Amrit Krishnan},
      year={2024},
      eprint={2405.14567},
      archivePrefix={arXiv},
      primaryClass={cs.LG},
      url={https://arxiv.org/abs/2405.14567}, 
}