@article{argyle1978non,
  title={Non-verbal communication and mental disorder1},
  author={Argyle, Michael},
  journal={Psychological Medicine},
  volume={8},
  number={4},
  pages={551--554},
  year={1978},
  publisher={Cambridge University Press}
}

@article{asher2020out,
  title={Out of sync: nonverbal synchrony in social anxiety disorder},
  author={Asher, Maya and Kauffmann, Amitay and Aderka, Idan M},
  journal={Clinical Psychological Science},
  volume={8},
  number={2},
  pages={280--294},
  year={2020},
  publisher={Sage Publications Sage CA: Los Angeles, CA}
}

@inproceedings{baltruvsaitis2016openface,
  title={Openface: an open source facial behavior analysis toolkit},
  author={Baltru{\v{s}}aitis, Tadas and Robinson, Peter and Morency, Louis-Philippe},
  booktitle={2016 IEEE winter conference on applications of computer vision (WACV)},
  pages={1--10},
  year={2016},
  organization={IEEE}
}

@inproceedings{cohn2009detecting,
  title={Detecting depression from facial actions and vocal prosody},
  author={Cohn, Jeffrey F and Kruez, Tomas Simon and Matthews, Iain and Yang, Ying and Nguyen, Minh Hoai and Padilla, Margara Tejera and Zhou, Feng and De la Torre, Fernando},
  booktitle={2009 3rd international conference on affective computing and intelligent interaction and workshops},
  pages={1--7},
  year={2009},
  organization={IEEE}
}

@article{foley2010nonverbal,
  title={Nonverbal communication in psychotherapy},
  author={Foley, Gretchen N and Gentile, Julie P},
  journal={Psychiatry (Edgmont)},
  volume={7},
  number={6},
  pages={38},
  year={2010},
  publisher={Matrix Medical Communications}
}

@article{gavrilescu2019predicting,
  title={Predicting depression, anxiety, and stress levels from videos using the facial action coding system},
  author={Gavrilescu, Mihai and Vizireanu, Nicolae},
  journal={Sensors},
  volume={19},
  number={17},
  pages={3693},
  year={2019},
  publisher={MDPI}
}

@article{giannakakis2017stress,
  title={Stress and anxiety detection using facial cues from videos},
  author={Giannakakis, Giorgos and Pediaditis, Matthew and Manousos, Dimitris and Kazantzaki, Eleni and Chiarugi, Franco and Simos, Panagiotis G and Marias, Kostas and Tsiknakis, Manolis},
  journal={Biomedical Signal Processing and Control},
  volume={31},
  pages={89--101},
  year={2017},
  publisher={Elsevier}
}

@article{gilboa2013more,
  title={More than a face: a unified theoretical perspective on nonverbal social cue processing in social anxiety},
  author={Gilboa-Schechtman, Eva and Shachar-Lavie, Iris},
  journal={Frontiers in human neuroscience},
  volume={7},
  pages={904},
  year={2013},
  publisher={Frontiers Media SA}
}

@article{grimm2022phq,
  title={PHQ-V/GAD-V: Assessments to Identify Signals of Depression and Anxiety from Patient Video Responses},
  author={Grimm, Bradley and Talbot, Brett and Larsen, Loren},
  journal={Applied Sciences},
  volume={12},
  number={18},
  pages={9150},
  year={2022},
  publisher={MDPI}
}

@inproceedings{harshit2024eyes,
  title={Eyes Speak Louder: Harnessing Deep Features From Low-Cost Camera Video for Anxiety Detection},
  author={Harshit, Nandigramam Sai and Sahu, Nilesh Kumar and Lone, Haroon R},
  booktitle={Proceedings of the Workshop on Body-Centric Computing Systems},
  pages={23--28},
  year={2024}
}

@article{mo2024multimodal,
  title={A multimodal data-driven framework for anxiety screening},
  author={Mo, Haimiao and Hui, Siu Cheung and Liao, Xiao and Li, Yuchen and Zhang, Wei and Ding, Shuai},
  journal={IEEE Transactions on Instrumentation and Measurement},
  year={2024},
  publisher={IEEE}
}

@article{perez2003nonverbal,
  title={Nonverbal social skills and psychopathology},
  author={Perez, John E and Riggio, Ronald E},
  journal={Nonverbal behavior in clinical settings},
  pages={17--44},
  year={2003},
  publisher={Oxford University Press New York}
}

@inproceedings{ringeval2017avec,
  title={Avec 2017: Real-life depression, and affect recognition workshop and challenge},
  author={Ringeval, Fabien and Schuller, Bj{\"o}rn and Valstar, Michel and Gratch, Jonathan and Cowie, Roddy and Scherer, Stefan and Mozgai, Sharon and Cummins, Nicholas and Schmitt, Maximilian and Pantic, Maja},
  booktitle={Proceedings of the 7th annual workshop on audio/visual emotion challenge},
  pages={3--9},
  year={2017}
}

@inproceedings{ringeval2019avec,
  title={AVEC 2019 workshop and challenge: state-of-mind, detecting depression with AI, and cross-cultural affect recognition},
  author={Ringeval, Fabien and Schuller, Bj{\"o}rn and Valstar, Michel and Cummins, Nicholas and Cowie, Roddy and Tavabi, Leili and Schmitt, Maximilian and Alisamir, Sina and Amiriparian, Shahin and Messner, Eva-Maria and others},
  booktitle={Proceedings of the 9th International on Audio/visual Emotion Challenge and Workshop},
  pages={3--12},
  year={2019}
}

@article{schneier2011fear,
  title={Fear and avoidance of eye contact in social anxiety disorder},
  author={Schneier, Franklin R and Rodebaugh, Thomas L and Blanco, Carlos and Lewin, Hillary and Liebowitz, Michael R},
  journal={Comprehensive psychiatry},
  volume={52},
  number={1},
  pages={81--87},
  year={2011},
  publisher={Elsevier}
}

@inproceedings{schroff2015facenet,
  title={Facenet: A unified embedding for face recognition and clustering},
  author={Schroff, Florian and Kalenichenko, Dmitry and Philbin, James},
  booktitle={Proceedings of the IEEE conference on computer vision and pattern recognition},
  pages={815--823},
  year={2015}
}

@inproceedings{schuller2011avec,
  title={Avec 2011--the first international audio/visual emotion challenge},
  author={Schuller, Bj{\"o}rn and Valstar, Michel and Eyben, Florian and McKeown, Gary and Cowie, Roddy and Pantic, Maja},
  booktitle={Affective Computing and Intelligent Interaction: Fourth International Conference, ACII 2011, Memphis, TN, USA, October 9--12, 2011, Proceedings, Part II},
  pages={415--424},
  year={2011},
  organization={Springer}
}

@article{shafique2022towards,
  title={Towards Automatic Detection of Social Anxiety Disorder via Gaze Interaction},
  author={Shafique, Sara and Khan, Iftikhar Ahmed and Shah, Sajid and Jadoon, Waqas and Jadoon, Rab Nawaz and ElAffendi, Mohammed},
  journal={Applied Sciences},
  volume={12},
  number={23},
  pages={12298},
  year={2022},
  publisher={MDPI}
}

@article{shatz2024nonverbal,
  title={Nonverbal synchrony in diagnostic interviews of individuals with social anxiety disorder},
  author={Shatz, Hallel and Oren-Yagoda, Roni and Aderka, Idan M},
  journal={Journal of Anxiety Disorders},
  volume={101},
  pages={102803},
  year={2024},
  publisher={Elsevier}
}

@inproceedings{sun2022estimating,
  title={Estimating stress in online meetings by remote physiological signal and behavioral features},
  author={Sun, Zhaodong and Vedernikov, Alexander and Kykyri, Virpi-Liisa and Pohjola, Mikko and Nokia, Miriam and Li, Xiaobai},
  booktitle={Adjunct Proceedings of the 2022 ACM International Joint Conference on Pervasive and Ubiquitous Computing and the 2022 ACM International Symposium on Wearable Computers},
  pages={216--220},
  year={2022}
}

@inproceedings{valstar2013avec,
  title={Avec 2013: the continuous audio/visual emotion and depression recognition challenge},
  author={Valstar, Michel and Schuller, Bj{\"o}rn and Smith, Kirsty and Eyben, Florian and Jiang, Bihan and Bilakhia, Sanjay and Schnieder, Sebastian and Cowie, Roddy and Pantic, Maja},
  booktitle={Proceedings of the 3rd ACM international workshop on Audio/visual emotion challenge},
  pages={3--10},
  year={2013}
}

@inproceedings{valstar2014avec,
  title={Avec 2014: 3d dimensional affect and depression recognition challenge},
  author={Valstar, Michel and Schuller, Bj{\"o}rn and Smith, Kirsty and Almaev, Timur and Eyben, Florian and Krajewski, Jarek and Cowie, Roddy and Pantic, Maja},
  booktitle={Proceedings of the 4th international workshop on audio/visual emotion challenge},
  pages={3--10},
  year={2014}
}

@inproceedings{valstar2016avec,
  title={Avec 2016: Depression, mood, and emotion recognition workshop and challenge},
  author={Valstar, Michel and Gratch, Jonathan and Schuller, Bj{\"o}rn and Ringeval, Fabien and Lalanne, Denis and Torres Torres, Mercedes and Scherer, Stefan and Stratou, Giota and Cowie, Roddy and Pantic, Maja},
  booktitle={Proceedings of the 6th international workshop on audio/visual emotion challenge},
  pages={3--10},
  year={2016}
}

@inproceedings{wang2021multimodal,
  title={Multimodal fusion diagnosis of depression and anxiety based on face video},
  author={Wang, Chen and Liang, Lizhong and Liu, Xiaofeng and Lu, Yao and Shen, Jihong and Luo, Hui and Xie, Wanqing},
  booktitle={2021 IEEE International Conference on Medical Imaging Physics and Engineering (ICMIPE)},
  pages={1--7},
  year={2021},
  organization={IEEE}
}

@article{waxer1977nonverbal,
  title={Nonverbal cues for anxiety: an examination of emotional leakage.},
  author={Waxer, Peter H},
  journal={Journal of abnormal psychology},
  volume={86},
  number={3},
  pages={306},
  year={1977},
  publisher={American Psychological Association}
}

@article{weeks2011exploring,
  title={Exploring the role of behavioral submissiveness in social anxiety},
  author={Weeks, Justin W and Heimberg, Richard G and Heuer, Reinhardt},
  journal={Journal of Social and Clinical Psychology},
  volume={30},
  number={3},
  pages={217--249},
  year={2011},
  publisher={Guilford Press}
}

@article{weeks2019fear,
  title={“Fear guides the eyes of the beholder”: Assessing gaze avoidance in social anxiety disorder via covert eye tracking of dynamic social stimuli},
  author={Weeks, Justin W and Howell, Ashley N and Srivastav, Akanksha and Goldin, Philippe R},
  journal={Journal of anxiety disorders},
  volume={65},
  pages={56--63},
  year={2019},
  publisher={Elsevier}
}

