@misc{Mentaldi93:online,
author = {},
title = {Mental disorders},
howpublished = {\url{https://www.who.int/news-room/fact-sheets/detail/mental-disorders}},
month = {},
year = {2022},
note = {(Accessed on 12/31/2024)}
}

@misc{OpenFaceOutputFormat,
  author       = {Tadas Baltrušaitis},
  title        = {OpenFace Output Format},
  howpublished = {\url{https://github.com/TadasBaltrusaitis/OpenFace/wiki/Output-Format?utm_source=chatgpt.com}},
  year         = {2019},
  note = {(Accessed on 12/31/2024)}
}

@misc{Globalhe35:online,
author = {},
title = {Global health workforce, finances remain low for mental health},
howpublished = {\url{https://www.who.int/news/item/14-07-2015-global-health-workforce-finances-remain-low-for-mental-health}},
month = {},
year = {},
note = {(Accessed on 10/01/2024)}
}

@misc{Anxietyd22:online,
author = {},
title = {Anxiety disorders},
howpublished = {\url{https://www.who.int/news-room/fact-sheets/detail/anxiety-disorders}},
month = {},
year = {},
note = {(Accessed on 09/25/2024)}
}

@article{szuhany2022anxiety,
  title={Anxiety disorders: a review},
  author={Szuhany, Kristin L and Simon, Naomi M},
  journal={Jama},
  volume={328},
  number={24},
  pages={2431--2445},
  year={2022},
  publisher={American Medical Association}
}

@article{chen2024burden,
  title={The burden of mental disorders in Asian countries, 1990--2019: An analysis for the global burden of disease study 2019},
  author={Chen, Qi and Huang, Shu and Xu, Huan and Peng, Jieyu and Wang, Ping and Li, Shiqi and Zhao, Jinxi and Shi, Xiaomin and Zhang, Wei and Shi, Lei and others},
  journal={Translational Psychiatry},
  volume={14},
  number={1},
  pages={167},
  year={2024},
  publisher={Nature Publishing Group UK London}
}

@inproceedings{harshit2024eyes,
  title={Eyes Speak Louder: Harnessing Deep Features From Low-Cost Camera Video for Anxiety Detection},
  author={Harshit, Nandigramam Sai and Sahu, Nilesh Kumar and Lone, Haroon R},
  booktitle={Proceedings of the Workshop on Body-Centric Computing Systems},
  pages={23--28},
  year={2024}
}

@article{rashid2020predicting,
  title={Predicting subjective measures of social anxiety from sparsely collected mobile sensor data},
  author={Rashid, Haroon and Mendu, Sanjana and Daniel, Katharine E and Beltzer, Miranda L and Teachman, Bethany A and Boukhechba, Mehdi and Barnes, Laura E},
  journal={Proceedings of the ACM on Interactive, Mobile, Wearable and Ubiquitous Technologies},
  volume={4},
  number={3},
  pages={1--24},
  year={2020},
  publisher={ACM New York, NY, USA}
}

@article{sahu2024wearable,
  title={Wearable Technology Insights: Unveiling Physiological Responses During Three Different Socially Anxious Activities},
  author={Sahu, Nilesh Kumar and Gupta, Snehil and Lone, Haroon},
  journal={ACM Journal on Computing and Sustainable Societies},
  year={2024},
  publisher={ACM New York, NY}
}

@article{sahu2024unveiling,
  title={Unveiling Social Anxiety: Analyzing Acoustic and Linguistic Traits in Impromptu Speech within a Controlled Study},
  author={Sahu, Nilesh Kumar and Yadav, Manjeet and Lone, Haroon R},
  journal={ACM Journal on Computing and Sustainable Societies},
  year={2024},
  publisher={ACM New York, NY}
}

@article{galili2013acoustic,
  title={Acoustic properties of dominance and request utterances in social anxiety},
  author={Galili, Lior and Amir, Ofer and Gilboa-Schechtman, Eva},
  journal={Journal of social and clinical psychology},
  volume={32},
  number={6},
  pages={651--673},
  year={2013},
  publisher={Guilford Press}
}

@article{lima2019facial,
  title={Facial expressions and eye tracking in individuals with social anxiety disorder: a systematic review},
  author={Lima, Laysa Karen Soares de and Assis, Erickson Duarte Bonif{\'a}cio de and Torro, Nelson and others},
  journal={Psicologia: Reflex{\~a}o e Cr{\'\i}tica},
  volume={32},
  pages={9},
  year={2019},
  publisher={SciELO Brasil}
}



@inproceedings{sun2022estimating,
  title={Estimating stress in online meetings by remote physiological signal and behavioral features},
  author={Sun, Zhaodong and Vedernikov, Alexander and Kykyri, Virpi-Liisa and Pohjola, Mikko and Nokia, Miriam and Li, Xiaobai},
  booktitle={Adjunct Proceedings of the 2022 ACM International Joint Conference on Pervasive and Ubiquitous Computing and the 2022 ACM International Symposium on Wearable Computers},
  pages={216--220},
  year={2022}
}


@article{bannister2022sex,
  title={Sex differences in adult facial three-dimensional morphology: application to gender-affirming facial surgery},
  author={Bannister, Jordan J and Juszczak, Hailey and Aponte, Jose David and Katz, David C and Knott, P Daniel and Weinberg, Seth M and Hallgr{\'\i}msson, Benedikt and Forkert, Nils D and Seth, Rahul},
  journal={Facial Plastic Surgery \& Aesthetic Medicine},
  volume={24},
  number={S2},
  pages={S--24},
  year={2022},
  publisher={Mary Ann Liebert, Inc., publishers 140 Huguenot Street, 3rd Floor New~…}
}
@inproceedings{cheong2023towards,
  title={Towards Gender Fairness for Mental Health Prediction.},
  author={Cheong, Jiaee and Kuzucu, Selim and Kalkan, Sinan and Gunes, Hatice},
  booktitle={IJCAI},
  pages={5932--5940},
  year={2023}
}
@article{chu2023age,
  title={Age-related bias and artificial intelligence: a scoping review},
  author={Chu, Charlene H and Donato-Woodger, Simon and Khan, Shehroz S and Nyrup, Rune and Leslie, Kathleen and Lyn, Alexandra and Shi, Tianyu and Bianchi, Andria and Rahimi, Samira Abbasgholizadeh and Grenier, Amanda},
  journal={Humanities and Social Sciences Communications},
  volume={10},
  number={1},
  pages={1--17},
  year={2023},
  publisher={Palgrave}
}
@inproceedings{schmidt2018introducing,
  title={Introducing wesad, a multimodal dataset for wearable stress and affect detection},
  author={Schmidt, Philip and Reiss, Attila and Duerichen, Robert and Marberger, Claus and Van Laerhoven, Kristof},
  booktitle={Proceedings of the 20th ACM international conference on multimodal interaction},
  pages={400--408},
  year={2018}
}
@article{bhatti2024attx,
  title={Attx: Attentive cross-connections for fusion of wearable signals in emotion recognition},
  author={Bhatti, Anubhav and Behinaein, Behnam and Hungler, Paul and Etemad, Ali},
  journal={ACM Transactions on Computing for Healthcare},
  volume={5},
  number={3},
  pages={1--24},
  year={2024},
  publisher={ACM New York, NY}
}
@article{xiong2022trends,
  title={Trends in the incidence and DALYs of anxiety disorders at the global, regional, and national levels: Estimates from the Global Burden of Disease Study 2019},
  author={Xiong, Peng and Liu, Min and Liu, Bo and Hall, Brian J},
  journal={Journal of Affective Disorders},
  volume={297},
  pages={83--93},
  year={2022},
  publisher={Elsevier}
}
@book{Chand2023,
  author    = {Chand, S. P. and Marwaha, R.},
  title     = {Anxiety},
  year      = {2024},
  month     = {Jan},
  edition   = {Updated 2023 Apr 24},
  publisher = {StatPearls Publishing},
  address   = {Treasure Island (FL)},
  note      = {Available from: \url{https://www.ncbi.nlm.nih.gov/books/NBK470361/}},
}
%---------------------- non verbal cues
@article{shatz2024nonverbal,
  title={Nonverbal synchrony in diagnostic interviews of individuals with social anxiety disorder},
  author={Shatz, Hallel and Oren-Yagoda, Roni and Aderka, Idan M},
  journal={Journal of Anxiety Disorders},
  volume={101},
  pages={102803},
  year={2024},
  publisher={Elsevier}
}
@article{asher2020out,
  title={Out of sync: nonverbal synchrony in social anxiety disorder},
  author={Asher, Maya and Kauffmann, Amitay and Aderka, Idan M},
  journal={Clinical Psychological Science},
  volume={8},
  number={2},
  pages={280--294},
  year={2020},
  publisher={Sage Publications Sage CA: Los Angeles, CA}
}
@article{weeks2019fear,
  title={“Fear guides the eyes of the beholder”: Assessing gaze avoidance in social anxiety disorder via covert eye tracking of dynamic social stimuli},
  author={Weeks, Justin W and Howell, Ashley N and Srivastav, Akanksha and Goldin, Philippe R},
  journal={Journal of anxiety disorders},
  volume={65},
  pages={56--63},
  year={2019},
  publisher={Elsevier}
}
@article{gilboa2013more,
  title={More than a face: a unified theoretical perspective on nonverbal social cue processing in social anxiety},
  author={Gilboa-Schechtman, Eva and Shachar-Lavie, Iris},
  journal={Frontiers in human neuroscience},
  volume={7},
  pages={904},
  year={2013},
  publisher={Frontiers Media SA}
}
@article{weeks2011exploring,
  title={Exploring the role of behavioral submissiveness in social anxiety},
  author={Weeks, Justin W and Heimberg, Richard G and Heuer, Reinhardt},
  journal={Journal of Social and Clinical Psychology},
  volume={30},
  number={3},
  pages={217--249},
  year={2011},
  publisher={Guilford Press}
}
@article{schneier2011fear,
  title={Fear and avoidance of eye contact in social anxiety disorder},
  author={Schneier, Franklin R and Rodebaugh, Thomas L and Blanco, Carlos and Lewin, Hillary and Liebowitz, Michael R},
  journal={Comprehensive psychiatry},
  volume={52},
  number={1},
  pages={81--87},
  year={2011},
  publisher={Elsevier}
}
@article{foley2010nonverbal,
  title={Nonverbal communication in psychotherapy},
  author={Foley, Gretchen N and Gentile, Julie P},
  journal={Psychiatry (Edgmont)},
  volume={7},
  number={6},
  pages={38},
  year={2010},
  publisher={Matrix Medical Communications}
}
@article{waxer1977nonverbal,
  title={Nonverbal cues for anxiety: an examination of emotional leakage.},
  author={Waxer, Peter H},
  journal={Journal of abnormal psychology},
  volume={86},
  number={3},
  pages={306},
  year={1977},
  publisher={American Psychological Association}
}
@article{argyle1978non,
  title={Non-verbal communication and mental disorder1},
  author={Argyle, Michael},
  journal={Psychological Medicine},
  volume={8},
  number={4},
  pages={551--554},
  year={1978},
  publisher={Cambridge University Press}
}
@article{perez2003nonverbal,
  title={Nonverbal social skills and psychopathology},
  author={Perez, John E and Riggio, Ronald E},
  journal={Nonverbal behavior in clinical settings},
  pages={17--44},
  year={2003},
  publisher={Oxford University Press New York}
}
%-----------------------
@inproceedings{cohn2009detecting,
  title={Detecting depression from facial actions and vocal prosody},
  author={Cohn, Jeffrey F and Kruez, Tomas Simon and Matthews, Iain and Yang, Ying and Nguyen, Minh Hoai and Padilla, Margara Tejera and Zhou, Feng and De la Torre, Fernando},
  booktitle={2009 3rd international conference on affective computing and intelligent interaction and workshops},
  pages={1--7},
  year={2009},
  organization={IEEE}
}
@inproceedings{schuller2011avec,
  title={Avec 2011--the first international audio/visual emotion challenge},
  author={Schuller, Bj{\"o}rn and Valstar, Michel and Eyben, Florian and McKeown, Gary and Cowie, Roddy and Pantic, Maja},
  booktitle={Affective Computing and Intelligent Interaction: Fourth International Conference, ACII 2011, Memphis, TN, USA, October 9--12, 2011, Proceedings, Part II},
  pages={415--424},
  year={2011},
  organization={Springer}
}
@inproceedings{schroff2015facenet,
  title={Facenet: A unified embedding for face recognition and clustering},
  author={Schroff, Florian and Kalenichenko, Dmitry and Philbin, James},
  booktitle={Proceedings of the IEEE conference on computer vision and pattern recognition},
  pages={815--823},
  year={2015}
}

@inproceedings{baltruvsaitis2016openface,
  title={Openface: an open source facial behavior analysis toolkit},
  author={Baltru{\v{s}}aitis, Tadas and Robinson, Peter and Morency, Louis-Philippe},
  booktitle={2016 IEEE winter conference on applications of computer vision (WACV)},
  pages={1--10},
  year={2016},
  organization={IEEE}
}
@inproceedings{valstar2014avec,
  title={Avec 2014: 3d dimensional affect and depression recognition challenge},
  author={Valstar, Michel and Schuller, Bj{\"o}rn and Smith, Kirsty and Almaev, Timur and Eyben, Florian and Krajewski, Jarek and Cowie, Roddy and Pantic, Maja},
  booktitle={Proceedings of the 4th international workshop on audio/visual emotion challenge},
  pages={3--10},
  year={2014}
}

@inproceedings{ringeval2019avec,
  title={AVEC 2019 workshop and challenge: state-of-mind, detecting depression with AI, and cross-cultural affect recognition},
  author={Ringeval, Fabien and Schuller, Bj{\"o}rn and Valstar, Michel and Cummins, Nicholas and Cowie, Roddy and Tavabi, Leili and Schmitt, Maximilian and Alisamir, Sina and Amiriparian, Shahin and Messner, Eva-Maria and others},
  booktitle={Proceedings of the 9th International on Audio/visual Emotion Challenge and Workshop},
  pages={3--12},
  year={2019}
}
@inproceedings{ringeval2017avec,
  title={Avec 2017: Real-life depression, and affect recognition workshop and challenge},
  author={Ringeval, Fabien and Schuller, Bj{\"o}rn and Valstar, Michel and Gratch, Jonathan and Cowie, Roddy and Scherer, Stefan and Mozgai, Sharon and Cummins, Nicholas and Schmitt, Maximilian and Pantic, Maja},
  booktitle={Proceedings of the 7th annual workshop on audio/visual emotion challenge},
  pages={3--9},
  year={2017}
}
@inproceedings{valstar2016avec,
  title={Avec 2016: Depression, mood, and emotion recognition workshop and challenge},
  author={Valstar, Michel and Gratch, Jonathan and Schuller, Bj{\"o}rn and Ringeval, Fabien and Lalanne, Denis and Torres Torres, Mercedes and Scherer, Stefan and Stratou, Giota and Cowie, Roddy and Pantic, Maja},
  booktitle={Proceedings of the 6th international workshop on audio/visual emotion challenge},
  pages={3--10},
  year={2016}
}
@inproceedings{valstar2013avec,
  title={Avec 2013: the continuous audio/visual emotion and depression recognition challenge},
  author={Valstar, Michel and Schuller, Bj{\"o}rn and Smith, Kirsty and Eyben, Florian and Jiang, Bihan and Bilakhia, Sanjay and Schnieder, Sebastian and Cowie, Roddy and Pantic, Maja},
  booktitle={Proceedings of the 3rd ACM international workshop on Audio/visual emotion challenge},
  pages={3--10},
  year={2013}
}
@article{giannakakis2017stress,
  title={Stress and anxiety detection using facial cues from videos},
  author={Giannakakis, Giorgos and Pediaditis, Matthew and Manousos, Dimitris and Kazantzaki, Eleni and Chiarugi, Franco and Simos, Panagiotis G and Marias, Kostas and Tsiknakis, Manolis},
  journal={Biomedical Signal Processing and Control},
  volume={31},
  pages={89--101},
  year={2017},
  publisher={Elsevier}
}

@article{shafique2022towards,
  title={Towards Automatic Detection of Social Anxiety Disorder via Gaze Interaction},
  author={Shafique, Sara and Khan, Iftikhar Ahmed and Shah, Sajid and Jadoon, Waqas and Jadoon, Rab Nawaz and ElAffendi, Mohammed},
  journal={Applied Sciences},
  volume={12},
  number={23},
  pages={12298},
  year={2022},
  publisher={MDPI}
}
@article{manocha2019computer,
  title={Computer vision based working environment monitoring to analyze Generalized Anxiety Disorder (GAD)},
  author={Manocha, Ankush and Singh, Ramandeep},
  journal={Multimedia Tools and Applications},
  volume={78},
  number={21},
  pages={30457--30484},
  year={2019},
  publisher={Springer}
}
@article{mo2024multimodal,
  title={A multimodal data-driven framework for anxiety screening},
  author={Mo, Haimiao and Hui, Siu Cheung and Liao, Xiao and Li, Yuchen and Zhang, Wei and Ding, Shuai},
  journal={IEEE Transactions on Instrumentation and Measurement},
  year={2024},
  publisher={IEEE}
}
@article{grimm2022phq,
  title={PHQ-V/GAD-V: Assessments to Identify Signals of Depression and Anxiety from Patient Video Responses},
  author={Grimm, Bradley and Talbot, Brett and Larsen, Loren},
  journal={Applied Sciences},
  volume={12},
  number={18},
  pages={9150},
  year={2022},
  publisher={MDPI}
}
@article{gavrilescu2019predicting,
  title={Predicting depression, anxiety, and stress levels from videos using the facial action coding system},
  author={Gavrilescu, Mihai and Vizireanu, Nicolae},
  journal={Sensors},
  volume={19},
  number={17},
  pages={3693},
  year={2019},
  publisher={MDPI}
}
@inproceedings{wang2021multimodal,
  title={Multimodal fusion diagnosis of depression and anxiety based on face video},
  author={Wang, Chen and Liang, Lizhong and Liu, Xiaofeng and Lu, Yao and Shen, Jihong and Luo, Hui and Xie, Wanqing},
  booktitle={2021 IEEE International Conference on Medical Imaging Physics and Engineering (ICMIPE)},
  pages={1--7},
  year={2021},
  organization={IEEE}
}
@article{salekin2018weakly,
  title={A weakly supervised learning framework for detecting social anxiety and depression},
  author={Salekin, Asif and Eberle, Jeremy W and Glenn, Jeffrey J and Teachman, Bethany A and Stankovic, John A},
  journal={Proceedings of the ACM on interactive, mobile, wearable and ubiquitous technologies},
  volume={2},
  number={2},
  pages={1--26},
  year={2018},
  publisher={ACM New York, NY, USA}
}

@inproceedings{nepal2024moodcapture,
  title={MoodCapture: Depression Detection Using In-the-Wild Smartphone Images},
  author={Nepal, Subigya and Pillai, Arvind and Wang, Weichen and Griffin, Tess and Collins, Amanda C and Heinz, Michael and Lekkas, Damien and Mirjafari, Shayan and Nemesure, Matthew and Price, George and others},
  booktitle={Proceedings of the CHI Conference on Human Factors in Computing Systems},
  pages={1--18},
  year={2024}
}
@article{sokolova2009systematic,
  title={A systematic analysis of performance measures for classification tasks},
  author={Sokolova, Marina and Lapalme, Guy},
  journal={Information processing \& management},
  volume={45},
  number={4},
  pages={427--437},
  year={2009},
  publisher={Elsevier}
}
@inproceedings{kohavi1995study,
  title={A study of cross-validation and bootstrap for accuracy estimation and model selection},
  author={Kohavi, Ron and others},
  booktitle={Ijcai},
  volume={14},
  number={2},
  pages={1137--1145},
  year={1995},
  organization={Montreal, Canada}
}
@article{horigome2020evaluating,
  title={Evaluating the severity of depressive symptoms using upper body motion captured by RGB-depth sensors and machine learning in a clinical interview setting: a preliminary study},
  author={Horigome, Toshiro and Sumali, Brian and Kitazawa, Momoko and Yoshimura, Michitaka and Liang, Kuo-ching and Tazawa, Yuki and Fujita, Takanori and Mimura, Masaru and Kishimoto, Taishiro},
  journal={Comprehensive psychiatry},
  volume={98},
  pages={152169},
  year={2020},
  publisher={Elsevier}
}

@book{hosmer2013applied,
  title={Applied logistic regression},
  author={Hosmer Jr, David W and Lemeshow, Stanley and Sturdivant, Rodney X},
  year={2013},
  publisher={John Wiley \& Sons}
}

@article{breiman2001random,
  title={Random forests},
  author={Breiman, Leo},
  journal={Machine learning},
  volume={45},
  pages={5--32},
  year={2001},
  publisher={Springer}
}

@article{zhang2016introduction,
  title={Introduction to machine learning: k-nearest neighbors},
  author={Zhang, Zhongheng},
  journal={Annals of translational medicine},
  volume={4},
  number={11},
  year={2016},
  publisher={AME Publications}
}
@article{brereton2010support,
  title={Support vector machines for classification and regression},
  author={Brereton, Richard G and Lloyd, Gavin R},
  journal={Analyst},
  volume={135},
  number={2},
  pages={230--267},
  year={2010},
  publisher={Royal Society of Chemistry}
}
@article{song2015decision,
  title={Decision tree methods: applications for classification and prediction},
  author={Song, Yan-Yan and Ying, LU},
  journal={Shanghai archives of psychiatry},
  volume={27},
  number={2},
  pages={130},
  year={2015},
  publisher={Shanghai Mental Health Center}
}
@article{alnuaim2022human,
  title={Human-computer interaction for recognizing speech emotions using multilayer perceptron classifier},
  author={Alnuaim, Abeer Ali and Zakariah, Mohammed and Shukla, Prashant Kumar and Alhadlaq, Aseel and Hatamleh, Wesam Atef and Tarazi, Hussam and Sureshbabu, R and Ratna, Rajnish},
  journal={Journal of Healthcare Engineering},
  volume={2022},
  number={1},
  pages={6005446},
  year={2022},
  publisher={Wiley Online Library}
}
@article{kiranyaz20211d,
  title={1D convolutional neural networks and applications: A survey},
  author={Kiranyaz, Serkan and Avci, Onur and Abdeljaber, Osama and Ince, Turker and Gabbouj, Moncef and Inman, Daniel J},
  journal={Mechanical systems and signal processing},
  volume={151},
  pages={107398},
  year={2021},
  publisher={Elsevier}
  }

@book{parkins2012gender,
  title={Gender and emotional expressiveness: An analysis of prosodic features in emotional expression},
  author={Parkins, R{\'o}is{\'\i}n},
  year={2012},
  publisher={Griffith University Nathan, QLD}
}
@article{fischer2015drives,
  title={What drives the smile and the tear: Why women are more emotionally expressive than men},
  author={Fischer, Agneta and LaFrance, Marianne},
  journal={Emotion Review},
  volume={7},
  number={1},
  pages={22--29},
  year={2015},
  publisher={Sage Publications Sage UK: London, England}
}
@article{kring1998sex,
  title={Sex differences in emotion: expression, experience, and physiology.},
  author={Kring, Ann M and Gordon, Albert H},
  journal={Journal of personality and social psychology},
  volume={74},
  number={3},
  pages={686},
  year={1998},
  publisher={American Psychological Association}
}

@article{lundberg2017unified,
  title={A unified approach to interpreting model predictions},
  author={Lundberg, Scott},
  journal={arXiv preprint arXiv:1705.07874},
  year={2017}
}


@article{chen2023social,
  title={Social anxiety is related to reduced face gaze during a naturalistic social interaction},
  author={Chen, Jiemiao and van den Bos, Esther and Karch, Julian D and Westenberg, P Michiel},
  journal={Anxiety, Stress, \& Coping},
  volume={36},
  number={4},
  pages={460--474},
  year={2023},
  publisher={Taylor \& Francis}
}

@article{colizzi2020prevention,
  title={Prevention and early intervention in youth mental health: is it time for a multidisciplinary and trans-diagnostic model for care?},
  author={Colizzi, Marco and Lasalvia, Antonio and Ruggeri, Mirella},
  journal={International journal of mental health systems},
  volume={14},
  pages={1--14},
  year={2020},
  publisher={Springer}
}