@INPROCEEDINGS{ARG,
  author={Wu, Jianchao and Wang, Limin and Wang, Li and Guo, Jie and Wu, Gangshan},
  booktitle={Computer Vision and Pattern Recognition}, 
  title={Learning Actor Relation Graphs for Group Activity Recognition}, 
  volume={},
  number={},
  pages={9956-9966}, 
  year={2019},
}

@INPROCEEDINGS{Amer2013,
  author={Amer, Mohamed R. and Todorovic, Sinisa and Fern, Alan and Zhu, Song-Chun},
  booktitle={International Conference on Computer Vision}, 
  title={Monte Carlo Tree Search for Scheduling Activity Recognition}, 
  year={2013},
  volume={},
  number={},
  pages={1353-1360},
}

@ARTICLE{CCG,
  author={Tang, Jinhui and Shu, Xiangbo and Yan, Rui and Zhang, Liyan},
  journal={IEEE Transactions on Pattern Analysis and Machine Intelligence}, 
  title={Coherence Constrained Graph LSTM for Group Activity Recognition}, 
  volume={},
  number={},
  pages={1-1},
  year={2019},
 }

@ARTICLE{Li2016Multiview,
  author={Li, Meng and Leung, Howard},
  journal={IEEE Transactions on Multimedia}, 
  title={Multiview Skeletal Interaction Recognition Using Active Joint Interaction Graph}, 
  year={2016},
  volume={18},
  number={11},
  pages={2293-2302},
  doi={10.1109/TMM.2016.2614228}
}

@inproceedings{amer2012cost,
  author={Amer, Mohamed R and Xie, Dan and Zhao, Mingtian and Todorovic, Sinisa and Zhu, Song-Chun},
  title={Cost-sensitive top-down/bottom-up inference for multiscale activity recognition},
  booktitle={European Conference on Computer Vision},
  pages={187--200},
  year={2012},
}

@inproceedings{amer2014hirf,
  title={Hirf: Hierarchical random field for collective activity recognition in videos},
  author={Amer, Mohamed Rabie and Lei, Peng and Todorovic, Sinisa},
  booktitle={European Conference on Computer Vision},
  pages={572--585},
  year={2014},
}

@inproceedings{bagautdinov2017social,
  title={Social scene understanding: End-to-end multi-person action localization and collective activity recognition},
  author={Bagautdinov, Timur and Alahi, Alexandre and Fleuret, Fran{\c{c}}ois and Fua, Pascal and Savarese, Silvio},
  booktitle={Computer Vision and Pattern Recognition},
  pages={4315--4324},
  year={2017}
}

@inproceedings{chappa2023spartan,
  title={SPARTAN: Self-Supervised Spatiotemporal Transformers Approach to Group Activity Recognition},
  author={Chappa, Naga VS and Nguyen, Pha and Nelson, Alexander H and Seo, Han-Seok and Li, Xin and Dobbs, Page Daniel and Luu, Khoa},
  booktitle={Proceedings of the IEEE/CVF Conference on Computer Vision and Pattern Recognition Workshops},
  pages={5157--5167},
  year={2023}
}

@article{choi2013understanding,
  title={Understanding collective activitiesof people from videos},
  author={Choi, Wongun and Savarese, Silvio},
  journal={IEEE transactions on pattern analysis and machine intelligence},
  volume={36},
  number={6},
  pages={1242--1257},
  year={2013},
}

@inproceedings{deng2016structure,
  title={Structure inference machines: Recurrent neural networks for analyzing relations in group activity recognition},
  author={Deng, Zhiwei and Vahdat, Arash and Hu, Hexiang and Mori, Greg},
  booktitle={Proceedings of the IEEE Conference on Computer Vision and Pattern Recognition},
  pages={4772--4781},
  year={2016}
}

@INPROCEEDINGS{gavrilyuk2020actor,
  author={Gavrilyuk, Kirill and Sanford, Ryan and Javan, Mehrsan and Snoek, Cees G. M.},
  booktitle={Computer Vision and Pattern Recognition}, 
  title={Actor-Transformers for Group Activity Recognition}, 
  volume={},
  number={},
  pages={836-845},
  year={2020},
}

@inproceedings{ibrahim2016hierarchical,
  title={A hierarchical deep temporal model for group activity recognition},
  author={Ibrahim, Mostafa S and Muralidharan, Srikanth and Deng, Zhiwei and Vahdat, Arash and Mori, Greg},
  booktitle={Computer Vision and Pattern Recognition},
  pages={1971--1980},
  year={2016}
}

@inproceedings{ibrahim2018hierarchical,
  title={Hierarchical relational networks for group activity recognition and retrieval},
  author={Ibrahim, Mostafa S and Mori, Greg},
  booktitle={Proceedings of the European Conference on Computer Vision},
  pages={721--736},
  year={2018}
}

@inproceedings{kim2022DF,
  title={Detector-free weakly supervised group activity recognition},
  author={Kim, Dongkeun and Lee, Jinsung and Cho, Minsu and Kwak, Suha},
  booktitle={Proceedings of the IEEE Conference on Computer Vision and Pattern Recognition},
  pages={20083--20093},
  year={2022}
}

@inproceedings{lan2012social,
  title={Social roles in hierarchical models for human activity recognition},
  author={Lan, Tian and Sigal, Leonid and Mori, Greg},
  booktitle={Computer Vision and Pattern Recognition},
  pages={1354--1361},
  year={2012},
}

@inproceedings{li2017sbgar,
  title={Sbgar: Semantics based group activity recognition},
  author={Li, Xin and Choo Chuah, Mooi},
  booktitle={Proceedings of the IEEE International Conference on Computer Vision},
  pages={2876--2885},
  year={2017}
}

@article{li2019nonlocal,
author = {Li, Ding and Ma, Jing and Yang, Menglin and Zhang, Wensheng},
title = {Nonlocal based deep model for group activity recognition},
journal = {Journal of Image and Graphics},
volume = {24},
pages = {1728-1737},
year = {2019},
issn = {1006-8961},
}

@inproceedings{liu2021multimodal,
  title={Multimodal-Semantic Context-Aware Graph Neural Network for Group Activity Recognition},
  author={Liu, Tianshan and Zhao, Rui and Lam, Kin-Man},
  booktitle={2021 IEEE International Conference on Multimedia and Expo (ICME)},
  pages={1--6},
  year={2021},
  organization={IEEE}
}

@inproceedings{qi2018stagnet,
  title={stagnet: An attentive semantic rnn for group activity recognition},
  author={Qi, Mengshi and Qin, Jie and Li, Annan and Wang, Yunhong and Luo, Jiebo and Van Gool, Luc},
  booktitle={Proceedings of the European Conference on Computer Vision},
  pages={101--117},
  year={2018}
}

@inproceedings{shu2015joint,
  title={Joint inference of groups, events and human roles in aerial videos},
  author={Shu, Tianmin and Xie, Dan and Rothrock, Brandon and Todorovic, Sinisa and Chun Zhu, Song},
  booktitle={Computer Vision and Pattern Recognition},
  pages={4576--4584},
  year={2015}
}

@inproceedings{shu2017cern,
  title={CERN: confidence-energy recurrent network for group activity recognition},
  author={Shu, Tianmin and Todorovic, Sinisa and Zhu, Song-Chun},
  booktitle={Proceedings of the IEEE Conference on Computer Vision and Pattern Recognition},
  pages={5523--5531},
  year={2017}
}

@article{tang2019learning,
  title={Learning semantics-preserving attention and contextual interaction for group activity recognition},
  author={Tang, Yansong and Lu, Jiwen and Wang, Zian and Yang, Ming and Zhou, Jie},
  journal={IEEE Transactions on Image Processing},
  volume={28},
  number={10},
  pages={4997--5012},
  year={2019},
}

@inproceedings{wang2017recurrent,
  title={Recurrent modeling of interaction context for collective activity recognition},
  author={Wang, Minsi and Ni, Bingbing and Yang, Xiaokang},
  booktitle={Computer Vision and Pattern Recognition},
  pages={3048--3056},
  year={2017}
}

@article{wu2022active,
  title={Active Spatial Positions Based Hierarchical Relation Inference for Group Activity Recognition},
  author={Wu, Lifang and Lang, Xianglong and Xiang, Ye and Chen, Changwen and Li, Zun and Wang, Zhuming},
  journal={IEEE Transactions on Circuits and Systems for Video Technology},
  volume={33},
  number={6},
  pages={2839--2851},
  year={2022},
  publisher={IEEE}
}

@article{wu2024learning,
  title={Learning label semantics for weakly supervised group activity recognition},
  author={Wu, Lifang and Tian, Meng and Xiang, Ye and Gu, Ke and Shi, Ge},
  journal={IEEE Transactions on Multimedia},
  year={2024},
  publisher={IEEE}
}

@inproceedings{yan2018participation,
  title={Participation-contributed temporal dynamic model for group activity recognition},
  author={Yan, Rui and Tang, Jinhui and Shu, Xiangbo and Li, Zechao and Tian, Qi},
  booktitle={Proceedings of the 26th ACM International Conference on Multimedia},
  pages={1292--1300},
  year={2018}
}

@inproceedings{yan2020sam,
  title={Social adaptive module for weakly-supervised group activity recognition},
  author={Yan, Rui and Xie, Lingxi and Tang, Jinhui and Shu, Xiangbo and Tian, Qi},
  booktitle={Computer Vision--ECCV 2020: 16th European Conference, Glasgow, UK, August 23--28, 2020, Proceedings, Part VIII 16},
  pages={208--224},
  year={2020},
  organization={Springer}
}

@inproceedings{yuan2021learning,
  author={Yuan, Hangjie and Ni, Dong},
  title={Learning Visual Context for Group Activity Recognition},
  booktitle={AAAI Conference on Artificial Intelligence},
  volume={35},
  number={4},
  pages={3261--3269},
  year={2021} 
}

@article{zhang2019fast,
  title={Fast collective activity recognition under weak supervision},
  author={Zhang, Peizhen and Tang, Yongyi and Hu, Jian-Fang and Zheng, Wei-Shi},
  journal={IEEE Transactions on Image Processing},
  volume={29},
  pages={29--43},
  year={2019},
  publisher={IEEE}
}

