7@String(PAMI = {IEEE Trans. Pattern Anal. Mach. Intell.})
@String(IJCV = {Int. J. Comput. Vis.})
@String(CVPR= {IEEE Conf. Comput. Vis. Pattern Recog.})
@String(ICCV= {Int. Conf. Comput. Vis.})
@String(ECCV= {Eur. Conf. Comput. Vis.})
@String(NIPS= {Adv. Neural Inform. Process. Syst.})
@String(ICPR = {Int. Conf. Pattern Recog.})
@String(BMVC= {Brit. Mach. Vis. Conf.})
@String(TOG= {ACM Trans. Graph.})
@String(TIP  = {IEEE Trans. Image Process.})
@String(TVCG  = {IEEE Trans. Vis. Comput. Graph.})
@String(TMM  = {IEEE Trans. Multimedia})
@String(ACMMM= {ACM Int. Conf. Multimedia})
@String(ICME = {Int. Conf. Multimedia and Expo})
@String(ICASSP=	{ICASSP})
@String(ICIP = {IEEE Int. Conf. Image Process.})
@String(ACCV  = {ACCV})
@String(ICLR = {Int. Conf. Learn. Represent.})
@String(IJCAI = {IJCAI})
@String(PR   = {Pattern Recognition})
@String(AAAI = {AAAI})
@String(CVPRW= {IEEE Conf. Comput. Vis. Pattern Recog. Worksh.})
@String(CSVT = {IEEE Trans. Circuit Syst. Video Technol.})

@String(SPL	= {IEEE Sign. Process. Letters})
@String(VR   = {Vis. Res.})
@String(JOV	 = {J. Vis.})
@String(TVC  = {The Vis. Comput.})
@String(JCST  = {J. Comput. Sci. Tech.})
@String(CGF  = {Comput. Graph. Forum})
@String(CVM = {Computational Visual Media})


@String(PAMI  = {IEEE TPAMI})
@String(IJCV  = {IJCV})
@String(CVPR  = {CVPR})
@String(ICCV  = {ICCV})
@String(ECCV  = {ECCV})
@String(NIPS  = {NeurIPS})
@String(ICPR  = {ICPR})
@String(BMVC  =	{BMVC})
@String(TOG   = {ACM TOG})
@String(TIP   = {IEEE TIP})
@String(TVCG  = {IEEE TVCG})
@String(TCSVT = {IEEE TCSVT})
@String(TMM   =	{IEEE TMM})
@String(ACMMM = {ACM MM})
@String(ICME  =	{ICME})
@String(ICASSP=	{ICASSP})
@String(ICIP  = {ICIP})
@String(ACCV  = {ACCV})
@String(ICLR  = {ICLR})
@String(IJCAI = {IJCAI})
@String(PR = {PR})
@String(AAAI = {AAAI})
@String(CVPRW= {CVPRW})
@String(CSVT = {IEEE TCSVT})



@article{patterson2007you,
  title={Where do you know what you know? The representation of semantic knowledge in the human brain},
  author={Patterson, Karalyn and Nestor, Peter J and Rogers, Timothy T},
  journal={Nature reviews neuroscience},
  volume={8},
  number={12},
  pages={976--987},
  year={2007},
  publisher={Nature Publishing Group UK London}
}

@article{bi2021dual,
  title={Dual coding of knowledge in the human brain},
  author={Bi, Yanchao},
  journal={Trends in Cognitive Sciences},
  volume={25},
  number={10},
  pages={883--895},
  year={2021},
  publisher={Elsevier}
}

@article{huang2022mack,
  title={MACK: multimodal aligned conceptual knowledge for unpaired image-text matching},
  author={Huang, Yan and Wang, Yuming and Zeng, Yunan and Wang, Liang},
  journal={Advances in Neural Information Processing Systems},
  volume={35},
  pages={7892--7904},
  year={2022}
}

@article{wang2024knowledge,
  title={Knowledge Augmented Relation Inference for Group Activity Recognition},
  author={Wang, Zhuming and Li, Zun and Lang, Xianglong and Zheng, Yihao and Tian, Meng and Wu, Lifang and Wang, Liang and Chen, Changwen},
  journal={IEEE Transactions on Circuits and Systems for Video Technology},
  year={2024},
  publisher={IEEE}
}

@inproceedings{deng2016structure,
  title={Structure inference machines: Recurrent neural networks for analyzing relations in group activity recognition},
  author={Deng, Zhiwei and Vahdat, Arash and Hu, Hexiang and Mori, Greg},
  booktitle={Proceedings of the IEEE Conference on Computer Vision and Pattern Recognition},
  pages={4772--4781},
  year={2016}
}

@inproceedings{li2017sbgar,
  title={Sbgar: Semantics based group activity recognition},
  author={Li, Xin and Choo Chuah, Mooi},
  booktitle={Proceedings of the IEEE International Conference on Computer Vision},
  pages={2876--2885},
  year={2017}
}

@inproceedings{qi2018stagnet,
  title={stagnet: An attentive semantic rnn for group activity recognition},
  author={Qi, Mengshi and Qin, Jie and Li, Annan and Wang, Yunhong and Luo, Jiebo and Van Gool, Luc},
  booktitle={Proceedings of the European Conference on Computer Vision},
  pages={101--117},
  year={2018}
}

@inproceedings{yan2018participation,
  title={Participation-contributed temporal dynamic model for group activity recognition},
  author={Yan, Rui and Tang, Jinhui and Shu, Xiangbo and Li, Zechao and Tian, Qi},
  booktitle={Proceedings of the 26th ACM International Conference on Multimedia},
  pages={1292--1300},
  year={2018}
}

@inproceedings{ibrahim2018hierarchical,
  title={Hierarchical relational networks for group activity recognition and retrieval},
  author={Ibrahim, Mostafa S and Mori, Greg},
  booktitle={Proceedings of the European Conference on Computer Vision},
  pages={721--736},
  year={2018}
}

@inproceedings{lan2012social,
  title={Social roles in hierarchical models for human activity recognition},
  author={Lan, Tian and Sigal, Leonid and Mori, Greg},
  booktitle={Computer Vision and Pattern Recognition},
  pages={1354--1361},
  year={2012},
}

@INPROCEEDINGS{Amer2013,
  author={Amer, Mohamed R. and Todorovic, Sinisa and Fern, Alan and Zhu, Song-Chun},
  booktitle={International Conference on Computer Vision}, 
  title={Monte Carlo Tree Search for Scheduling Activity Recognition}, 
  year={2013},
  volume={},
  number={},
  pages={1353-1360},
}

@inproceedings{amer2014hirf,
  title={Hirf: Hierarchical random field for collective activity recognition in videos},
  author={Amer, Mohamed Rabie and Lei, Peng and Todorovic, Sinisa},
  booktitle={European Conference on Computer Vision},
  pages={572--585},
  year={2014},
}

@ARTICLE{Li2016Multiview,
  author={Li, Meng and Leung, Howard},
  journal={IEEE Transactions on Multimedia}, 
  title={Multiview Skeletal Interaction Recognition Using Active Joint Interaction Graph}, 
  year={2016},
  volume={18},
  number={11},
  pages={2293-2302},
  doi={10.1109/TMM.2016.2614228}
}

@inproceedings{amer2012cost,
  author={Amer, Mohamed R and Xie, Dan and Zhao, Mingtian and Todorovic, Sinisa and Zhu, Song-Chun},
  title={Cost-sensitive top-down/bottom-up inference for multiscale activity recognition},
  booktitle={European Conference on Computer Vision},
  pages={187--200},
  year={2012},
}

@article{choi2013understanding,
  title={Understanding collective activitiesof people from videos},
  author={Choi, Wongun and Savarese, Silvio},
  journal={IEEE transactions on pattern analysis and machine intelligence},
  volume={36},
  number={6},
  pages={1242--1257},
  year={2013},
}

@inproceedings{shu2015joint,
  title={Joint inference of groups, events and human roles in aerial videos},
  author={Shu, Tianmin and Xie, Dan and Rothrock, Brandon and Todorovic, Sinisa and Chun Zhu, Song},
  booktitle={Computer Vision and Pattern Recognition},
  pages={4576--4584},
  year={2015}
}

@ARTICLE{CCG,
  author={Tang, Jinhui and Shu, Xiangbo and Yan, Rui and Zhang, Liyan},
  journal={IEEE Transactions on Pattern Analysis and Machine Intelligence}, 
  title={Coherence Constrained Graph LSTM for Group Activity Recognition}, 
  volume={},
  number={},
  pages={1-1},
  year={2019},
 }

@article{li2019nonlocal,
author = {Li, Ding and Ma, Jing and Yang, Menglin and Zhang, Wensheng},
title = {Nonlocal based deep model for group activity recognition},
journal = {Journal of Image and Graphics},
volume = {24},
pages = {1728-1737},
year = {2019},
issn = {1006-8961},
}

@inproceedings{wang2017recurrent,
  title={Recurrent modeling of interaction context for collective activity recognition},
  author={Wang, Minsi and Ni, Bingbing and Yang, Xiaokang},
  booktitle={Computer Vision and Pattern Recognition},
  pages={3048--3056},
  year={2017}
}

@inproceedings{yuan2021spatio,
  title={Spatio-temporal dynamic inference network for group activity recognition},
  author={Yuan, Hangjie and Ni, Dong and Wang, Mang},
  booktitle={International Conference on Computer Vision},
  pages={7476--7485},
  year={2021}
}

@Article{wq2022multi,
AUTHOR = {Wu, Lifang and Lang, Xianglong and Xiang, Ye and Wang, Qi and Tian, Meng},
TITLE = {Multi-Perspective Representation to Part-Based Graph for Group Activity Recognition},
JOURNAL = {Sensors},
VOLUME = {22},
YEAR = {2022},
NUMBER = {15},
ARTICLE-NUMBER = {5521--5539},
}

@inproceedings{han2022dual,
  title={Dual-AI: Dual-path Actor Interaction Learning for Group Activity Recognition},
  author={Han, Mingfei and Zhang, David Junhao and Wang, Yali and Yan, Rui and Yao, Lina and Chang, Xiaojun and Qiao, Yu},
  booktitle={ Computer Vision and Pattern Recognition},
  pages={2990--2999},
  year={2022}
}

@inproceedings{ibrahim2016hierarchical,
  title={A hierarchical deep temporal model for group activity recognition},
  author={Ibrahim, Mostafa S and Muralidharan, Srikanth and Deng, Zhiwei and Vahdat, Arash and Mori, Greg},
  booktitle={Computer Vision and Pattern Recognition},
  pages={1971--1980},
  year={2016}
}

@inproceedings{azar2019convolutional,
  title={Convolutional relational machine for group activity recognition},
  author={Azar, Sina Mokhtarzadeh and Atigh, Mina Ghadimi and Nickabadi, Ahmad and Alahi, Alexandre},
  booktitle={Computer Vision and Pattern Recognition},
  pages={7892--7901},
  year={2019}
}

@INPROCEEDINGS{ARG,
  author={Wu, Jianchao and Wang, Limin and Wang, Li and Guo, Jie and Wu, Gangshan},
  booktitle={Computer Vision and Pattern Recognition}, 
  title={Learning Actor Relation Graphs for Group Activity Recognition}, 
  volume={},
  number={},
  pages={9956-9966}, 
  year={2019},
}

@INPROCEEDINGS{gavrilyuk2020actor,
  author={Gavrilyuk, Kirill and Sanford, Ryan and Javan, Mehrsan and Snoek, Cees G. M.},
  booktitle={Computer Vision and Pattern Recognition}, 
  title={Actor-Transformers for Group Activity Recognition}, 
  volume={},
  number={},
  pages={836-845},
  year={2020},
}

@inproceedings{li2021groupformer,
  title={GroupFormer: Group Activity Recognition with Clustered Spatial-Temporal Transformer},
  author={Li, Shuaicheng and Cao, Qianggang and Liu, Lingbo and Yang, Kunlin and Liu, Shinan and Hou, Jun and Yi, Shuai},
  booktitle={International Conference on Computer Vision},
  pages={13668--13677},
  year={2021}
}

@inproceedings{yuan2021learning,
  author={Yuan, Hangjie and Ni, Dong},
  title={Learning Visual Context for Group Activity Recognition},
  booktitle={AAAI Conference on Artificial Intelligence},
  volume={35},
  number={4},
  pages={3261--3269},
  year={2021} 
}

@inproceedings{liu2021multimodal,
  title={Multimodal-Semantic Context-Aware Graph Neural Network for Group Activity Recognition},
  author={Liu, Tianshan and Zhao, Rui and Lam, Kin-Man},
  booktitle={2021 IEEE International Conference on Multimedia and Expo (ICME)},
  pages={1--6},
  year={2021},
  organization={IEEE}
}

@inproceedings{tang2018mining,
  title={Mining semantics-preserving attention for group activity recognition},
  author={Tang, Yansong and Wang, Zian and Li, Peiyang and Lu, Jiwen and Yang, Ming and Zhou, Jie},
  booktitle={Proceedings of the 26th ACM international conference on Multimedia},
  pages={1283--1291},
  year={2018}
}

@article{tang2019learning,
  title={Learning semantics-preserving attention and contextual interaction for group activity recognition},
  author={Tang, Yansong and Lu, Jiwen and Wang, Zian and Yang, Ming and Zhou, Jie},
  journal={IEEE Transactions on Image Processing},
  volume={28},
  number={10},
  pages={4997--5012},
  year={2019},
}

@inproceedings{bagautdinov2017social,
  title={Social scene understanding: End-to-end multi-person action localization and collective activity recognition},
  author={Bagautdinov, Timur and Alahi, Alexandre and Fleuret, Fran{\c{c}}ois and Fua, Pascal and Savarese, Silvio},
  booktitle={Computer Vision and Pattern Recognition},
  pages={4315--4324},
  year={2017}
}

@article{zhang2019fast,
  title={Fast collective activity recognition under weak supervision},
  author={Zhang, Peizhen and Tang, Yongyi and Hu, Jian-Fang and Zheng, Wei-Shi},
  journal={IEEE Transactions on Image Processing},
  volume={29},
  pages={29--43},
  year={2019},
  publisher={IEEE}
}

@inproceedings{yan2020sam,
  title={Social adaptive module for weakly-supervised group activity recognition},
  author={Yan, Rui and Xie, Lingxi and Tang, Jinhui and Shu, Xiangbo and Tian, Qi},
  booktitle={Computer Vision--ECCV 2020: 16th European Conference, Glasgow, UK, August 23--28, 2020, Proceedings, Part VIII 16},
  pages={208--224},
  year={2020},
  organization={Springer}
}

@article{wu2022active,
  title={Active Spatial Positions Based Hierarchical Relation Inference for Group Activity Recognition},
  author={Wu, Lifang and Lang, Xianglong and Xiang, Ye and Chen, Changwen and Li, Zun and Wang, Zhuming},
  journal={IEEE Transactions on Circuits and Systems for Video Technology},
  volume={33},
  number={6},
  pages={2839--2851},
  year={2022},
  publisher={IEEE}
}

@inproceedings{zhang2021multi,
  title={Multi-label activity recognition using activity-specific features and activity correlations},
  author={Zhang, Yanyi and Li, Xinyu and Marsic, Ivan},
  booktitle={Proceedings of the IEEE Conference on Computer Vision and Pattern Recognition},
  pages={14625--14635},
  year={2021}
}

@inproceedings{kim2022DF,
  title={Detector-free weakly supervised group activity recognition},
  author={Kim, Dongkeun and Lee, Jinsung and Cho, Minsu and Kwak, Suha},
  booktitle={Proceedings of the IEEE Conference on Computer Vision and Pattern Recognition},
  pages={20083--20093},
  year={2022}
}

@inproceedings{chappa2023spartan,
  title={SPARTAN: Self-Supervised Spatiotemporal Transformers Approach to Group Activity Recognition},
  author={Chappa, Naga VS and Nguyen, Pha and Nelson, Alexander H and Seo, Han-Seok and Li, Xin and Dobbs, Page Daniel and Luu, Khoa},
  booktitle={Proceedings of the IEEE/CVF Conference on Computer Vision and Pattern Recognition Workshops},
  pages={5157--5167},
  year={2023}
}

@article{wu2024learning,
  title={Learning label semantics for weakly supervised group activity recognition},
  author={Wu, Lifang and Tian, Meng and Xiang, Ye and Gu, Ke and Shi, Ge},
  journal={IEEE Transactions on Multimedia},
  year={2024},
  publisher={IEEE}
}

@INPROCEEDINGS{i3d,
  author={Carreira, João and Zisserman, Andrew},
  title={Quo Vadis, Action Recognition? A New Model and the Kinetics Dataset}, 
  booktitle={Computer Vision and Pattern Recognition},
  volume={},
  number={},
  pages={4724-4733},
  year={2017},
}

@inproceedings{he2017mask,
  title={Mask r-cnn},
  author={He, Kaiming and Gkioxari, Georgia and Doll{\'a}r, Piotr and Girshick, Ross},
  booktitle={International Conference on Computer Vision},
  pages={2961--2969},
  year={2017}
}

@inproceedings{kong2018hierarchical,
  title={Hierarchical attention and context modeling for group activity recognition},
  author={Kong, Longteng and Qin, Jie and Huang, Di and Wang, Yunhong and Van Gool, Luc},
  booktitle={2018 IEEE International Conference on Acoustics, Speech and Signal Processing },
  pages={1328--1332},
  year={2018},
  organization={IEEE}
}

@inproceedings{shu2017cern,
  title={CERN: confidence-energy recurrent network for group activity recognition},
  author={Shu, Tianmin and Todorovic, Sinisa and Zhu, Song-Chun},
  booktitle={Proceedings of the IEEE Conference on Computer Vision and Pattern Recognition},
  pages={5523--5531},
  year={2017}
}

@inproceedings{hu2020progressive,
  title={Progressive relation learning for group activity recognition},
  author={Hu, Guyue and Cui, Bo and He, Yuan and Yu, Shan},
  booktitle={Proceedings of the IEEE Conference on Computer Vision and Pattern Recognition},
  pages={980--989},
  year={2020}
}

@inproceedings{ehsanpour2020joint,
  title={Joint learning of social groups, individuals action and sub-group activities in videos},
  author={Ehsanpour, Mahsa and Abedin, Alireza and Saleh, Fatemeh and Shi, Javen and Reid, Ian and Rezatofighi, Hamid},
  booktitle={Proceedings of the European Conference on Computer Vision},
  pages={177--195},
  year={2020},
  organization={Springer}
}

@article{tang2020graph,
  title={Graph interaction networks for relation transfer in human activity videos},
  author={Tang, Yansong and Wei, Yi and Yu, Xumin and Lu, Jiwen and Zhou, Jie},
  journal={IEEE Transactions on Circuits and Systems for Video Technology},
  volume={30},
  number={9},
  pages={2872--2886},
  year={2020},
  publisher={IEEE}
}

@ARTICLE{yan2020higcin,
  author={Yan, Rui and Xie, Lingxi and Tang, Jinhui and Shu, Xiangbo and Tian, Qi},
  journal={IEEE Transactions on Pattern Analysis and Machine Intelligence}, 
  title={HiGCIN: Hierarchical Graph-Based Cross Inference Network for Group Activity Recognition}, 
  year={2023},
  volume={45},
  number={6},
  pages={6955-6968},
  publisher={IEEE}
}

@inproceedings{duan2022revisiting,
  title={Revisiting skeleton-based action recognition},
  author={Duan, Haodong and Zhao, Yue and Chen, Kai and Lin, Dahua and Dai, Bo},
  booktitle={Proceedings of the IEEE Conference on Computer Vision and Pattern Recognition},
  pages={2969--2978},
  year={2022}
}

@article{kong2022spatio,
  title={Spatio-temporal player relation modeling for tactic recognition in sports videos},
  author={Kong, Longteng and Pei, Duoxuan and He, Rui and Huang, Di and Wang, Yunhong},
  journal={IEEE Transactions on Circuits and Systems for Video Technology},
  volume={32},
  number={9},
  pages={6086--6099},
  year={2022},
  publisher={IEEE}
}

@inproceedings{yan2020social,
  title={Social adaptive module for weakly-supervised group activity recognition},
  author={Yan, Rui and Xie, Lingxi and Tang, Jinhui and Shu, Xiangbo and Tian, Qi},
  booktitle={European Conference on Computer Vision},
  pages={208--224},
  year={2020},
  organization={Springer}
}

@inproceedings{pramono2020empowering,
  title={Empowering relational network by self-attention augmented conditional random fields for group activity recognition},
  author={Pramono, Rizard Renanda Adhi and Chen, Yie Tarng and Fang, Wen Hsien},
  booktitle={Proceedings of the European Conference on Computer Vision},
  pages={71--90},
  year={2020},
  organization={Springer}
}

@article{van2008visualizing,
  title={Visualizing data using t-SNE.},
  author={Van der Maaten, Laurens and Hinton, Geoffrey},
  journal={Journal of machine learning research},
  volume={9},
  number={11},
  year={2008}
}

@inproceedings{li2021multisports,
  title={Multisports: A multi-person video dataset of spatio-temporally localized sports actions},
  author={Li, Yixuan and Chen, Lei and He, Runyu and Wang, Zhenzhi and Wu, Gangshan and Wang, Limin},
  booktitle={Proceedings of the IEEE/CVF International Conference on Computer Vision},
  pages={13536--13545},
  year={2021}
}