
@inproceedings{zheng2023layoutdiffusion,
  title={Layoutdiffusion: Controllable diffusion model for layout-to-image generation},
  author={Zheng, Guangcong and Zhou, Xianpan and Li, Xuewei and Qi, Zhongang and Shan, Ying and Li, Xi},
  booktitle={Computer Vision and Pattern Recognition},
  pages={22490--22499},
  year={2023}
}

@article{cheng2024hico,
  title={HiCo: Hierarchical Controllable Diffusion Model for Layout-to-image Generation},
  author={Cheng, Bo and Ma, Yuhang and Wu, Liebucha and Liu, Shanyuan and Ma, Ao and Wu, Xiaoyu and Leng, Dawei and Yin, Yuhui},
  journal={arXiv preprint arXiv:2410.14324},
  year={2024}
}

@article{lin2024ctrl,
  title={Ctrl-Adapter: An Efficient and Versatile Framework for Adapting Diverse Controls to Any Diffusion Model},
  author={Lin, Han and Cho, Jaemin and Zala, Abhay and Bansal, Mohit},
  journal={arXiv preprint arXiv:2404.09967},
  year={2024}
}

@inproceedings{qin2023unicontrol,
  title={UniControl: a unified diffusion model for controllable visual generation in the wild},
  author={Qin, Can and Zhang, Shu and Yu, Ning and Feng, Yihao and Yang, Xinyi and Zhou, Yingbo and Wang, Huan and Niebles, Juan Carlos and Xiong, Caiming and Savarese, Silvio and others},
  booktitle={Neural Information Processing Systems},
  pages={42961--42992},
  year={2023}
}

@inproceedings{li2025controlnet,
  title={ControlNet ++: Improving Conditional Controls with Efficient Consistency Feedback},
  author={Li, Ming and Yang, Taojiannan and Kuang, Huafeng and Wu, Jie and Wang, Zhaoning and Xiao, Xuefeng and Chen, Chen},
  booktitle={European Conference on Computer Vision},
  pages={129--147},
  year={2025},
  organization={Springer}
}

@inproceedings{zhang2023adding,
  title={Adding conditional control to text-to-image diffusion models},
  author={Zhang, Lvmin and Rao, Anyi and Agrawala, Maneesh},
  booktitle={International Conference on Computer Vision},
  pages={3836--3847},
  year={2023}
}

@inproceedings{sdxl,
  title={SDXL: Improving Latent Diffusion Models for High-Resolution Image Synthesis},
  author={Podell, Dustin and English, Zion and Lacey, Kyle and Blattmann, Andreas and Dockhorn, Tim and M{\"u}ller, Jonas and Penna, Joe and Rombach, Robin},
  booktitle={International Conference on Learning Representations},
  year={2024}
}


@inproceedings{liu2025grounding,
  title={Grounding dino: Marrying dino with grounded pre-training for open-set object detection},
  author={Liu, Shilong and Zeng, Zhaoyang and Ren, Tianhe and Li, Feng and Zhang, Hao and Yang, Jie and Jiang, Qing and Li, Chunyuan and Yang, Jianwei and Su, Hang and others},
  booktitle={European Conference on Computer Vision},
  pages={38--55},
  year={2025},
  organization={Springer}
}

@article{nichol2021glide,
  title={Glide: Towards photorealistic image generation and editing with text-guided diffusion models},
  author={Nichol, Alex and Dhariwal, Prafulla and Ramesh, Aditya and Shyam, Pranav and Mishkin, Pamela and McGrew, Bob and Sutskever, Ilya and Chen, Mark},
  journal={arXiv preprint arXiv:2112.10741},
  year={2021}
}

@inproceedings{ho2021classifierfree,
    title={Classifier-Free Diffusion Guidance},
    author={Jonathan Ho and Tim Salimans},
    booktitle={NeurIPS 2021 Workshop on Deep Generative Models and Downstream Applications},
    year={2021},
}

@article{ye2023ip,
  title={Ip-adapter: Text compatible image prompt adapter for text-to-image diffusion models},
  author={Ye, Hu and Zhang, Jun and Liu, Sibo and Han, Xiao and Yang, Wei},
  journal={arXiv preprint arXiv:2308.06721},
  year={2023}
}

@article{peng2024controlnext,
  title={Controlnext: Powerful and efficient control for image and video generation},
  author={Peng, Bohao and Wang, Jian and Zhang, Yuechen and Li, Wenbo and Yang, Ming-Chang and Jia, Jiaya},
  journal={arXiv preprint arXiv:2408.06070},
  year={2024}
}


@inproceedings{
chen2024pixartalpha,
title={PixArt-\${\textbackslash}alpha\$: Fast Training of Diffusion Transformer for Photorealistic Text-to-Image Synthesis},
author={Junsong Chen and Jincheng Yu and Chongjian Ge and Lewei Yao and Enze Xie and Zhongdao Wang and James Kwok and Ping Luo and Huchuan Lu and Zhenguo Li},
booktitle={International Conference on Learning Representations},
year={2024},
url={https://openreview.net/forum?id=eAKmQPe3m1}
}

@inproceedings{bao2023all,
  title={All are worth words: A vit backbone for diffusion models},
  author={Bao, Fan and Nie, Shen and Xue, Kaiwen and Cao, Yue and Li, Chongxuan and Su, Hang and Zhu, Jun},
  booktitle={Computer Vision and Pattern Recognition},
  pages={22669--22679},
  year={2023}
}

@article{zheng2023fast,
  title={Fast training of diffusion models with masked transformers},
  author={Zheng, Hongkai and Nie, Weili and Vahdat, Arash and Anandkumar, Anima},
  journal={arXiv preprint arXiv:2306.09305},
  year={2023}
}

@inproceedings{peebles2023scalable,
  title={Scalable diffusion models with transformers},
  author={Peebles, William and Xie, Saining},
  booktitle={International Conference on Computer Vision},
  pages={4195--4205},
  year={2023}
}

@inproceedings{
chen2024geodiffusion,
title={GeoDiffusion: Text-Prompted Geometric Control for Object Detection Data Generation},
author={Kai Chen and Enze Xie and Zhe Chen and Yibo Wang and Lanqing Hong and Zhenguo Li and Dit-Yan Yeung},
booktitle={International Conference on Learning Representations},
year={2024},
}

@article{zhao2020layout2image,
  title={Layout2image: Image generation from layout},
  author={Zhao, Bo and Yin, Weidong and Meng, Lili and Sigal, Leonid},
  journal={International Journal of Computer Vision},
  volume={128},
  number={10},
  pages={2418--2435},
  year={2020},
  publisher={Springer}
}

@inproceedings{rombach2022high,
  title={High-resolution image synthesis with latent diffusion models},
  author={Rombach, Robin and Blattmann, Andreas and Lorenz, Dominik and Esser, Patrick and Ommer, Bj{\"o}rn},
  booktitle={Computer Vision and Pattern Recognition},
  pages={10684--10695},
  year={2022}
}

@article{ho2020denoising,
  title={Denoising diffusion probabilistic models},
  author={Ho, Jonathan and Jain, Ajay and Abbeel, Pieter},
  journal={Neural Information Processing Systems},
  volume={33},
  pages={6840--6851},
  year={2020}
}

@article{goodfellow2020generative,
  title={Generative adversarial networks},
  author={Goodfellow, Ian and Pouget-Abadie, Jean and Mirza, Mehdi and Xu, Bing and Warde-Farley, David and Ozair, Sherjil and Courville, Aaron and Bengio, Yoshua},
  journal={Communications of the ACM},
  volume={63},
  number={11},
  pages={139--144},
  year={2020},
  publisher={ACM New York, NY, USA}
}

@article{song2020denoising,
  title={Denoising diffusion implicit models},
  author={Song, Jiaming and Meng, Chenlin and Ermon, Stefano},
  journal={arXiv preprint arXiv:2010.02502},
  year={2020}
}

@article{liu2022pseudo,
  title={Pseudo numerical methods for diffusion models on manifolds},
  author={Liu, Luping and Ren, Yi and Lin, Zhijie and Zhao, Zhou},
  journal={arXiv preprint arXiv:2202.09778},
  year={2022}
}


@article{kingma2013auto,
  title={Auto-encoding variational bayes},
  author={Kingma, Diederik P},
  journal={arXiv preprint arXiv:1312.6114},
  year={2013}
}

@inproceedings{ronneberger2015u,
  title={U-net: Convolutional networks for biomedical image segmentation},
  author={Ronneberger, Olaf and Fischer, Philipp and Brox, Thomas},
  booktitle={Medical Image Computing and Computer-Assisted Intervention--MICCAI 2015},
  pages={234--241},
  year={2015},
  organization={Springer}
}

@inproceedings{waswani2017attention,
  title={Attention is all you need},
  author={Waswani, A and Shazeer, N and Parmar, N and Uszkoreit, J and Jones, L and Gomez, A and Kaiser, L and Polosukhin, I},
  booktitle={Neural Information Processing Systems},
  year={2017}
}

@inproceedings{mou2024t2i,
  title={T2i-adapter: Learning adapters to dig out more controllable ability for text-to-image diffusion models},
  author={Mou, Chong and Wang, Xintao and Xie, Liangbin and Wu, Yanze and Zhang, Jian and Qi, Zhongang and Shan, Ying},
  booktitle={the AAAI Conference on Artificial Intelligence},
  pages={4296--4304},
  year={2024}
}


@article{karacan2016learning,
  title={Learning to generate images of outdoor scenes from attributes and semantic layouts},
  author={Karacan, Levent and Akata, Zeynep and Erdem, Aykut and Erdem, Erkut},
  journal={arXiv preprint arXiv:1612.00215},
  year={2016}
}
@article{reed2016learning,
  title={Learning what and where to draw},
  author={Reed, Scott E and Akata, Zeynep and Mohan, Santosh and Tenka, Samuel and Schiele, Bernt and Lee, Honglak},
  journal={Neural Information Processing Systems},
  volume={29},
  year={2016}
}

@article{sun2021learning,
  title={Learning layout and style reconfigurable gans for controllable image synthesis},
  author={Sun, Wei and Wu, Tianfu},
  journal={IEEE Transactions on Pattern Analysis and Machine Intelligence},
  volume={44},
  number={9},
  pages={5070--5087},
  year={2021},
  publisher={IEEE}
}



@misc{flux,
    year = {2024},
    note ={Accessed: 2024-11-12},
  title={Flux: Official inference repository for flux.1 models},
  author={Black Forest Labs},

}

@misc{controlnetplus,
  year = {2024},
note ={Accessed: 2024-11-30},
  author   = {Xinsir},
  title    = {ControlNetPlus},
  url      = {https://github.com/xinsir6/ControlNetPlus},
}


@misc{chatgpt,
    author = {OpenAI},
title    = {ChatGPT},
    url  = {https://chatgpt.com/},
    date = {2024-07-12},
year = {2024},
    note = {Accessed: 2024-07-12}
}

@inproceedings{esser2024scaling,
  title={Scaling rectified flow transformers for high-resolution image synthesis},
  author={Esser, Patrick and Kulal, Sumith and Blattmann, Andreas and Entezari, Rahim and M{\"u}ller, Jonas and Saini, Harry and Levi, Yam and Lorenz, Dominik and Sauer, Axel and Boesel, Frederic and others},
  booktitle={International Conference on Machine Learning},
  year={2024}
}

@article{li2024blip,
  title={Blip-diffusion: Pre-trained subject representation for controllable text-to-image generation and editing},
  author={Li, Dongxu and Li, Junnan and Hoi, Steven},
  journal={Neural Information Processing Systems},
  volume={36},
  year={2024}
}

@inproceedings{li2024photomaker,
  title={Photomaker: Customizing realistic human photos via stacked id embedding},
  author={Li, Zhen and Cao, Mingdeng and Wang, Xintao and Qi, Zhongang and Cheng, Ming-Ming and Shan, Ying},
  booktitle={Computer Vision and Pattern Recognition},
  pages={8640--8650},
  year={2024}
}

@inproceedings{shi2024instantbooth,
  title={Instantbooth: Personalized text-to-image generation without test-time finetuning},
  author={Shi, Jing and Xiong, Wei and Lin, Zhe and Jung, Hyun Joon},
  booktitle={Computer Vision and Pattern Recognition},
  pages={8543--8552},
  year={2024}
}

@inproceedings{wei2023elite,
  title={Elite: Encoding visual concepts into textual embeddings for customized text-to-image generation},
  author={Wei, Yuxiang and Zhang, Yabo and Ji, Zhilong and Bai, Jinfeng and Zhang, Lei and Zuo, Wangmeng},
  booktitle={International Conference on Computer Vision},
  pages={15943--15953},
  year={2023}
}

@article{xiao2024fastcomposer,
  title={Fastcomposer: Tuning-free multi-subject image generation with localized attention},
  author={Xiao, Guangxuan and Yin, Tianwei and Freeman, William T and Durand, Fr{\'e}do and Han, Song},
  journal={International Journal of Computer Vision},
  pages={1--20},
  year={2024},
  publisher={Springer}
}

@inproceedings{zhang2023inversion,
  title={Inversion-based style transfer with diffusion models},
  author={Zhang, Yuxin and Huang, Nisha and Tang, Fan and Huang, Haibin and Ma, Chongyang and Dong, Weiming and Xu, Changsheng},
  booktitle={Computer Vision and Pattern Recognition},
  pages={10146--10156},
  year={2023}
}

@inproceedings{everaert2023diffusion,
  title={Diffusion in style},
  author={Everaert, Martin Nicolas and Bocchio, Marco and Arpa, Sami and S{\"u}sstrunk, Sabine and Achanta, Radhakrishna},
  booktitle={International Conference on Computer Vision},
  pages={2251--2261},
  year={2023}
}

@article{devlin2018bert,
  title={Bert: Pre-training of deep bidirectional transformers for language understanding},
  author={Devlin, Jacob},
  journal={arXiv preprint arXiv:1810.04805},
  year={2018}
}

@article{zhao2023uni,
  title={Uni-ControlNet: All-in-One Control to Text-to-Image Diffusion Models},
  author={Zhao, Shihao and Chen, Dongdong and Chen, Yen-Chun and Bao, Jianmin and Hao, Shaozhe and Yuan, Lu and Wong, Kwan-Yee~K.},
  journal={Neural Information Processing Systems},
  year={2023}
}

@article{su2024roformer,
  title={Roformer: Enhanced transformer with rotary position embedding},
  author={Su, Jianlin and Ahmed, Murtadha and Lu, Yu and Pan, Shengfeng and Bo, Wen and Liu, Yunfeng},
  journal={Neurocomputing},
  volume={568},
  pages={127063},
  year={2024},
  publisher={Elsevier}
}

@article{chen2024pixart,
  title={Pixart-$\{$$\backslash$delta$\}$: Fast and controllable image generation with latent consistency models},
  author={Chen, Junsong and Wu, Yue and Luo, Simian and Xie, Enze and Paul, Sayak and Luo, Ping and Zhao, Hang and Li, Zhenguo},
  journal={arXiv preprint arXiv:2401.05252},
  year={2024}
}

@article{tan2024ominicontrol,
  title={OminiControl: Minimal and Universal Control for Diffusion Transformer},
  author={Tan, Zhenxiong and Liu, Songhua and Yang, Xingyi and Xue, Qiaochu and Wang, Xinchao},
  journal={arXiv preprint arXiv:2411.15098},
  year={2024}
}



@inproceedings{wang2022interactive,
  title={Interactive image synthesis with panoptic layout generation},
  author={Wang, Bo and Wu, Tao and Zhu, Minfeng and Du, Peng},
  booktitle={Computer Vision and Pattern Recognition},
  pages={7783--7792},
  year={2022}
}


@article{zheng2024open,
  title={Open-sora: Democratizing efficient video production for all},
  author={Zheng, Zangwei and Peng, Xiangyu and Yang, Tianji and Shen, Chenhui and Li, Shenggui and Liu, Hongxin and Zhou, Yukun and Li, Tianyi and You, Yang},
  journal={arXiv preprint arXiv:2412.20404},
  year={2024}
}

@article{lin2024open,
  title={Open-sora plan: Open-source large video generation model},
  author={Lin, Bin and Ge, Yunyang and Cheng, Xinhua and Li, Zongjian and Zhu, Bin and Wang, Shaodong and He, Xianyi and Ye, Yang and Yuan, Shenghai and Chen, Liuhan and others},
  journal={arXiv preprint arXiv:2412.00131},
  year={2024}
}

@inproceedings{wang2024detdiffusion,
  title={Detdiffusion: Synergizing generative and perceptive models for enhanced data generation and perception},
  author={Wang, Yibo and Gao, Ruiyuan and Chen, Kai and Zhou, Kaiqiang and Cai, Yingjie and Hong, Lanqing and Li, Zhenguo and Jiang, Lihui and Yeung, Dit-Yan and Xu, Qiang and others},
  booktitle={Computer Vision and Pattern Recognition},
  pages={7246--7255},
  year={2024}
}

@inproceedings{chen2024gentron,
  title={GenTron: Diffusion Transformers for Image and Video Generation},
  author={Chen, Shoufa and Xu, Mengmeng and Ren, Jiawei and Cong, Yuren and He, Sen and Xie, Yanping and Sinha, Animesh and Luo, Ping and Xiang, Tao and Perez-Rua, Juan-Manuel},
  booktitle={Computer Vision and Pattern Recognition},
  pages={6441--6451},
  year={2024}
}