@article{huang2024foundation,
  title={A foundation model for clinician-centered drug repurposing},
  author={Huang, Kexin and Chandak, Payal and Wang, Qianwen and Havaldar, Shreyas and Vaid, Akhil and Leskovec, Jure and Nadkarni, Girish and Glicksberg, Benjamin S and Gehlenborg, Nils and Zitnik, Marinka},
  journal={medRxiv},
  year={2024},
  publisher={Cold Spring Harbor Laboratory Preprints}
}

@article{ringel2020breaking,
  title={Breaking Eroom’s law},
  author={Ringel, Michael S and Scannell, Jack W and Baedeker, Mathias and Schulze, Ulrik},
  journal={Nat Rev Drug Discov},
  volume={19},
  number={12},
  pages={833--834},
  year={2020}
}

@article{pushpakom2019drug,
  title={Drug repurposing: progress, challenges and recommendations},
  author={Pushpakom, Sudeep and Iorio, Francesco and Eyers, Patrick A and Escott, K Jane and Hopper, Shirley and Wells, Andrew and Doig, Andrew and Guilliams, Tim and Latimer, Joanna and McNamee, Christine and others},
  journal={Nature reviews Drug discovery},
  volume={18},
  number={1},
  pages={41--58},
  year={2019},
  publisher={Nature Publishing Group}
}

@article{kovalchik2020extension,
  title={Extension of the Elo rating system to margin of victory},
  author={Kovalchik, Stephanie},
  journal={International Journal of Forecasting},
  volume={36},
  number={4},
  pages={1329--1341},
  year={2020},
  publisher={Elsevier}
}

@article{hamilton2024elo,
  title={Elo Ratings in the Presence of Intransitivity},
  author={Hamilton, Adam H and Roughan, Matthew and Kalenkova, Anna},
  journal={arXiv preprint arXiv:2412.14427},
  year={2024}
}

@article{coulom2007computing,
  title={Computing ``elo ratings'' of move patterns in the game of go},
  author={Coulom, R{\'e}mi},
  journal={ICGA journal},
  volume={30},
  number={4},
  pages={198--208},
  year={2007},
  publisher={IOS Press}
}

@article{shneiderman2020bridging,
  title={Bridging the gap between ethics and practice: guidelines for reliable, safe, and trustworthy human-centered AI systems},
  author={Shneiderman, Ben},
  journal={ACM Transactions on Interactive Intelligent Systems (TiiS)},
  volume={10},
  number={4},
  pages={1--31},
  year={2020},
  publisher={ACM New York, NY, USA}
}

@misc{anthropicscalingpolicy,
title={Responsible Scaling Policy},
author={Anthropic},
year={2024},
url={https://assets.anthropic.com/m/24a47b00f10301cd/original/Anthropic-Responsible-Scaling-Policy-2024-10-15.pdf},
}

@misc{wang2024footdoorunderstandinglarge,
      title={Foot In The Door: Understanding Large Language Model Jailbreaking via Cognitive Psychology}, 
      author={Zhenhua Wang and Wei Xie and Baosheng Wang and Enze Wang and Zhiwen Gui and Shuoyoucheng Ma and Kai Chen},
      year={2024},
      eprint={2402.15690},
      archivePrefix={arXiv},
      primaryClass={cs.CL},
      url={https://arxiv.org/abs/2402.15690}, 
}

@article{zhang2023defending,
  title={Defending large language models against jailbreaking attacks through goal prioritization},
  author={Zhang, Zhexin and Yang, Junxiao and Ke, Pei and Mi, Fei and Wang, Hongning and Huang, Minlie},
  journal={arXiv preprint arXiv:2311.09096},
  year={2023}
}

@article{chao2024jailbreakbench,
  title={Jailbreakbench: An open robustness benchmark for jailbreaking large language models},
  author={Chao, Patrick and Debenedetti, Edoardo and Robey, Alexander and Andriushchenko, Maksym and Croce, Francesco and Sehwag, Vikash and Dobriban, Edgar and Flammarion, Nicolas and Pappas, George J and Tramer, Florian and others},
  journal={arXiv preprint arXiv:2404.01318},
  year={2024}
}

@article{lapid2023open,
  title={Open sesame! universal black box jailbreaking of large language models},
  author={Lapid, Raz and Langberg, Ron and Sipper, Moshe},
  journal={arXiv preprint arXiv:2309.01446},
  year={2023}
}

@article{chao2023jailbreaking,
  title={Jailbreaking black box large language models in twenty queries},
  author={Chao, Patrick and Robey, Alexander and Dobriban, Edgar and Hassani, Hamed and Pappas, George J and Wong, Eric},
  journal={arXiv preprint arXiv:2310.08419},
  year={2023}
}

@article{qiang2023hijacking,
  title={Hijacking large language models via adversarial in-context learning},
  author={Qiang, Yao and Zhou, Xiangyu and Zhu, Dongxiao},
  journal={arXiv preprint arXiv:2311.09948},
  year={2023}
}

@inproceedings{zhang2024adversarial,
  title={Adversarial prompt tuning for vision-language models},
  author={Zhang, Jiaming and Ma, Xingjun and Wang, Xin and Qiu, Lingyu and Wang, Jiaqi and Jiang, Yu-Gang and Sang, Jitao},
  booktitle={European Conference on Computer Vision},
  pages={56--72},
  year={2024},
  organization={Springer}
}

@article{qi2023visual,
  title={Visual adversarial examples jailbreak large language models},
  author={Qi, Xiangyu and Huang, Kaixuan and Panda, Ashwinee and Wang, Mengdi and Mittal, Prateek},
  journal={arXiv preprint arXiv:2306.13213},
  year={2023}
}

@article{wang2023adversarial,
  title={Adversarial demonstration attacks on large language models},
  author={Wang, Jiongxiao and Liu, Zichen and Park, Keun Hee and Jiang, Zhuojun and Zheng, Zhaoheng and Wu, Zhuofeng and Chen, Muhao and Xiao, Chaowei},
  journal={arXiv preprint arXiv:2305.14950},
  year={2023}
}

@article{zou2023universal,
  title={Universal and transferable adversarial attacks on aligned language models},
  author={Zou, Andy and Wang, Zifan and Carlini, Nicholas and Nasr, Milad and Kolter, J Zico and Fredrikson, Matt},
  journal={arXiv preprint arXiv:2307.15043},
  year={2023}
}

@article{fu2023misusing,
  title={Misusing tools in large language models with visual adversarial examples},
  author={Fu, Xiaohan and Wang, Zihan and Li, Shuheng and Gupta, Rajesh K and Mireshghallah, Niloofar and Berg-Kirkpatrick, Taylor and Fernandes, Earlence},
  journal={arXiv preprint arXiv:2310.03185},
  year={2023}
}

@article{zhu2023promptbench,
  title={Promptbench: Towards evaluating the robustness of large language models on adversarial prompts},
  author={Zhu, Kaijie and Wang, Jindong and Zhou, Jiaheng and Wang, Zichen and Chen, Hao and Wang, Yidong and Yang, Linyi and Ye, Wei and Zhang, Yue and Zhenqiang Gong, Neil and others},
  journal={arXiv e-prints},
  pages={arXiv--2306},
  year={2023}
}

@inproceedings{he2023large,
  title={Large language models for code: Security hardening and adversarial testing},
  author={He, Jingxuan and Vechev, Martin},
  booktitle={Proceedings of the 2023 ACM SIGSAC Conference on Computer and Communications Security},
  pages={1865--1879},
  year={2023}
}

@article{zhao2024evaluating,
  title={On evaluating adversarial robustness of large vision-language models},
  author={Zhao, Yunqing and Pang, Tianyu and Du, Chao and Yang, Xiao and Li, Chongxuan and Cheung, Ngai-Man Man and Lin, Min},
  journal={Advances in Neural Information Processing Systems},
  volume={36},
  year={2024}
}

@article{shayegani2023survey,
  title={Survey of vulnerabilities in large language models revealed by adversarial attacks},
  author={Shayegani, Erfan and Mamun, Md Abdullah Al and Fu, Yu and Zaree, Pedram and Dong, Yue and Abu-Ghazaleh, Nael},
  journal={arXiv preprint arXiv:2310.10844},
  year={2023}
}

@misc{szymanski2024limitationsllmasajudgeapproachevaluating,
      title={Limitations of the LLM-as-a-Judge Approach for Evaluating LLM Outputs in Expert Knowledge Tasks}, 
      author={Annalisa Szymanski and Noah Ziems and Heather A. Eicher-Miller and Toby Jia-Jun Li and Meng Jiang and Ronald A. Metoyer},
      year={2024},
      eprint={2410.20266},
      archivePrefix={arXiv},
      primaryClass={cs.HC},
      url={https://arxiv.org/abs/2410.20266}, 
}

@article{wei2024systematic,
  title={Systematic evaluation of llm-as-a-judge in llm alignment tasks: Explainable metrics and diverse prompt templates},
  author={Wei, Hui and He, Shenghua and Xia, Tian and Wong, Andy and Lin, Jingyang and Han, Mei},
  journal={arXiv preprint arXiv:2408.13006},
  year={2024}
}

@article{chen2024mllm,
  title={Mllm-as-a-judge: Assessing multimodal llm-as-a-judge with vision-language benchmark},
  author={Chen, Dongping and Chen, Ruoxi and Zhang, Shilin and Liu, Yinuo and Wang, Yaochen and Zhou, Huichi and Zhang, Qihui and Wan, Yao and Zhou, Pan and Sun, Lichao},
  journal={arXiv preprint arXiv:2402.04788},
  year={2024}
}

@article{gu2024survey,
  title={A Survey on LLM-as-a-Judge},
  author={Gu, Jiawei and Jiang, Xuhui and Shi, Zhichao and Tan, Hexiang and Zhai, Xuehao and Xu, Chengjin and Li, Wei and Shen, Yinghan and Ma, Shengjie and Liu, Honghao and others},
  journal={arXiv preprint arXiv:2411.15594},
  year={2024}
}

@article{zheng2024judging,
  title={Judging llm-as-a-judge with mt-bench and chatbot arena},
  author={Zheng, Lianmin and Chiang, Wei-Lin and Sheng, Ying and Zhuang, Siyuan and Wu, Zhanghao and Zhuang, Yonghao and Lin, Zi and Li, Zhuohan and Li, Dacheng and Xing, Eric and others},
  journal={Advances in Neural Information Processing Systems},
  volume={36},
  year={2024}
}

@article{vu2024foundational,
  title={Foundational autoraters: Taming large language models for better automatic evaluation},
  author={Vu, Tu and Krishna, Kalpesh and Alzubi, Salaheddin and Tar, Chris and Faruqui, Manaal and Sung, Yun-Hsuan},
  journal={arXiv preprint arXiv:2407.10817},
  year={2024}
}

@article{ke2023critiquellm,
  title={Critiquellm: Scaling llm-as-critic for effective and explainable evaluation of large language model generation},
  author={Ke, Pei and Wen, Bosi and Feng, Zhuoer and Liu, Xiao and Lei, Xuanyu and Cheng, Jiale and Wang, Shengyuan and Zeng, Aohan and Dong, Yuxiao and Wang, Hongning and others},
  journal={arXiv preprint arXiv:2311.18702},
  year={2023}
}

@article{lan2024criticbench,
  title={Criticbench: Evaluating large language models as critic},
  author={Lan, Tian and Zhang, Wenwei and Xu, Chen and Huang, Heyan and Lin, Dahua and Chen, Kai and Mao, Xian-ling},
  journal={arXiv preprint arXiv:2402.13764},
  year={2024}
}

@article{gou2023critic,
  title={Critic: Large language models can self-correct with tool-interactive critiquing},
  author={Gou, Zhibin and Shao, Zhihong and Gong, Yeyun and Shen, Yelong and Yang, Yujiu and Duan, Nan and Chen, Weizhu},
  journal={arXiv preprint arXiv:2305.11738},
  year={2023}
}

@article{wansley2016regulation,
  title={Regulation of Emerging Risks},
  author={Wansley, Matthew T},
  journal={Vand. L. Rev.},
  volume={69},
  pages={401},
  year={2016},
  publisher={HeinOnline}
}

@misc{sabour2025humandecisionmakingsusceptibleaidriven,
      title={Human Decision-making is Susceptible to AI-driven Manipulation}, 
      author={Sahand Sabour and June M. Liu and Siyang Liu and Chris Z. Yao and Shiyao Cui and Xuanming Zhang and Wen Zhang and Yaru Cao and Advait Bhat and Jian Guan and Wei Wu and Rada Mihalcea and Tim Althoff and Tatia M. C. Lee and Minlie Huang},
      year={2025},
      eprint={2502.07663},
      archivePrefix={arXiv},
      primaryClass={cs.AI},
      url={https://arxiv.org/abs/2502.07663}, 
}

@article{shevlane2023model,
  title={Model evaluation for extreme risks},
  author={Shevlane, Toby and Farquhar, Sebastian and Garfinkel, Ben and Phuong, Mary and Whittlestone, Jess and Leung, Jade and Kokotajlo, Daniel and Marchal, Nahema and Anderljung, Markus and Kolt, Noam and others},
  journal={arXiv preprint arXiv:2305.15324},
  year={2023}
}

@article{bova2024quantifying,
  title={Quantifying detection rates for dangerous capabilities: a theoretical model of dangerous capability evaluations},
  author={Bova, Paolo and Di Stefano, Alessandro and Han, The Anh},
  journal={arXiv preprint arXiv:2412.15433},
  year={2024}
}

@article{jobin2019global,
  title={The global landscape of AI ethics guidelines},
  author={Jobin, Anna and Ienca, Marcello and Vayena, Effy},
  journal={Nature machine intelligence},
  volume={1},
  number={9},
  pages={389--399},
  year={2019},
  publisher={Nature Publishing Group UK London}
}

@article{phuong2024evaluating,
  title={Evaluating frontier models for dangerous capabilities},
  author={Phuong, Mary and Aitchison, Matthew and Catt, Elliot and Cogan, Sarah and Kaskasoli, Alexandre and Krakovna, Victoria and Lindner, David and Rahtz, Matthew and Assael, Yannis and Hodkinson, Sarah and others},
  journal={arXiv preprint arXiv:2403.13793},
  year={2024}
}

@misc{tang2024prioritizingsafeguardingautonomyrisks,
      title={Prioritizing Safeguarding Over Autonomy: Risks of LLM Agents for Science}, 
      author={Xiangru Tang and Qiao Jin and Kunlun Zhu and Tongxin Yuan and Yichi Zhang and Wangchunshu Zhou and Meng Qu and Yilun Zhao and Jian Tang and Zhuosheng Zhang and Arman Cohan and Zhiyong Lu and Mark Gerstein},
      year={2024},
      eprint={2402.04247},
      archivePrefix={arXiv},
      primaryClass={cs.CY},
      url={https://arxiv.org/abs/2402.04247}, 
}

@article{gabriel2024ethics,
  title={The ethics of advanced ai assistants},
  author={Gabriel, Iason and Manzini, Arianna and Keeling, Geoff and Hendricks, Lisa Anne and Rieser, Verena and Iqbal, Hasan and Toma{\v{s}}ev, Nenad and Ktena, Ira and Kenton, Zachary and Rodriguez, Mikel and others},
  journal={arXiv preprint arXiv:2404.16244},
  year={2024}
}

@article{verschraegen2018regulating,
  title={Regulating scientific research: A constitutional moment?},
  author={Verschraegen, Gert},
  journal={Journal of Law and Society},
  volume={45},
  pages={S163--S184},
  year={2018},
  publisher={Wiley Online Library}
}

@article{rothstein2006risks,
  title={The risks of risk-based regulation: Insights from the environmental policy domain},
  author={Rothstein, Henry and Irving, Phil and Walden, Terry and Yearsley, Roger},
  journal={Environment international},
  volume={32},
  number={8},
  pages={1056--1065},
  year={2006},
  publisher={Elsevier}
}

@article{shaw2006research,
  title={Research governance: regulating risk and reducing harm?},
  author={Shaw, Sara and Barrett, Geraldine},
  journal={Journal of the Royal Society of Medicine},
  volume={99},
  number={1},
  pages={14--19},
  year={2006},
  publisher={SAGE Publications Sage UK: London, England}
}

@article{ludlow2015regulating,
  title={Regulating emerging and future technologies in the present},
  author={Ludlow, Karinne and Bowman, Diana M and Gatof, Jake and Bennett, Michael G},
  journal={NanoEthics},
  volume={9},
  pages={151--163},
  year={2015},
  publisher={Springer}
}

@article{forge2010note,
  title={A note on the definition of “dual use”},
  author={Forge, John},
  journal={Science and Engineering Ethics},
  volume={16},
  pages={111--118},
  year={2010},
  publisher={Springer}
}

@article{pustovit2010philosophical,
  title={Philosophical aspects of dual use technologies},
  author={Pustovit, Svitlana V and Williams, Erin D},
  journal={Science and engineering ethics},
  volume={16},
  pages={17--31},
  year={2010},
  publisher={Springer}
}

@article{dohner2015acute,
  title={Acute myeloid leukemia},
  author={D{\"o}hner, Hartmut and Weisdorf, Daniel J and Bloomfield, Clara D},
  journal={New England Journal of Medicine},
  volume={373},
  number={12},
  pages={1136--1152},
  year={2015},
  publisher={Mass Medical Soc}
}

@article{sebaugh2011guidelines,
  title={Guidelines for accurate EC50/IC50 estimation},
  author={Sebaugh, JL},
  journal={Pharmaceutical statistics},
  volume={10},
  number={2},
  pages={128--134},
  year={2011},
  publisher={Wiley Online Library}
}

@article{kuhlau2013ethics,
  title={The ethics of disseminating dual-use knowledge},
  author={Kuhlau, Frida and H{\"o}glund, Anna T and Eriksson, Stefan and Evers, Kathinka},
  journal={Research Ethics},
  volume={9},
  number={1},
  pages={6--19},
  year={2013},
  publisher={SAGE Publications Sage UK: London, England}
}

@article{miller2007ethical,
  title={Ethical and philosophical consideration of the dual-use dilemma in the biological sciences},
  author={Miller, Seumas and Selgelid, Michael J},
  journal={Science and engineering ethics},
  volume={13},
  pages={523--580},
  year={2007},
  publisher={Springer}
}

@article{selgelid2009governance,
  title={Governance of dual-use research: an ethical dilemma},
  author={Selgelid, Michael J},
  journal={Bulletin of the World Health Organization},
  volume={87},
  pages={720--723},
  year={2009},
  publisher={SciELO Public Health}
}

@article{uppsalacode,
 ISSN = {00223433},
 URL = {http://www.jstor.org/stable/423746},
 author = {Bengt Gustafsson and Lars Ryd{\'e}n and Gunnar Tibell and Peter Wallensteen},
 journal = {Journal of Peace Research},
 number = {4},
 pages = {311--316},
 publisher = {Sage Publications, Ltd.},
 title = {The Uppsala Code of Ethics for Scientists},
 urldate = {2025-02-13},
 volume = {21},
 year = {1984}
}

@misc{belmontreport,
publisher={United States Department of Health, Education and Welfare},
year={1979}, 
title={Protection of Human Subjects; Notice of Report for Public Comment},
journal={Federal Register. Vol. 44, no. 76. pp. 23191–7. Archived from the original (PDF) on October 17, 2011.},
url={https://web.archive.org/web/20111017133845/http://www.hhs.gov/ohrp/archive/documents/19790418.pdf},
}

@article{world2003world,
  title={World Medical Association Declaration of Helsinki. Ethical principles for medical research involving human subjects},
  author={World Medical Association and others},
  journal={Bulletin of the world health organization},
  volume={79},
  number={4},
  pages={373},
  year={2003}
}

@article{moreno2017nuremberg,
  title={The Nuremberg code 70 years later},
  author={Moreno, Jonathan D and Schmidt, Ulf and Joffe, Steve},
  journal={Jama},
  volume={318},
  number={9},
  pages={795--796},
  year={2017},
  publisher={American Medical Association}
}

@article{weindling2001origins,
  title={The origins of informed consent: The international scientific commission on medical war crimes, and the Nuremberg Code},
  author={Weindling, Paul},
  journal={Bulletin of the History of Medicine},
  volume={75},
  number={1},
  pages={37--71},
  year={2001},
  publisher={Johns Hopkins University Press}
}

@article{corbie1999continuing,
  title={The continuing legacy of the Tuskegee Syphilis Study: considerations for clinical investigation},
  author={Corbie-Smith, Giselle},
  journal={The American journal of the medical sciences},
  volume={317},
  number={1},
  pages={5--8},
  year={1999},
  publisher={Elsevier}
}

@article{menapace2019scientific,
  title={Scientific ethics: A new approach},
  author={Menapace, Marcello},
  journal={Science and Engineering Ethics},
  volume={25},
  number={4},
  pages={1193--1216},
  year={2019},
  publisher={Springer}
}

@book{edel2018science,
  title={Science and the structure of ethics},
  author={Edel, Abraham},
  year={2018},
  publisher={Routledge}
}

@article{fisher2008research,
  title={Research ethics in social science},
  author={Fisher, Celia B and Anushko, Andrea E},
  journal={The SAGE handbook of social research methods},
  pages={95--109},
  year={2008},
  publisher={Sage}
}

@book{rollin2006science,
  title={Science and ethics},
  author={Rollin, Bernard E},
  year={2006},
  publisher={Cambridge University Press}
}

@book{shrader1994ethics,
  title={Ethics of scientific research},
  author={Shrader-Frechette, Kristin Sharon},
  year={1994},
  publisher={Rowman \& Littlefield}
}

@book{resnik2005ethics,
  title={The ethics of science: An introduction},
  author={Resnik, David B},
  year={2005},
  publisher={Routledge}
}

@article{sun2018addressing,
  title={Addressing inequity: neglected tropical diseases and human rights},
  author={Sun, Nina and Amon, Joseph J},
  journal={Health and human rights},
  volume={20},
  number={1},
  pages={11},
  year={2018},
  publisher={Harvard University Press \& Fran{\c{c}}ois-Xavier Bagnoud Center for Health and~…}
}

@article{george2023addressing,
  title={Addressing neglected tropical diseases in Africa: a health equity perspective},
  author={George, Nsikakabasi Samuel and David, Success Chekwube and Nabiryo, Maxencia and Sunday, Blessing Abai and Olanrewaju, Omotayo Faith and Yangaza, Yonah and Shomuyiwa, Deborah Oluwaseun},
  journal={Global Health Research and Policy},
  volume={8},
  number={1},
  pages={30},
  year={2023},
  publisher={Springer}
}

@misc{ashkinaze2024aiideasaffectcreativity,
      title={How AI Ideas Affect the Creativity, Diversity, and Evolution of Human Ideas: Evidence From a Large, Dynamic Experiment}, 
      author={Joshua Ashkinaze and Julia Mendelsohn and Li Qiwei and Ceren Budak and Eric Gilbert},
      year={2024},
      eprint={2401.13481},
      archivePrefix={arXiv},
      primaryClass={cs.CY},
      url={https://arxiv.org/abs/2401.13481}, 
}

@misc{bellemarepepin2024divergentcreativityhumanslarge,
      title={Divergent Creativity in Humans and Large Language Models}, 
      author={Antoine Bellemare-Pepin and Fran{\cc}ois Lespinasse and Philipp Th{\"o}lke and Yann Harel and Kory Mathewson and Jay A. Olson and Yoshua Bengio and Karim Jerbi},
      year={2024},
      eprint={2405.13012},
      archivePrefix={arXiv},
      primaryClass={cs.CL},
      url={https://arxiv.org/abs/2405.13012}, 
}

@misc{wenger2025weredifferentweresame,
      title={We're Different, We're the Same: Creative Homogeneity Across LLMs}, 
      author={Emily Wenger and Yoed Kenett},
      year={2025},
      eprint={2501.19361},
      archivePrefix={arXiv},
      primaryClass={cs.CY},
      url={https://arxiv.org/abs/2501.19361}, 
}

@inproceedings{homogeneity_ideas,
author = {Anderson, Barrett R and Shah, Jash Hemant and Kreminski, Max},
title = {Homogenization Effects of Large Language Models on Human Creative Ideation},
year = {2024},
isbn = {9798400704857},
publisher = {Association for Computing Machinery},
address = {New York, NY, USA},
url = {https://doi.org/10.1145/3635636.3656204},
doi = {10.1145/3635636.3656204},
abstract = {Large language models (LLMs) are now being used in a wide variety of contexts, including as creativity support tools (CSTs) intended to help their users come up with new ideas. But do LLMs actually support user creativity? We hypothesized that the use of an LLM as a CST might make the LLM’s users feel more creative, and even broaden the range of ideas suggested by each individual user, but also homogenize the ideas suggested by different users. We conducted a 36-participant comparative user study and found, in accordance with the homogenization hypothesis, that different users tended to produce less semantically distinct ideas with ChatGPT than with an alternative CST. Additionally, ChatGPT users generated a greater number of more detailed ideas, but felt less responsible for the ideas they generated. We discuss potential implications of these findings for users, designers, and developers of LLM-based CSTs.},
booktitle = {Proceedings of the 16th Conference on Creativity \& Cognition},
pages = {413–425},
numpages = {13},
keywords = {creativity support tools, divergent ideation, large language models, user study},
location = {Chicago, IL, USA},
series = {C&C '24}
}

@article{elo1978rating,
  title={The rating of chessplayers: Past and present},
  author={Elo, Arpad E and Sloan, Sam},
  journal={(No Title)},
  year={1978}
}

@article{krishnamurthy2022drug,
  title={Drug repurposing: a systematic review on root causes, barriers and facilitators},
  author={Krishnamurthy, Nithya and Grimshaw, Alyssa A and Axson, Sydney A and Choe, Sung Hee and Miller, Jennifer E},
  journal={BMC health services research},
  volume={22},
  number={1},
  pages={970},
  year={2022},
  publisher={Springer}
}

@article{morselli2021network,
  title={Network medicine framework for identifying drug-repurposing opportunities for COVID-19},
  author={Morselli Gysi, Deisy and Do Valle, {\'I}talo and Zitnik, Marinka and Ameli, Asher and Gan, Xiao and Varol, Onur and Ghiassian, Susan Dina and Patten, JJ and Davey, Robert A and Loscalzo, Joseph and others},
  journal={Proceedings of the National Academy of Sciences},
  volume={118},
  number={19},
  pages={e2025581118},
  year={2021},
  publisher={National Acad Sciences}
}

@article{zitnik2018modeling,
  title={Modeling polypharmacy side effects with graph convolutional networks},
  author={Zitnik, Marinka and Agrawal, Monica and Leskovec, Jure},
  journal={Bioinformatics},
  volume={34},
  number={13},
  pages={i457--i466},
  year={2018},
  publisher={Oxford University Press}
}

@article{tu2023genetic,
  title={Genetic Discovery Enabled by A Large Language Model},
  author={Tu, Tao and Fang, Zhouqing and Cheng, Zhuanfen and Spasic, Svetolik and Palepu, Anil and Stankovic, Konstantina M and Natarajan, Vivek and Peltz, Gary},
  journal={bioRxiv},
  year={2023},
  publisher={Cold Spring Harbor Laboratory Preprints}
}

@article{chaves2024tx,
  title={Tx-LLM: A Large Language Model for Therapeutics},
  author={Chaves, Juan Manuel Zambrano and Wang, Eric and Tu, Tao and Vaishnav, Eeshit Dhaval and Lee, Byron and Mahdavi, S Sara and Semturs, Christopher and Fleet, David and Natarajan, Vivek and Azizi, Shekoofeh},
  journal={arXiv preprint arXiv:2406.06316},
  year={2024}
}

@article{shaw2024protex,
  title={ProtEx: A Retrieval-Augmented Approach for Protein Function Prediction},
  author={Shaw, Peter and Gurram, Bhaskar and Belanger, David and Gane, Andreea and Bileschi, Maxwell L and Colwell, Lucy J and Toutanova, Kristina and Parikh, Ankur P},
  journal={bioRxiv},
  pages={2024--05},
  year={2024},
  publisher={Cold Spring Harbor Laboratory}
}

@misc{depmap2024,
  title = {DepMap Q2 2024 Data Release},
  year = {2024},
  url = {https://depmap.org/portal/}}
}

@article{gepia2,
    author = {Tang, Zefang and Kang, Boxi and Li, Chenwei and Chen, Tianxiang and Zhang, Zemin},
    title = "{GEPIA2: an enhanced web server for large-scale expression profiling and interactive analysis}",
    journal = {Nucleic Acids Research},
    volume = {47},
    number = {W1},
    pages = {W556-W560},
    year = {2019},
    month = {05},
    abstract = "{Introduced in 2017, the GEPIA (Gene Expression Profiling Interactive Analysis) web server has been a valuable and highly cited resource for gene expression analysis based on tumor and normal samples from the TCGA and the GTEx databases. Here, we present GEPIA2, an updated and enhanced version to provide insights with higher resolution and more functionalities. Featuring 198 619 isoforms and 84 cancer subtypes, GEPIA2 has extended gene expression quantification from the gene level to the transcript level, and supports analysis of a specific cancer subtype, and comparison between subtypes. In addition, GEPIA2 has adopted new analysis techniques of gene signature quantification inspired by single-cell sequencing studies, and provides customized analysis where users can upload their own RNA-seq data and compare them with TCGA and GTEx samples. We also offer an API for batch process and easy retrieval of the analysis results. The updated web server is publicly accessible at http://gepia2.cancer-pku.cn/.}",
    issn = {0305-1048},
    doi = {10.1093/nar/gkz430},
    url = {https://doi.org/10.1093/nar/gkz430},
    eprint = {https://academic.oup.com/nar/article-pdf/47/W1/W556/28879658/gkz430.pdf},
}

@article{xia2024drug,
  title={Drug repurposing for cancer therapy},
  author={Xia, Ying and Sun, Ming and Huang, Hai and Jin, Wei-Lin},
  journal={Signal Transduction and Targeted Therapy},
  volume={9},
  number={1},
  pages={92},
  year={2024},
  month={04},
  day={19},
  doi={10.1038/s41392-024-01808-1},
  url={https://doi.org/10.1038/s41392-024-01808-1},
  abstract={Cancer, a complex and multifactorial disease, presents a significant challenge to global health. Despite significant advances in surgical, radiotherapeutic and immunological approaches, which have improved cancer treatment outcomes, drug therapy continues to serve as a key therapeutic strategy. However, the clinical efficacy of drug therapy is often constrained by drug resistance and severe toxic side effects, and thus there remains a critical need to develop novel cancer therapeutics. One promising strategy that has received widespread attention in recent years is drug repurposing: the identification of new applications for existing, clinically approved drugs. Drug repurposing possesses several inherent advantages in the context of cancer treatment since repurposed drugs are typically cost-effective, proven to be safe, and can significantly expedite the drug development process due to their already established safety profiles. In light of this, the present review offers a comprehensive overview of the various methods employed in drug repurposing, specifically focusing on the repurposing of drugs to treat cancer. We describe the antitumor properties of candidate drugs, and discuss in detail how they target both the hallmarks of cancer in tumor cells and the surrounding tumor microenvironment. In addition, we examine the innovative strategy of integrating drug repurposing with nanotechnology to enhance topical drug delivery. We also emphasize the critical role that repurposed drugs can play when used as part of a combination therapy regimen. To conclude, we outline the challenges associated with repurposing drugs and consider the future prospects of these repurposed drugs transitioning into clinical application.},
  sn={2059-3635}
}

@article{johnson2016mimic,
  title={MIMIC-III, a freely accessible critical care database},
  author={Johnson, Alistair EW and Pollard, Tom J and Shen, Lu and Lehman, Li-wei H and Feng, Mengling and Ghassemi, Mohammad and Moody, Benjamin and Szolovits, Peter and Anthony Celi, Leo and Mark, Roger G},
  journal={Scientific data},
  volume={3},
  number={1},
  pages={1--9},
  year={2016},
  publisher={Nature Publishing Group}
}

@article{jin2021disease,
  title={What disease does this patient have? a large-scale open domain question answering dataset from medical exams},
  author={Jin, Di and Pan, Eileen and Oufattole, Nassim and Weng, Wei-Hung and Fang, Hanyi and Szolovits, Peter},
  journal={Applied Sciences},
  volume={11},
  number={14},
  pages={6421},
  year={2021},
  publisher={MDPI}
}

@article{singhal2023towards,
  title={Towards expert-level medical question answering with large language models},
  author={Singhal, Karan and Tu, Tao and Gottweis, Juraj and Sayres, Rory and Wulczyn, Ellery and Hou, Le and Clark, Kevin and Pfohl, Stephen and Cole-Lewis, Heather and Neal, Darlene and others},
  journal={arXiv preprint arXiv:2305.09617},
  year={2023}
}

@misc{mcduff2023accurate,
      title={Towards Accurate Differential Diagnosis with Large Language Models}, 
      author={Daniel McDuff and Mike Schaekermann and Tao Tu and Anil Palepu and Amy Wang and Jake Garrison and Karan Singhal and Yash Sharma and Shekoofeh Azizi and Kavita Kulkarni and Le Hou and Yong Cheng and Yun Liu and S Sara Mahdavi and Sushant Prakash and Anupam Pathak and Christopher Semturs and Shwetak Patel and Dale R Webster and Ewa Dominowska and Juraj Gottweis and Joelle Barral and Katherine Chou and Greg S Corrado and Yossi Matias and Jake Sunshine and Alan Karthikesalingam and Vivek Natarajan},
      year={2023},
      eprint={2312.00164},
      archivePrefix={arXiv},
      primaryClass={cs.CY}
}

@article{thoppilan2022lamda,
  title={Lamda: Language models for dialog applications},
  author={Thoppilan, Romal and De Freitas, Daniel and Hall, Jamie and Shazeer, Noam and Kulshreshtha, Apoorv and Cheng, Heng-Tze and Jin, Alicia and Bos, Taylor and Baker, Leslie and Du, Yu and others},
  journal={arXiv preprint arXiv:2201.08239},
  year={2022}
}

@article{levine2023diagnostic,
  title={The Diagnostic and Triage Accuracy of the GPT-3 Artificial Intelligence Model},
  author={Levine, David M and Tuwani, Rudraksh and Kompa, Benjamin and Varma, Amita and Finlayson, Samuel G and Mehrotra, Ateev and Beam, Andrew},
  journal={medRxiv},
  pages={2023--01},
  year={2023},
  publisher={Cold Spring Harbor Laboratory Press}
}

@inproceedings{du2022glam,
  title={Glam: Efficient scaling of language models with mixture-of-experts},
  author={Du, Nan and Huang, Yanping and Dai, Andrew M and Tong, Simon and Lepikhin, Dmitry and Xu, Yuanzhong and Krikun, Maxim and Zhou, Yanqi and Yu, Adams Wei and Firat, Orhan and others},
  booktitle={International Conference on Machine Learning},
  pages={5547--5569},
  year={2022},
  organization={PMLR}
}

@article{liu2021pre,
  title={Pre-train, prompt, and predict: A systematic survey of prompting methods in natural language processing},
  author={Liu, Pengfei and Yuan, Weizhe and Fu, Jinlan and Jiang, Zhengbao and Hayashi, Hiroaki and Neubig, Graham},
  journal={arXiv preprint arXiv:2107.13586},
  year={2021}
}


@article{kaplan2020scaling,
  title={Scaling laws for neural language models},
  author={Kaplan, Jared and McCandlish, Sam and Henighan, Tom and Brown, Tom B and Chess, Benjamin and Child, Rewon and Gray, Scott and Radford, Alec and Wu, Jeffrey and Amodei, Dario},
  journal={arXiv preprint arXiv:2001.08361},
  year={2020}
}

@article{brown2020language,
  title={Language models are few-shot learners},
  author={Brown, Tom and Mann, Benjamin and Ryder, Nick and Subbiah, Melanie and Kaplan, Jared D and Dhariwal, Prafulla and Neelakantan, Arvind and Shyam, Pranav and Sastry, Girish and Askell, Amanda and others},
  journal={Advances in neural information processing systems},
  volume={33},
  pages={1877--1901},
  year={2020}
}


@article{creel2022algorithmic,
  title={The Algorithmic Leviathan: Arbitrariness, Fairness, and Opportunity in Algorithmic Decision-Making Systems},
  author={Creel, Kathleen and Hellman, Deborah},
  journal={Canadian Journal of Philosophy},
  pages={1--18},
  year={2022},
  publisher={Cambridge University Press}
}

@article{walsh2017measuring,
  title={Measuring harm in healthcare: optimizing adverse event review},
  author={Walsh, Kathleen E and Harik, Polina and Mazor, Kathleen M and Perfetto, Deborah and Anatchkova, Milena and Biggins, Colleen and Wagner, Joann and Schoettker, Pamela J and Firneno, Cassandra and Klugman, Robert and others},
  journal={Medical care},
  volume={55},
  number={4},
  pages={436},
  year={2017},
  publisher={NIH Public Access}
}

@article{rae2021scaling,
  title={Scaling language models: Methods, analysis \& insights from training gopher},
  author={Rae, Jack W and Borgeaud, Sebastian and Cai, Trevor and Millican, Katie and Hoffmann, Jordan and Song, Francis and Aslanides, John and Henderson, Sarah and Ring, Roman and Young, Susannah and others},
  journal={arXiv preprint arXiv:2112.11446},
  year={2021}
}


@article{hoffmann2022training,
  title={Training Compute-Optimal Large Language Models},
  author={Hoffmann, Jordan and Borgeaud, Sebastian and Mensch, Arthur and Buchatskaya, Elena and Cai, Trevor and Rutherford, Eliza and Casas, Diego de Las and Hendricks, Lisa Anne and Welbl, Johannes and Clark, Aidan and others},
  journal={arXiv preprint arXiv:2203.15556},
  year={2022}
}
@article{black2022gpt,
  title={{GPT-Neox-20b}: An open-source autoregressive language model},
  author={Black, Sid and Biderman, Stella and Hallahan, Eric and Anthony, Quentin and Gao, Leo and Golding, Laurence and He, Horace and Leahy, Connor and McDonell, Kyle and Phang, Jason and others},
  journal={arXiv preprint arXiv:2204.06745},
  year={2022}
}

@misc{ma2025safetyscalecomprehensivesurvey,
      title={Safety at Scale: A Comprehensive Survey of Large Model Safety}, 
      author={Xingjun Ma and Yifeng Gao and Yixu Wang and Ruofan Wang and Xin Wang and Ye Sun and Yifan Ding and Hengyuan Xu and Yunhao Chen and Yunhan Zhao and Hanxun Huang and Yige Li and Jiaming Zhang and Xiang Zheng and Yang Bai and Zuxuan Wu and Xipeng Qiu and Jingfeng Zhang and Yiming Li and Jun Sun and Cong Wang and Jindong Gu and Baoyuan Wu and Siheng Chen and Tianwei Zhang and Yang Liu and Mingming Gong and Tongliang Liu and Shirui Pan and Cihang Xie and Tianyu Pang and Yinpeng Dong and Ruoxi Jia and Yang Zhang and Shiqing Ma and Xiangyu Zhang and Neil Gong and Chaowei Xiao and Sarah Erfani and Bo Li and Masashi Sugiyama and Dacheng Tao and James Bailey and Yu-Gang Jiang},
      year={2025},
      eprint={2502.05206},
      archivePrefix={arXiv},
      primaryClass={cs.CR},
      url={https://arxiv.org/abs/2502.05206}, 
}

@article{zhang2022opt,
  title={{OPT}: Open pre-trained transformer language models},
  author={Zhang, Susan and Roller, Stephen and Goyal, Naman and Artetxe, Mikel and Chen, Moya and Chen, Shuohui and Dewan, Christopher and Diab, Mona and Li, Xian and Lin, Xi Victoria and others},
  journal={arXiv preprint arXiv:2205.01068},
  year={2022}
}

@article{chowdhery2022palm,
  title={{PaLM}: Scaling language modeling with pathways},
  author={Chowdhery, Aakanksha and Narang, Sharan and Devlin, Jacob and Bosma, Maarten and Mishra, Gaurav and Roberts, Adam and Barham, Paul and Chung, Hyung Won and Sutton, Charles and Gehrmann, Sebastian and others},
  journal={arXiv preprint arXiv:2204.02311},
  year={2022}
}

@article{hendrycks2020measuring,
  title={Measuring massive multitask language understanding},
  author={Hendrycks, Dan and Burns, Collin and Basart, Steven and Zou, Andy and Mazeika, Mantas and Song, Dawn and Steinhardt, Jacob},
  journal={arXiv preprint arXiv:2009.03300},
  year={2020}
}


@article{wei2021finetuned,
  title={Finetuned language models are zero-shot learners},
  author={Wei, Jason and Bosma, Maarten and Zhao, Vincent Y and Guu, Kelvin and Yu, Adams Wei and Lester, Brian and Du, Nan and Dai, Andrew M and Le, Quoc V},
  journal={arXiv preprint arXiv:2109.01652},
  year={2021}
}

@article{chung2022scaling,
  title={Scaling instruction-finetuned language models},
  author={Chung, Hyung Won and Hou, Le and Longpre, Shayne and Zoph, Barret and Tay, Yi and Fedus, William and Li, Eric and Wang, Xuezhi and Dehghani, Mostafa and Brahma, Siddhartha and others},
  journal={arXiv preprint arXiv:2210.11416},
  year={2022}
}

@article{scao2022bloom,
  title={{BLOOM}: A 176B-Parameter Open-Access Multilingual Language Model},
  author={Scao, Teven Le and Fan, Angela and Akiki, Christopher and Pavlick, Ellie and Ili{\'c}, Suzana and Hesslow, Daniel and Castagn{\'e}, Roman and Luccioni, Alexandra Sasha and Yvon, Fran{\c{c}}ois and Gall{\'e}, Matthias and others},
  journal={arXiv preprint arXiv:2211.05100},
  year={2022}
}

@article{lewkowycz2022solving,
  title={Solving quantitative reasoning problems with language models},
  author={Lewkowycz, Aitor and Andreassen, Anders and Dohan, David and Dyer, Ethan and Michalewski, Henryk and Ramasesh, Vinay and Slone, Ambrose and Anil, Cem and Schlag, Imanol and Gutman-Solo, Theo and others},
  journal={arXiv preprint arXiv:2206.14858},
  year={2022}
}


@article{jin2019pubmedqa,
  title={{PubMedQA}: A dataset for biomedical research question answering},
  author={Jin, Qiao and Dhingra, Bhuwan and Liu, Zhengping and Cohen, William W and Lu, Xinghua},
  journal={arXiv preprint arXiv:1909.06146},
  year={2019}
}

@misc{fedus2021switch,
  title={Switch transformers: Scaling to trillion parameter models with simple and efficient sparsity},
  author={Fedus, William and Zoph, Barret and Shazeer, Noam},
  year={2021}
}

@article{lester2021power,
  title={The power of scale for parameter-efficient prompt tuning},
  author={Lester, Brian and Al-Rfou, Rami and Constant, Noah},
  journal={arXiv preprint arXiv:2104.08691},
  year={2021}
}

@article{agrawal2022large,
  title={Large Language Models are Zero-Shot Clinical Information Extractors},
  author={Agrawal, Monica and Hegselmann, Stefan and Lang, Hunter and Kim, Yoon and Sontag, David},
  journal={arXiv preprint arXiv:2205.12689},
  year={2022}
}

@article{lievin2022can,
  title={Can large language models reason about medical questions?},
  author={Li{\'e}vin, Valentin and Hother, Christoffer Egeberg and Winther, Ole},
  journal={arXiv preprint arXiv:2207.08143},
  year={2022}
}

@article{4928,
  author = {Tamara Williams and Marilyn Szekendi and Stephen Pavkovic and Wanda Clevenger and Julie Cerese},
  title = {The reliability of AHRQ Common Format Harm Scales in rating patient safety events.},
  year = {2015},
  journal = {J Patient Saf},
  volume = {11},
  pages = {52-59},
  month = {03/2015},
  issn = {1549-8425},
  doi = {10.1097/PTS.0b013e3182948ef9},
  language = {eng},
}


@article{feng2022chard,
  title={{CHARD}: Clinical Health-Aware Reasoning Across Dimensions for Text Generation Models},
  author={Feng, Steven Y and Khetan, Vivek and Sacaleanu, Bogdan and Gershman, Anatole and Hovy, Eduard},
  journal={arXiv preprint arXiv:2210.04191},
  year={2022}
}

@article{taylor2022galactica,
  title={{Galactica}: A Large Language Model for Science},
  author={Taylor, Ross and Kardas, Marcin and Cucurull, Guillem and Scialom, Thomas and Hartshorn, Anthony and Saravia, Elvis and Poulton, Andrew and Kerkez, Viktor and Stojnic, Robert},
  journal={arXiv preprint arXiv:2211.09085},
  year={2022}
}

@article{lampinen2022can,
  title={Can language models learn from explanations in context?},
  author={Lampinen, Andrew K and Dasgupta, Ishita and Chan, Stephanie CY and Matthewson, Kory and Tessler, Michael Henry and Creswell, Antonia and McClelland, James L and Wang, Jane X and Hill, Felix},
  journal={arXiv preprint arXiv:2204.02329},
  year={2022}
}

@article{valmeekam2022large,
  title={Large Language Models Still Can't Plan (A Benchmark for {LLMs} on Planning and Reasoning about Change)},
  author={Valmeekam, Karthik and Olmo, Alberto and Sreedharan, Sarath and Kambhampati, Subbarao},
  journal={arXiv preprint arXiv:2206.10498},
  year={2022}
}

@article{wang2022self,
  title={Self-consistency improves chain of thought reasoning in language models},
  author={Wang, Xuezhi and Wei, Jason and Schuurmans, Dale and Le, Quoc and Chi, Ed and Zhou, Denny},
  journal={arXiv preprint arXiv:2203.11171},
  year={2022}
}

@article{zhou2022least,
  title={Least-to-Most Prompting Enables Complex Reasoning in Large Language Models},
  author={Zhou, Denny and Sch{\"a}rli, Nathanael and Hou, Le and Wei, Jason and Scales, Nathan and Wang, Xuezhi and Schuurmans, Dale and Bousquet, Olivier and Le, Quoc and Chi, Ed},
  journal={arXiv preprint arXiv:2205.10625},
  year={2022}
}

@article{lakkaraju2022rethinking,
  title={Rethinking Explainability as a Dialogue: A Practitioner's Perspective},
  author={Lakkaraju, Himabindu and Slack, Dylan and Chen, Yuxin and Tan, Chenhao and Singh, Sameer},
  journal={arXiv preprint arXiv:2202.01875},
  year={2022}
}

@inproceedings{schaekermann2020expert,
  title={Expert discussions improve comprehension of difficult cases in medical image assessment},
  author={Schaekermann, Mike and Cai, Carrie J and Huang, Abigail E and Sayres, Rory},
  booktitle={Proceedings of the 2020 CHI conference on human factors in computing systems},
  pages={1--13},
  year={2020}
}

@article{esteva2021deep,
  title={Deep learning-enabled medical computer vision},
  author={Esteva, Andre and Chou, Katherine and Yeung, Serena and Naik, Nikhil and Madani, Ali and Mottaghi, Ali and Liu, Yun and Topol, Eric and Dean, Jeff and Socher, Richard},
  journal={NPJ digital medicine},
  volume={4},
  number={1},
  pages={1--9},
  year={2021},
  publisher={Nature Publishing Group}
}

@article{tomavsev2021use,
  title={Use of deep learning to develop continuous-risk models for adverse event prediction from electronic health records},
  author={Toma{\v{s}}ev, Nenad and Harris, Natalie and Baur, Sebastien and Mottram, Anne and Glorot, Xavier and Rae, Jack W and Zielinski, Michal and Askham, Harry and Saraiva, Andre and Magliulo, Valerio and others},
  journal={Nature Protocols},
  volume={16},
  number={6},
  pages={2765--2787},
  year={2021},
  publisher={Nature Publishing Group}
}



@inproceedings{pal2022medmcqa,
  title={{MedMCQA}: A Large-scale Multi-Subject Multi-Choice Dataset for Medical domain Question Answering},
  author={Pal, Ankit and Umapathi, Logesh Kumar and Sankarasubbu, Malaikannan},
  booktitle={Conference on Health, Inference, and Learning},
  pages={248--260},
  year={2022},
  organization={PMLR}
}

@inproceedings{abacha2017overview,
  title={Overview of the medical question answering task at {TREC} 2017 {LiveQA}.},
  author={Abacha, Asma Ben and Agichtein, Eugene and Pinter, Yuval and Demner-Fushman, Dina},
  booktitle={TREC},
  pages={1--12},
  year={2017}
}

@inproceedings{abacha2019bridging,
  title={Bridging the Gap Between Consumers' Medication Questions and Trusted Answers.},
  author={Abacha, Asma Ben and Mrabet, Yassine and Sharp, Mark and Goodwin, Travis R and Shooshan, Sonya E and Demner-Fushman, Dina},
  booktitle={MedInfo},
  pages={25--29},
  year={2019}
}

@article{srivastava2022beyond,
  title={Beyond the Imitation Game: Quantifying and extrapolating the capabilities of language models},
  author={Srivastava, Aarohi and Rastogi, Abhinav and Rao, Abhishek and Shoeb, Abu Awal Md and Abid, Abubakar and Fisch, Adam and Brown, Adam R and Santoro, Adam and Gupta, Aditya and Garriga-Alonso, Adri{\`a} and others},
  journal={arXiv preprint arXiv:2206.04615},
  year={2022}
}

@article{korngiebel2021considering,
  title={Considering the possibilities and pitfalls of Generative Pre-trained Transformer 3 {(GPT-3)} in healthcare delivery},
  author={Korngiebel, Diane M and Mooney, Sean D},
  journal={NPJ Digital Medicine},
  volume={4},
  number={1},
  pages={1--3},
  year={2021},
  publisher={Nature Publishing Group}
}


@article{sezgin2022operationalizing,
  title={Operationalizing and Implementing Pretrained, Large Artificial Intelligence Linguistic Models in the US Health Care System: Outlook of Generative Pretrained Transformer 3 {(GPT-3)} as a Service Model},
  author={Sezgin, Emre and Sirrianni, Joseph and Linwood, Simon L and others},
  journal={JMIR Medical Informatics},
  volume={10},
  number={2},
  pages={e32875},
  year={2022},
  publisher={JMIR Publications Inc., Toronto, Canada}
}

@article{hong2022scholarbert,
  title={{ScholarBERT}: Bigger is Not Always Better},
  author={Hong, Zhi and Ajith, Aswathy and Pauloski, Gregory and Duede, Eamon and Malamud, Carl and Magoulas, Roger and Chard, Kyle and Foster, Ian},
  journal={arXiv preprint arXiv:2205.11342},
  year={2022}
}

@article{shin2020biomegatron,
  title={BioMegatron: Larger biomedical domain language model},
  author={Shin, Hoo-Chang and Zhang, Yang and Bakhturina, Evelina and Puri, Raul and Patwary, Mostofa and Shoeybi, Mohammad and Mani, Raghav},
  journal={arXiv preprint arXiv:2010.06060},
  year={2020}
}

@inproceedings{lewis2020pretrained,
  title={Pretrained language models for biomedical and clinical tasks: Understanding and extending the state-of-the-art},
  author={Lewis, Patrick and Ott, Myle and Du, Jingfei and Stoyanov, Veselin},
  booktitle={Proceedings of the 3rd Clinical Natural Language Processing Workshop},
  pages={146--157},
  year={2020}
}

@article{beltagy2019scibert,
  title={{SciBERT}: A pretrained language model for scientific text},
  author={Beltagy, Iz and Lo, Kyle and Cohan, Arman},
  journal={arXiv preprint arXiv:1903.10676},
  year={2019}
}

@article{luo2022biogpt,
  title={{BioGPT}: generative pre-trained transformer for biomedical text generation and mining},
  author={Luo, Renqian and Sun, Liai and Xia, Yingce and Qin, Tao and Zhang, Sheng and Poon, Hoifung and Liu, Tie-Yan},
  journal={Briefings in Bioinformatics},
  volume={23},
  number={6},
  year={2022},
  publisher={Oxford Academic}
}

@article{tran2022plex,
  title={Plex: Towards reliability using pretrained large model extensions},
  author={Tran, Dustin and Liu, Jeremiah and Dusenberry, Michael W and Phan, Du and Collier, Mark and Ren, Jie and Han, Kehang and Wang, Zi and Mariet, Zelda and Hu, Huiyi and others},
  journal={arXiv preprint arXiv:2207.07411},
  year={2022}
}

@article{gu2021domain,
  title={Domain-specific language model pretraining for biomedical natural language processing},
  author={Gu, Yu and Tinn, Robert and Cheng, Hao and Lucas, Michael and Usuyama, Naoto and Liu, Xiaodong and Naumann, Tristan and Gao, Jianfeng and Poon, Hoifung},
  journal={ACM Transactions on Computing for Healthcare (HEALTH)},
  volume={3},
  number={1},
  pages={1--23},
  year={2021},
  publisher={ACM New York, NY}
}

@article{kadavath2022language,
  title={Language models (mostly) know what they know},
  author={Kadavath, Saurav and Conerly, Tom and Askell, Amanda and Henighan, Tom and Drain, Dawn and Perez, Ethan and Schiefer, Nicholas and Dodds, Zac Hatfield and DasSarma, Nova and Tran-Johnson, Eli and others},
  journal={arXiv preprint arXiv:2207.05221},
  year={2022}
}

@article{lin2022teaching,
  title={Teaching Models to Express Their Uncertainty in Words},
  author={Lin, Stephanie and Hilton, Jacob and Evans, Owain},
  journal={arXiv preprint arXiv:2205.14334},
  year={2022}
}

@article{lee2020biobert,
  title={BioBERT: a pre-trained biomedical language representation model for biomedical text mining},
  author={Lee, Jinhyuk and Yoon, Wonjin and Kim, Sungdong and Kim, Donghyeon and Kim, Sunkyu and So, Chan Ho and Kang, Jaewoo},
  journal={Bioinformatics},
  volume={36},
  number={4},
  pages={1234--1240},
  year={2020},
  publisher={Oxford University Press}
}

@article{papanikolaou2020dare,
  title={{DARE}: Data augmented relation extraction with gpt-2},
  author={Papanikolaou, Yannis and Pierleoni, Andrea},
  journal={arXiv preprint arXiv:2004.13845},
  year={2020}
}

@article{joshi2017triviaqa,
  title={{TriviaQA}: A large scale distantly supervised challenge dataset for reading comprehension},
  author={Joshi, Mandar and Choi, Eunsol and Weld, Daniel S and Zettlemoyer, Luke},
  journal={arXiv preprint arXiv:1705.03551},
  year={2017}
}

@article{ouyang2022training,
  title={Training language models to follow instructions with human feedback},
  author={Ouyang, Long and Wu, Jeff and Jiang, Xu and Almeida, Diogo and Wainwright, Carroll L and Mishkin, Pamela and Zhang, Chong and Agarwal, Sandhini and Slama, Katarina and Ray, Alex and others},
  journal={arXiv preprint arXiv:2203.02155},
  year={2022}
}

@article{barham2022pathways,
  title={Pathways: Asynchronous distributed dataflow for ML},
  author={Barham, Paul and Chowdhery, Aakanksha and Dean, Jeff and Ghemawat, Sanjay and Hand, Steven and Hurt, Daniel and Isard, Michael and Lim, Hyeontaek and Pang, Ruoming and Roy, Sudip and others},
  journal={Proceedings of Machine Learning and Systems},
  volume={4},
  pages={430--449},
  year={2022}
}

@article{sanh2021multitask,
  title={Multitask prompted training enables zero-shot task generalization},
  author={Sanh, Victor and Webson, Albert and Raffel, Colin and Bach, Stephen H and Sutawika, Lintang and Alyafeai, Zaid and Chaffin, Antoine and Stiegler, Arnaud and Scao, Teven Le and Raja, Arun and others},
  journal={arXiv preprint arXiv:2110.08207},
  year={2021}
}

@article{wei2022emergent,
  title={Emergent abilities of large language models},
  author={Wei, Jason and Tay, Yi and Bommasani, Rishi and Raffel, Colin and Zoph, Barret and Borgeaud, Sebastian and Yogatama, Dani and Bosma, Maarten and Zhou, Denny and Metzler, Donald and others},
  journal={arXiv preprint arXiv:2206.07682},
  year={2022}
}

@article{yim2020predicting,
  title={Predicting conversion to wet age-related macular degeneration using deep learning},
  author={Yim, Jason and Chopra, Reena and Spitz, Terry and Winkens, Jim and Obika, Annette and Kelly, Christopher and Askham, Harry and Lukic, Marko and Huemer, Josef and Fasler, Katrin and others},
  journal={Nature Medicine},
  volume={26},
  number={6},
  pages={892--899},
  year={2020},
  publisher={Nature Publishing Group}
}

@article{bommasani2021opportunities,
  title={On the opportunities and risks of foundation models},
  author={Bommasani, Rishi and Hudson, Drew A and Adeli, Ehsan and Altman, Russ and Arora, Simran and von Arx, Sydney and Bernstein, Michael S and Bohg, Jeannette and Bosselut, Antoine and Brunskill, Emma and others},
  journal={arXiv preprint arXiv:2108.07258},
  year={2021}
}

@article{vaswani2017attention,
  title={Attention is all you need},
  author={Vaswani, Ashish and Shazeer, Noam and Parmar, Niki and Uszkoreit, Jakob and Jones, Llion and Gomez, Aidan N and Kaiser, {\L}ukasz and Polosukhin, Illia},
  journal={Advances in neural information processing systems},
  volume={30},
  year={2017}
}

@article{cobbe2021training,
  title={Training verifiers to solve math word problems},
  author={Cobbe, Karl and Kosaraju, Vineet and Bavarian, Mohammad and Hilton, Jacob and Nakano, Reiichiro and Hesse, Christopher and Schulman, John},
  journal={arXiv preprint arXiv:2110.14168},
  year={2021}
}

@article{kojima2022large,
  title={Large Language Models are Zero-Shot Reasoners},
  author={Kojima, Takeshi and Gu, Shixiang Shane and Reid, Machel and Matsuo, Yutaka and Iwasawa, Yusuke},
  journal={arXiv preprint arXiv:2205.11916},
  year={2022}
}

@article{pampari2018emrqa,
  title={emrqa: A large corpus for question answering on electronic medical records},
  author={Pampari, Anusri and Raghavan, Preethi and Liang, Jennifer and Peng, Jian},
  journal={arXiv preprint arXiv:1809.00732},
  year={2018}
}

@article{tsatsaronis2015overview,
  title={An overview of the BIOASQ large-scale biomedical semantic indexing and question answering competition},
  author={Tsatsaronis, George and Balikas, Georgios and Malakasiotis, Prodromos and Partalas, Ioannis and Zschunke, Matthias and Alvers, Michael R and Weissenborn, Dirk and Krithara, Anastasia and Petridis, Sergios and Polychronopoulos, Dimitris and others},
  journal={BMC bioinformatics},
  volume={16},
  number={1},
  pages={1--28},
  year={2015},
  publisher={BioMed Central}
}

@article{clark2020tydi,
  title={TyDi QA: A benchmark for information-seeking question answering in typologically diverse languages},
  author={Clark, Jonathan H and Choi, Eunsol and Collins, Michael and Garrette, Dan and Kwiatkowski, Tom and Nikolaev, Vitaly and Palomaki, Jennimaria},
  journal={Transactions of the Association for Computational Linguistics},
  volume={8},
  pages={454--470},
  year={2020},
  publisher={MIT Press}
}

@article{nye2021show,
  title={Show your work: Scratchpads for intermediate computation with language models},
  author={Nye, Maxwell and Andreassen, Anders Johan and Gur-Ari, Guy and Michalewski, Henryk and Austin, Jacob and Bieber, David and Dohan, David and Lewkowycz, Aitor and Bosma, Maarten and Luan, David and others},
  journal={arXiv preprint arXiv:2112.00114},
  year={2021}
}

@article{li2021prefix,
  title={Prefix-tuning: Optimizing continuous prompts for generation},
  author={Li, Xiang Lisa and Liang, Percy},
  journal={arXiv preprint arXiv:2101.00190},
  year={2021}
}

@article{loshchilov2017decoupled,
  title={Decoupled weight decay regularization},
  author={Loshchilov, Ilya and Hutter, Frank},
  journal={arXiv preprint arXiv:1711.05101},
  year={2017}
}

@inproceedings{papineni2002bleu,
  title={Bleu: a method for automatic evaluation of machine translation},
  author={Papineni, Kishore and Roukos, Salim and Ward, Todd and Zhu, Wei-Jing},
  booktitle={Proceedings of the 40th annual meeting of the Association for Computational Linguistics},
  pages={311--318},
  year={2002}
}

@article{morgado2017scale,
  title={Scale development: ten main limitations and recommendations to improve future research practices},
  author={Morgado, Fabiane FR and Meireles, Juliana FF and Neves, Clara M and Amaral, Ana and Ferreira, Maria EC},
  journal={Psicologia: Reflexao e Critica},
  volume={30},
  year={2017},
  publisher={SciELO Brasil}
}

@article{williams2015reliability,
  title={The reliability of AHRQ Common Format Harm Scales in rating patient safety events},
  author={Williams, Tamara and Szekendi, Marilyn and Pavkovic, Stephen and Clevenger, Wanda and Cerese, Julie},
  journal={Journal of patient safety},
  volume={11},
  number={1},
  pages={52--59},
  year={2015},
  publisher={JSTOR}
}

@article{han2022ptr,
  title={Ptr: Prompt tuning with rules for text classification},
  author={Han, Xu and Zhao, Weilin and Ding, Ning and Liu, Zhiyuan and Sun, Maosong},
  journal={AI Open},
  year={2022},
  publisher={Elsevier}
}

@article{gu2021ppt,
  title={Ppt: Pre-trained prompt tuning for few-shot learning},
  author={Gu, Yuxian and Han, Xu and Liu, Zhiyuan and Huang, Minlie},
  journal={arXiv preprint arXiv:2109.04332},
  year={2021}
}

@article{ye2022retrieval,
  title={Retrieval of Soft Prompt Enhances Zero-Shot Task Generalization},
  author={Ye, Seonghyeon and Jang, Joel and Kim, Doyoung and Jo, Yongrae and Seo, Minjoon},
  journal={arXiv preprint arXiv:2210.03029},
  year={2022}
}

@article{liu2021gpt,
  title={GPT understands, too},
  author={Liu, Xiao and Zheng, Yanan and Du, Zhengxiao and Ding, Ming and Qian, Yujie and Yang, Zhilin and Tang, Jie},
  journal={arXiv preprint arXiv:2103.10385},
  year={2021}
}

@article{yasunaga2022deep,
  title={Deep bidirectional language-knowledge graph pretraining},
  author={Yasunaga, Michihiro and Bosselut, Antoine and Ren, Hongyu and Zhang, Xikun and Manning, Christopher D and Liang, Percy and Leskovec, Jure},
  journal={arXiv preprint arXiv:2210.09338},
  year={2022}
}

@misc{bolton2022pubmedgpt,
  author = {Bolton, Elliot and Hall, David and Yasunaga, Michihiro and Lee, Tony and Manning, Chris and Liang, Percy},
  title = {Stanford CRFM Introduces PubMedGPT 2.7B},
  howpublished = {\url{https://hai.stanford.edu/news/stanford-crfm-introduces-pubmedgpt-27b}},
  year = 2022
}

@article{yasunaga2022linkbert,
  title={LinkBERT: Pretraining Language Models with Document Links},
  author={Yasunaga, Michihiro and Leskovec, Jure and Liang, Percy},
  journal={arXiv preprint arXiv:2203.15827},
  year={2022}
}

@software{gpt-neo,
  author       = {Black, Sid and
                  Gao, Leo and
                  Wang, Phil and
                  Leahy, Connor and
                  Biderman, Stella},
  title        = {{GPT-Neo: Large Scale Autoregressive Language 
                  Modeling with Mesh-Tensorflow}},
  month        = mar,
  year         = 2021,
  note         = {{If you use this software, please cite it using 
                  these metadata.}},
  publisher    = {Zenodo},
  version      = {1.0},
  doi          = {10.5281/zenodo.5297715},
  url          = {https://doi.org/10.5281/zenodo.5297715}
}

@article{kington2021identifying,
  title={Identifying credible sources of health information in social media: Principles and attributes},
  author={Kington, Raynard S and Arnesen, Stacey and Chou, Wen-Ying Sylvia and Curry, Susan J and Lazer, David and Villarruel, Antonia M},
  journal={NAM perspectives},
  volume={2021},
  year={2021},
  publisher={National Academy of Medicine}
}

@misc{Mandavilli2021Medical,
  author = {Mandavilli, Apoorva},
  title = {Medical Journals Blind to Racism as Health Crisis, Critics Say},
  howpublished = {\url{https://www.nytimes.com/2021/06/02/health/jama-racism-bauchner.html}},
  year = 2021
}

@article{berkman2011health,
  title={Health literacy interventions and outcomes: an updated systematic review.},
  author={Berkman, Nancy D and Sheridan, Stacey L and Donahue, Katrina E and Halpern, David J and Viera, Anthony and Crotty, Karen and Holland, Audrey and Brasure, Michelle and Lohr, Kathleen N and Harden, Elizabeth and others},
  journal={Evidence report/technology assessment},
  number={199},
  pages={1--941},
  year={2011}
}

@article{shoemaker2014development,
  title={Development of the Patient Education Materials Assessment Tool (PEMAT): a new measure of understandability and actionability for print and audiovisual patient information},
  author={Shoemaker, Sarah J and Wolf, Michael S and Brach, Cindy},
  journal={Patient education and counseling},
  volume={96},
  number={3},
  pages={395--403},
  year={2014},
  publisher={Elsevier}
}

@article{boateng2018best,
  title={Best practices for developing and validating scales for health, social, and behavioral research: a primer},
  author={Boateng, Godfred O and Neilands, Torsten B and Frongillo, Edward A and Melgar-Qui{\~n}onez, Hugo R and Young, Sera L},
  journal={Frontiers in public health},
  volume={6},
  pages={149},
  year={2018},
  publisher={Frontiers Media SA}
}

@article{weidinger2021ethical,
  title={Ethical and social risks of harm from language models},
  author={Weidinger, Laura and Mellor, John and Rauh, Maribeth and Griffin, Conor and Uesato, Jonathan and Huang, Po-Sen and Cheng, Myra and Glaese, Mia and Balle, Borja and Kasirzadeh, Atoosa and others},
  journal={arXiv preprint arXiv:2112.04359},
  year={2021}
}

@article{liang2022holistic,
  title={Holistic evaluation of language models},
  author={Liang, Percy and Bommasani, Rishi and Lee, Tony and Tsipras, Dimitris and Soylu, Dilara and Yasunaga, Michihiro and Zhang, Yian and Narayanan, Deepak and Wu, Yuhuai and Kumar, Ananya and others},
  journal={arXiv preprint arXiv:2211.09110},
  year={2022}
}

@article{liu2022medical,
  title={The medical algorithmic audit},
  author={Liu, Xiaoxuan and Glocker, Ben and McCradden, Melissa M and Ghassemi, Marzyeh and Denniston, Alastair K and Oakden-Rayner, Lauren},
  journal={The Lancet Digital Health},
  year={2022},
  publisher={Elsevier}
}

@inproceedings{raji2020closing,
  title={Closing the AI accountability gap: Defining an end-to-end framework for internal algorithmic auditing},
  author={Raji, Inioluwa Deborah and Smart, Andrew and White, Rebecca N and Mitchell, Margaret and Gebru, Timnit and Hutchinson, Ben and Smith-Loud, Jamila and Theron, Daniel and Barnes, Parker},
  booktitle={Proceedings of the 2020 conference on fairness, accountability, and transparency},
  pages={33--44},
  year={2020}
}

@article{rostamzadeh2022healthsheet,
  title={Healthsheet: Development of a Transparency Artifact for Health Datasets},
  author={Rostamzadeh, Negar and Mincu, Diana and Roy, Subhrajit and Smart, Andrew and Wilcox, Lauren and Pushkarna, Mahima and Schrouff, Jessica and Amironesei, Razvan and Moorosi, Nyalleng and Heller, Katherine},
  journal={arXiv preprint arXiv:2202.13028},
  year={2022}
}

@article{gebru2021datasheets,
  title={Datasheets for datasets},
  author={Gebru, Timnit and Morgenstern, Jamie and Vecchione, Briana and Vaughan, Jennifer Wortman and Wallach, Hanna and Iii, Hal Daum{\'e} and Crawford, Kate},
  journal={Communications of the ACM},
  volume={64},
  number={12},
  pages={86--92},
  year={2021},
  publisher={ACM New York, NY, USA}
}

 @misc{google/flan-t5-xl, title={Google/Flan-T5-XL},url={https://huggingface.co/google/flan-t5-xl}} 

@inproceedings{mitchell2019model,
  title={Model cards for model reporting},
  author={Mitchell, Margaret and Wu, Simone and Zaldivar, Andrew and Barnes, Parker and Vasserman, Lucy and Hutchinson, Ben and Spitzer, Elena and Raji, Inioluwa Deborah and Gebru, Timnit},
  booktitle={Proceedings of the conference on fairness, accountability, and transparency},
  pages={220--229},
  year={2019}
}

@inproceedings{garg2019counterfactual,
  title={Counterfactual fairness in text classification through robustness},
  author={Garg, Sahaj and Perot, Vincent and Limtiaco, Nicole and Taly, Ankur and Chi, Ed H and Beutel, Alex},
  booktitle={Proceedings of the 2019 AAAI/ACM Conference on AI, Ethics, and Society},
  pages={219--226},
  year={2019}
}

@article{ackley1985learning,
  title={A learning algorithm for Boltzmann machines},
  author={Ackley, David H and Hinton, Geoffrey E and Sejnowski, Terrence J},
  journal={Cognitive science},
  volume={9},
  number={1},
  pages={147--169},
  year={1985},
  publisher={Elsevier}
}

@article{ficler2017controlling,
  title={Controlling linguistic style aspects in neural language generation},
  author={Ficler, Jessica and Goldberg, Yoav},
  journal={arXiv preprint arXiv:1707.02633},
  year={2017}
}

@article{prabhakaran2019perturbation,
  title={Perturbation sensitivity analysis to detect unintended model biases},
  author={Prabhakaran, Vinodkumar and Hutchinson, Ben and Mitchell, Margaret},
  journal={arXiv preprint arXiv:1910.04210},
  year={2019}
}

@inproceedings{zhang2020hurtful,
  title={Hurtful words: quantifying biases in clinical contextual word embeddings},
  author={Zhang, Haoran and Lu, Amy X and Abdalla, Mohamed and McDermott, Matthew and Ghassemi, Marzyeh},
  booktitle={proceedings of the ACM Conference on Health, Inference, and Learning},
  pages={110--120},
  year={2020}
}

@article{wang2022towards,
  title={Towards Understanding Chain-of-Thought Prompting:
An Empirical Study of What Matters},
  author={Wang, boshi and Min, Sewon and Deng, Xiang and Shen, Jiaming and Wu, You and Zettlemoyer, Luke and Sun, Huan},
  journal={arXiv preprint arXiv:2212.10001},
  year={2022}
}

@misc{white2022blueprint,
  author = {White House Office of Science and Technology Policy},
  title = {The Blueprint for an AI Bill of Rights: Making Automated Systems Work for the American People},
  howpublished = {\url{https://www.whitehouse.gov/wp-content/uploads/2022/10/Blueprint-for-an-AI-Bill-of-Rights.pdf}},
  year = 2022
}

@misc{google2023palm2,
  author = {Google},
  title = {PaLM 2 Technical Report},
  howpublished = {\url{https://ai.google/static/documents/palm2techreport.pdf}},
  year = 2023
}

@article{matheny2022artificial,
  title={Artificial Intelligence in Health Care: The Hope, the Hype, the Promise, the Peril},
  author={Matheny, Michael and Israni, Sonoo Thadaney and Ahmed, Mahnoor and Whicher, Danielle},
  booktitle={Washington, DC: National Academy of Medicine},
  year={2022}

}

@article{guidance2021ethics,
  title={Ethics and governance of artificial intelligence for health},
  author={Guidance, WHO},
  journal={World Health Organization},
  year={2021}
}

@article{kleinberg2021algorithmic,
  title={Algorithmic monoculture and social welfare},
  author={Kleinberg, Jon and Raghavan, Manish},
  journal={Proceedings of the National Academy of Sciences},
  volume={118},
  number={22},
  pages={e2018340118},
  year={2021},
  publisher={National Acad Sciences}
}


@misc{Bommasani2022Language,
  author = {Bommasani, Rishi and Liang, Percy and Lee, Tony},
  title = {Language Models are Changing AI: The Need for Holistic Evaluation},
  howpublished = {\url{https://crfm.stanford.edu/2022/11/17/helm.html}},
  year = 2022
}


@article{chen2021ethical,
  title={Ethical machine learning in healthcare},
  author={Chen, Irene Y and Pierson, Emma and Rose, Sherri and Joshi, Shalmali and Ferryman, Kadija and Ghassemi, Marzyeh},
  journal={Annual review of biomedical data science},
  volume={4},
  pages={123--144},
  year={2021},
  publisher={Annual Reviews}
}

@article{hooker2021moving,
  title={Moving beyond “algorithmic bias is a data problem”},
  author={Hooker, Sara},
  journal={Patterns},
  volume={2},
  number={4},
  pages={100241},
  year={2021},
  publisher={Elsevier}
}

@misc{vyas2020hidden,
  title={Hidden in plain sight—reconsidering the use of race correction in clinical algorithms},
  author={Vyas, Darshali A and Eisenstein, Leo G and Jones, David S},
  journal={New England Journal of Medicine},
  volume={383},
  number={9},
  pages={874--882},
  year={2020},
  publisher={Mass Medical Soc}
}

@article{eneanya2022health,
  title={Health inequities and the inappropriate use of race in nephrology},
  author={Eneanya, Nwamaka D and Boulware, L and Tsai, Jennifer and Bruce, Marino A and Ford, Chandra L and Harris, Christina and Morales, Leo S and Ryan, Michael J and Reese, Peter P and Thorpe, Roland J and others},
  journal={Nature Reviews Nephrology},
  volume={18},
  number={2},
  pages={84--94},
  year={2022},
  publisher={Nature Publishing Group}
}

@article{singhal2022large,
  title={Large Language Models Encode Clinical Knowledge},
  author={Singhal, Karan and Azizi, Shekoofeh and Tu, Tao and Mahdavi, S Sara and Wei, Jason and Chung, Hyung Won and Scales, Nathan and Tanwani, Ajay and Cole-Lewis, Heather and Pfohl, Stephen and others},
  journal={arXiv preprint arXiv:2212.13138},
  year={2022}
}

@article{nori2023capabilities,
  title={Capabilities of gpt-4 on medical challenge problems},
  author={Nori, Harsha and King, Nicholas and McKinney, Scott Mayer and Carignan, Dean and Horvitz, Eric},
  journal={arXiv preprint arXiv:2303.13375},
  year={2023}
}


@article{kung2023performance,
  title={Performance of ChatGPT on USMLE: Potential for AI-assisted medical education using large language models},
  author={Kung, Tiffany H and Cheatham, Morgan and Medenilla, Arielle and Sillos, Czarina and De Leon, Lorie and Elepa{\~n}o, Camille and Madriaga, Maria and Aggabao, Rimel and Diaz-Candido, Giezel and Maningo, James and others},
  journal={PLoS digital health},
  volume={2},
  number={2},
  pages={e0000198},
  year={2023},
  publisher={Public Library of Science}
}

@article{lehman2023we,
  title={Do We Still Need Clinical Language Models?},
  author={Lehman, Eric and Hernandez, Evan and Mahajan, Diwakar and Wulff, Jonas and Smith, Micah J and Ziegler, Zachary and Nadler, Daniel and Szolovits, Peter and Johnson, Alistair and Alsentzer, Emily},
  journal={arXiv preprint arXiv:2302.08091},
  year={2023}
}

@article{antaki2023evaluating,
  title={Evaluating the performance of chatgpt in ophthalmology: An analysis of its successes and shortcomings},
  author={Antaki, Fares and Touma, Samir and Milad, Daniel and El-Khoury, Jonathan and Duval, Renaud},
  journal={Ophthalmology Science},
  pages={100324},
  year={2023},
  publisher={Elsevier}
}

@article{cascella2023evaluating,
  title={Evaluating the feasibility of ChatGPT in healthcare: an analysis of multiple clinical and research scenarios},
  author={Cascella, Marco and Montomoli, Jonathan and Bellini, Valentina and Bignami, Elena},
  journal={Journal of Medical Systems},
  volume={47},
  number={1},
  pages={1--5},
  year={2023},
  publisher={Springer}
}

@article{duong2023analysis,
  title={Analysis of large-language model versus human performance for genetics questions},
  author={Duong, Dat and Solomon, Benjamin D},
  journal={medRxiv},
  pages={2023--01},
  year={2023},
  publisher={Cold Spring Harbor Laboratory Press}
}

@article{oh2023chatgpt,
  title={ChatGPT Goes to Operating Room: Evaluating GPT-4 Performance and Its Potential in Surgical Education and Training in the Era of Large Language Models},
  author={Oh, Namkee and Choi, Gyu-Seong and Lee, Woo Yong},
  journal={medRxiv},
  pages={2023--03},
  year={2023},
  publisher={Cold Spring Harbor Laboratory Press}
}

@article{nair2023dera,
  title={DERA: Enhancing Large Language Model Completions with Dialog-Enabled Resolving Agents},
  author={Nair, Varun and Schumacher, Elliot and Tso, Geoffrey and Kannan, Anitha},
  journal={arXiv preprint arXiv:2303.17071},
  year={2023}
}

@article{silver2018general,
  title={A general reinforcement learning algorithm that masters chess, shogi, and Go through self-play},
  author={Silver, David and Hubert, Thomas and Schrittwieser, Julian and Antonoglou, Ioannis and Lai, Matthew and Guez, Arthur and Lanctot, Marc and Sifre, Laurent and Kumaran, Dharshan and Graepel, Thore and others},
  journal={Science},
  volume={362},
  number={6419},
  pages={1140--1144},
  year={2018},
  publisher={American Association for the Advancement of Science}
}

@article{jumper2021highly,
  title={Highly accurate protein structure prediction with AlphaFold},
  author={Jumper, John and Evans, Richard and Pritzel, Alexander and Green, Tim and Figurnov, Michael and Ronneberger, Olaf and Tunyasuvunakool, Kathryn and Bates, Russ and {\v{Z}}{\'i}dek, Augustin and Potapenko, Anna and others},
  journal={Nature},
  volume={596},
  number={7873},
  pages={583--589},
  year={2021},
  publisher={Nature Publishing Group UK London}
}

@article{shortliffe1987computer,
  title={Computer programs to support clinical decision making},
  author={Shortliffe, Edward H},
  journal={Jama},
  volume={258},
  number={1},
  pages={61--66},
  year={1987},
  publisher={American Medical Association}
}

@article{schwartz1987medicine,
  title={Medicine and the computer: the promise and problems of change},
  author={Schwartz, William B},
  journal={Use and impact of computers in clinical medicine},
  pages={321--335},
  year={1987},
  publisher={Springer}
}

@article{bobrow1994categorical,
  title={Categorical and probabilistic reasoning in medicine revisited},
  author={Bobrow, Daniel G},
  year={1994},
  publisher={MIT Press}
}

@article{liu2002tests,
  title={Tests for equivalence or non-inferiority for paired binary data},
  author={Liu, Jen-pei and Hsueh, Huey-miin and Hsieh, Eric and Chen, James J},
  journal={Statistics in medicine},
  volume={21},
  number={2},
  pages={231--245},
  year={2002},
  publisher={Wiley Online Library}
}

@article{randolph2005free,
  title={Free-Marginal Multirater Kappa (multirater K [free]): An Alternative to Fleiss' Fixed-Marginal Multirater Kappa.},
  author={Randolph, Justus J},
  journal={Online submission},
  year={2005},
  publisher={ERIC}
}

@article{ayers2023comparing,
  title={Comparing Physician and Artificial Intelligence Chatbot Responses to Patient Questions Posted to a Public Social Media Forum},
  author={Ayers, John W and Poliak, Adam and Dredze, Mark and Leas, Eric C and Zhu, Zechariah and Kelley, Jessica B and Faix, Dennis J and Goodman, Aaron M and Longhurst, Christopher A and Hogarth, Michael and others},
  journal={JAMA Internal Medicine},
  year={2023}
}

@article{raffel2020exploring,
  title={Exploring the limits of transfer learning with a unified text-to-text transformer},
  author={Raffel, Colin and Shazeer, Noam and Roberts, Adam and Lee, Katherine and Narang, Sharan and Matena, Michael and Zhou, Yanqi and Li, Wei and Liu, Peter J},
  journal={The Journal of Machine Learning Research},
  volume={21},
  number={1},
  pages={5485--5551},
  year={2020},
  publisher={JMLRORG}
}

@article{devlin2018bert,
  title={Bert: Pre-training of deep bidirectional transformers for language understanding},
  author={Devlin, Jacob and Chang, Ming-Wei and Lee, Kenton and Toutanova, Kristina},
  journal={arXiv preprint arXiv:1810.04805},
  year={2018}
}


@article{sun2022recitation,
  title={Recitation-Augmented Language Models},
  author={Sun, Zhiqing and Wang, Xuezhi and Tay, Yi and Yang, Yiming and Zhou, Denny},
  journal={arXiv preprint arXiv:2210.01296},
  year={2022}
}

@article{madaan2023self,
  title={Self-refine: Iterative refinement with self-feedback},
  author={Madaan, Aman and Tandon, Niket and Gupta, Prakhar and Hallinan, Skyler and Gao, Luyu and Wiegreffe, Sarah and Alon, Uri and Dziri, Nouha and Prabhumoye, Shrimai and Yang, Yiming and others},
  journal={arXiv preprint arXiv:2303.17651},
  year={2023}
}


@article{inker2021new,
  title={New creatinine-and cystatin C--based equations to estimate GFR without race},
  author={Inker, Lesley A and Eneanya, Nwamaka D and Coresh, Josef and Tighiouart, Hocine and Wang, Dan and Sang, Yingying and Crews, Deidra C and Doria, Alessandro and Estrella, Michelle M and Froissart, Marc and others},
  journal={New England Journal of Medicine},
  volume={385},
  number={19},
  pages={1737--1749},
  year={2021},
  publisher={Mass Medical Soc}
}

@article{rigby2019ethical,
  title={Ethical dimensions of using artificial intelligence in health care},
  author={Rigby, Michael J},
  journal={AMA Journal of Ethics},
  volume={21},
  number={2},
  pages={121--124},
  year={2019},
  publisher={American Medical Association}
}

@article{williams2019understanding,
  title={Understanding how discrimination can affect health},
  author={Williams, David R and Lawrence, Jourdyn A and Davis, Brigette A and Vu, Cecilia},
  journal={Health services research},
  volume={54},
  pages={1374--1388},
  year={2019},
  publisher={Wiley Online Library}
}

@article{yearby2020structural,
  title={Structural racism and health disparities: Reconfiguring the social determinants of health framework to include the root cause},
  author={Yearby, Ruqaiijah},
  journal={Journal of Law, Medicine \& Ethics},
  volume={48},
  number={3},
  pages={518--526},
  year={2020},
  publisher={Cambridge University Press}
}

@article{kossen2022active,
  title={Active Acquisition for Multimodal Temporal Data: A Challenging Decision-Making Task},
  author={Kossen, Jannik and Cangea, C{\u{a}}t{\u{a}}lina and V{\'e}rtes, Eszter and Jaegle, Andrew and Patraucean, Viorica and Ktena, Ira and Tomasev, Nenad and Belgrave, Danielle},
  journal={arXiv preprint arXiv:2211.05039},
  year={2022}
}

@article{perez2022red,
  title={Red teaming language models with language models},
  author={Perez, Ethan and Huang, Saffron and Song, Francis and Cai, Trevor and Ring, Roman and Aslanides, John and Glaese, Amelia and McAleese, Nat and Irving, Geoffrey},
  journal={arXiv preprint arXiv:2202.03286},
  year={2022}
}

@misc{openai2023gpt4,
      title={GPT-4 Technical Report}, 
      author={OpenAI},
      year={2023},
      eprint={2303.08774},
      archivePrefix={arXiv},
      primaryClass={cs.CL}
}

@article{khattab2022demonstrate,
  title={Demonstrate-Search-Predict: Composing retrieval and language models for knowledge-intensive NLP},
  author={Khattab, Omar and Santhanam, Keshav and Li, Xiang Lisa and Hall, David and Liang, Percy and Potts, Christopher and Zaharia, Matei},
  journal={arXiv preprint arXiv:2212.14024},
  year={2022}
}

@article{lewis2020retrieval,
  title={Retrieval-augmented generation for knowledge-intensive nlp tasks},
  author={Lewis, Patrick and Perez, Ethan and Piktus, Aleksandra and Petroni, Fabio and Karpukhin, Vladimir and Goyal, Naman and K{\"u}ttler, Heinrich and Lewis, Mike and Yih, Wen-tau and Rockt{\"a}schel, Tim and others},
  journal={Advances in Neural Information Processing Systems},
  volume={33},
  pages={9459--9474},
  year={2020}
}

@article{dhuliawala2023chain,
  title={Chain-of-Verification Reduces Hallucination in Large Language Models},
  author={Dhuliawala, Shehzaad and Komeili, Mojtaba and Xu, Jing and Raileanu, Roberta and Li, Xian and Celikyilmaz, Asli and Weston, Jason},
  journal={arXiv preprint arXiv:2309.11495},
  year={2023}
}

@article{callahan2021using,
  title={Using aggregate patient data at the bedside via an on-demand consultation service},
  author={Callahan, Alison and Gombar, Saurabh and Cahan, Eli M and Jung, Kenneth and Steinberg, Ethan and Polony, Vladimir and Morse, Keith and Tibshirani, Robert and Hastie, Trevor and Harrington, Robert and others},
  journal={NEJM Catalyst Innovations in Care Delivery},
  volume={2},
  number={10},
  year={2021},
  publisher={Massachusetts Medical Society}
}

@article{dash2023evaluation,
  title={Evaluation of GPT-3.5 and GPT-4 for supporting real-world information needs in healthcare delivery},
  author={Dash, Debadutta and Thapa, Rahul and Banda, Juan M and Swaminathan, Akshay and Cheatham, Morgan and Kashyap, Mehr and Kotecha, Nikesh and Chen, Jonathan H and Gombar, Saurabh and Downing, Lance and others},
  journal={arXiv preprint arXiv:2304.13714},
  year={2023}
}


@article{gross1998patient,
  title={Patient satisfaction with time spent with their physician},
  author={Gross, David A and Zyzanski, Stephen J and Borawski, Elaine A and Cebul, Randall D and Stange, Kurt C},
  journal={Journal of Family Practice},
  volume={47},
  number={2},
  pages={133--138},
  year={1998},
  publisher={[New York, Appleton-Century-Crofts]}
}

@article{tates2017effect,
  title={The effect of screen-to-screen versus face-to-face consultation on doctor-patient communication: an experimental study with simulated patients},
  author={Tates, Kiek and Antheunis, Marjolijn L and Kanters, Saskia and Nieboer, Theodoor E and Gerritse, Maria BE},
  journal={Journal of medical Internet research},
  volume={19},
  number={12},
  pages={e421},
  year={2017},
  publisher={JMIR Publications Toronto, Canada}
}

@article{zyzanski1998trade,
  title={Trade-offs in high-volume primary care practice},
  author={Zyzanski, Stephen J and Stange, Kurt C and Langa, Doreen M and Flocke, Susan A},
  journal={Journal of Family Practice},
  volume={46},
  number={5},
  pages={397--402},
  year={1998},
  publisher={[New York, Appleton-Century-Crofts]}
}

@article{tabenkin2004gender,
  title={Gender differences in time spent during direct observation of doctor-patient encounters},
  author={Tabenkin, Hava and Goodwin, Meredith A and Zyzanski, Stephen J and Stange, Kurt C and Medalie, Jack H},
  journal={Journal of Women's Health},
  volume={13},
  number={3},
  pages={341--349},
  year={2004},
  publisher={Mary Ann Liebert, Inc.}
}
  
@article{chiu2017speech,
  title={Speech recognition for medical conversations},
  author={Chiu, Chung-Cheng and Tripathi, Anshuman and Chou, Katherine and Co, Chris and Jaitly, Navdeep and Jaunzeikare, Diana and Kannan, Anjuli and Nguyen, Patrick and Sak, Hasim and Sankar, Ananth and others},
  journal={arXiv preprint arXiv:1711.07274},
  year={2017}
}
  
  

@article{team2023gemini,
  title={Gemini: a family of highly capable multimodal models},
  author={Team, Gemini and Anil, Rohan and Borgeaud, Sebastian and Wu, Yonghui and Alayrac, Jean-Baptiste and Yu, Jiahui and Soricut, Radu and Schalkwyk, Johan and Dai, Andrew M and Hauth, Anja and others},
  journal={arXiv preprint arXiv:2312.11805},
  year={2023}
}

@article{reid2024gemini,
  title={Gemini 1.5: Unlocking multimodal understanding across millions of tokens of context},
  author={Reid, Machel and Savinov, Nikolay and Teplyashin, Denis and Lepikhin, Dmitry and Lillicrap, Timothy and Alayrac, Jean-baptiste and Soricut, Radu and Lazaridou, Angeliki and Firat, Orhan and Schrittwieser, Julian and others},
  journal={arXiv preprint arXiv:2403.05530},
  year={2024}
}

@article{lu2024ai,
  title={The {AI} scientist: Towards fully automated open-ended scientific discovery},
  author={Lu, Chris and Lu, Cong and Lange, Robert Tjarko and Foerster, Jakob and Clune, Jeff and Ha, David},
  journal={arXiv preprint arXiv:2408.06292},
  year={2024}
}

@article{simon2024language,
  title={Language models for biological research: a primer},
  author={Simon, Elana and Swanson, Kyle and Zou, James},
  journal={Nature Methods},
  volume={21},
  number={8},
  pages={1422--1429},
  year={2024},
  publisher={Nature Publishing Group US New York}
}

@article{liang2024can,
  title={Can large language models provide useful feedback on research papers? A large-scale empirical analysis},
  author={Liang, Weixin and Zhang, Yuhui and Cao, Hancheng and Wang, Binglu and Ding, Daisy Yi and Yang, Xinyu and Vodrahalli, Kailas and He, Siyu and Smith, Daniel Scott and Yin, Yian and others},
  journal={NEJM AI},
  volume={1},
  number={8},
  pages={AIoa2400196},
  year={2024},
  publisher={Massachusetts Medical Society}
}

@article{ifargan2025autonomous,
  title={Autonomous LLM-Driven Research—from Data to Human-Verifiable Research Papers},
  author={Ifargan, Tal and Hafner, Lukas and Kern, Maor and Alcalay, Ori and Kishony, Roy},
  journal={NEJM AI},
  volume={2},
  number={1},
  pages={AIoa2400555},
  year={2025},
  publisher={Massachusetts Medical Society}
}

@article{keown2014antimicrobial,
  title={Antimicrobial resistance: addressing the global threat through greater awareness and transformative action},
  author={Keown, Oliver P and Warburton, Will and Davies, Sally C and Darzi, Ara},
  journal={Health Affairs},
  volume={33},
  number={9},
  pages={1620--1626},
  year={2014}
}

@article{stribling2024model,
  title={The model student: GPT-4 performance on graduate biomedical science exams},
  author={Stribling, Daniel and Xia, Yuxing and Amer, Maha K and Graim, Kiley S and Mulligan, Connie J and Renne, Rolf},
  journal={Scientific Reports},
  volume={14},
  number={1},
  pages={5670},
  year={2024},
  publisher={Nature Publishing Group UK London}
}

@article{sun202290,
  title={Why 90\% of clinical drug development fails and how to improve it?},
  author={Sun, Duxin and Gao, Wei and Hu, Hongxiang and Zhou, Simon},
  journal={Acta Pharmaceutica Sinica B},
  volume={12},
  number={7},
  pages={3049--3062},
  year={2022},
  publisher={Elsevier}
}

@article{rein2023gpqa,
  title={{GPQA}: A graduate-level google-proof q\&a benchmark},
  author={Rein, David and Hou, Betty Li and Stickland, Asa Cooper and Petty, Jackson and Pang, Richard Yuanzhe and Dirani, Julien and Michael, Julian and Bowman, Samuel R},
  journal={arXiv preprint arXiv:2311.12022},
  year={2023}
}

@article{jinek2012programmable,
  title={A programmable dual-RNA--guided DNA endonuclease in adaptive bacterial immunity},
  author={Jinek, Martin and Chylinski, Krzysztof and Fonfara, Ines and Hauer, Michael and Doudna, Jennifer A and Charpentier, Emmanuelle},
  journal={science},
  volume={337},
  number={6096},
  pages={816--821},
  year={2012},
  publisher={American Association for the Advancement of Science}
}

@article{hopfield1982neural,
  title={Neural networks and physical systems with emergent collective computational abilities.},
  author={Hopfield, John J},
  journal={Proceedings of the national academy of sciences},
  volume={79},
  number={8},
  pages={2554--2558},
  year={1982},
  publisher={National Acad Sciences}
}

@article{hinton1986learning,
  title={Learning and relearning in Boltzmann machines},
  author={Hinton, Geoffrey E and Sejnowski, Terrence J and others},
  journal={Parallel distributed processing: Explorations in the microstructure of cognition},
  volume={1},
  number={282-317},
  pages={2},
  year={1986}
}

@article{guo2025deepseek,
  title={Deepseek-r1: Incentivizing reasoning capability in llms via reinforcement learning},
  author={Guo, Daya and Yang, Dejian and Zhang, Haowei and Song, Junxiao and Zhang, Ruoyu and Xu, Runxin and Zhu, Qihao and Ma, Shirong and Wang, Peiyi and Bi, Xiao and others},
  journal={arXiv preprint arXiv:2501.12948},
  year={2025}
}

@article{jaech2024openai,
  title={Openai o1 system card},
  author={Jaech, Aaron and Kalai, Adam and Lerer, Adam and Richardson, Adam and El-Kishky, Ahmed and Low, Aiden and Helyar, Alec and Madry, Aleksander and Beutel, Alex and Carney, Alex and others},
  journal={arXiv preprint arXiv:2412.16720},
  year={2024}
}

@article{team2024gemini,
  title={Gemini 1.5: Unlocking multimodal understanding across millions of tokens of context},
  author={Team, Gemini and Georgiev, Petko and Lei, Ving Ian and Burnell, Ryan and Bai, Libin and Gulati, Anmol and Tanzer, Garrett and Vincent, Damien and Pan, Zhufeng and Wang, Shibo and others},
  journal={arXiv preprint arXiv:2403.05530},
  year={2024}
}

@article{wiesinger2024agents,
  title={Agents},
  author={Wiesinger, Julia and Marlow, Patrick and Vuskovic, Vladimir},
  year={2024}
}

@article{team2024gemma,
  title={Gemma: Open models based on gemini research and technology},
  author={Team, Gemma and Mesnard, Thomas and Hardin, Cassidy and Dadashi, Robert and Bhupatiraju, Surya and Pathak, Shreya and Sifre, Laurent and Rivi{\'e}re, Morgane and Kale, Mihir Sanjay and Love, Juliette and others},
  journal={arXiv preprint arXiv:2403.08295},
  year={2024}
}

@article{leslie2024frontier,
  title={‘Frontier AI,’Power, and the Public Interest: Who benefits, who decides?},
  author={Leslie, David and Ashurst, Carolyn and Gonz{\'a}lez, Natalia Men{\'e}ndez and Griffiths, Frances and Jayadeva, Smera and Jorgensen, Mackenzie and Katell, Michael and Krishna, Shyam and Kwiatkowski, Doschmund and Martins, Carolina Igl{\'e}sias and others},
  journal={Harvard Data Science Review},
  number={5},
  year={2024},
  publisher={MIT Press}
} 

@article{nick2014superintelligence,
  title={Superintelligence: Paths, dangers, strategies},
  author={Nick, Bostrom},
  year={2014},
  publisher={Oxford University Press, Oxford}
}

@inproceedings{chen2024more,
  title={Are More LLM Calls All You Need? Towards the Scaling Properties of Compound AI Systems},
  author={Chen, Lingjiao and Davis, Jared Quincy and Hanin, Boris and Bailis, Peter and Stoica, Ion and Zaharia, Matei and Zou, James},
  booktitle={The Thirty-eighth Annual Conference on Neural Information Processing Systems},
  year={2024}
}

@article{snell2024scaling,
  title={Scaling llm test-time compute optimally can be more effective than scaling model parameters},
  author={Snell, Charlie and Lee, Jaehoon and Xu, Kelvin and Kumar, Aviral},
  journal={arXiv preprint arXiv:2408.03314},
  year={2024}
}

@article{brown2019superhuman,
  title={Superhuman AI for multiplayer poker},
  author={Brown, Noam and Sandholm, Tuomas},
  journal={Science},
  volume={365},
  number={6456},
  pages={885--890},
  year={2019},
  publisher={American Association for the Advancement of Science}
}

@article{silver2016mastering,
  title={Mastering the game of Go with deep neural networks and tree search},
  author={Silver, David and Huang, Aja and Maddison, Chris J and Guez, Arthur and Sifre, Laurent and Van Den Driessche, George and Schrittwieser, Julian and Antonoglou, Ioannis and Panneershelvam, Veda and Lanctot, Marc and others},
  journal={Nature},
  volume={529},
  number={7587},
  pages={484--489},
  year={2016},
  publisher={Nature Publishing Group}
}

@book{gower2012scientific,
  title={Scientific method: A historical and philosophical introduction},
  author={Gower, Barry},
  year={2012},
  publisher={Routledge}
}

@article{achiam2023gpt,
  title={{GPT}-4 technical report},
  author={Achiam, Josh and Adler, Steven and Agarwal, Sandhini and Ahmad, Lama and Akkaya, Ilge and Aleman, Florencia Leoni and Almeida, Diogo and Altenschmidt, Janko and Altman, Sam and Anadkat, Shyamal and others},
  journal={arXiv preprint arXiv:2303.08774},
  year={2023}
}

@inproceedings{erhan2010does,
  title={Why does unsupervised pre-training help deep learning?},
  author={Erhan, Dumitru and Courville, Aaron and Bengio, Yoshua and Vincent, Pascal},
  booktitle={Proceedings of the thirteenth international conference on artificial intelligence and statistics},
  pages={201--208},
  year={2010},
  organization={JMLR Workshop and Conference Proceedings}
}

@article{radford2018improving,
  title={Improving language understanding by generative pre-training},
  author={Radford, Alec},
  year={2018}
}

@article{anil2023palm,
  title={Pa{LM} 2 technical report},
  author={Anil, Rohan and Dai, Andrew M and Firat, Orhan and Johnson, Melvin and Lepikhin, Dmitry and Passos, Alexandre and Shakeri, Siamak and Taropa, Emanuel and Bailey, Paige and Chen, Zhifeng and others},
  journal={arXiv preprint arXiv:2305.10403},
  year={2023}
}

@article{wei2022chain,
  title={Chain-of-thought prompting elicits reasoning in large language models},
  author={Wei, Jason and Wang, Xuezhi and Schuurmans, Dale and Bosma, Maarten and Xia, Fei and Chi, Ed and Le, Quoc V and Zhou, Denny and others},
  journal={Advances in neural information processing systems},
  volume={35},
  pages={24824--24837},
  year={2022}
}

@article{kahneman2011thinking,
  title={Thinking, fast and slow},
  author={Kahneman, Daniel},
  journal={Farrar, Straus and Giroux},
  year={2011}
}

@article{yao2024tree,
  title={Tree of thoughts: Deliberate problem solving with large language models},
  author={Yao, Shunyu and Yu, Dian and Zhao, Jeffrey and Shafran, Izhak and Griffiths, Tom and Cao, Yuan and Narasimhan, Karthik},
  journal={Advances in Neural Information Processing Systems},
  volume={36},
  year={2024}
}

@article{tu2024towards,
  title={Towards conversational diagnostic {AI}},
  author={Tu, Tao and Palepu, Anil and Schaekermann, Mike and Saab, Khaled and Freyberg, Jan and Tanno, Ryutaro and Wang, Amy and Li, Brenna and Amin, Mohamed and Tomasev, Nenad and others},
  journal={arXiv preprint arXiv:2401.05654},
  year={2024}
}

@article{wong2024discovery,
  title={Discovery of a structural class of antibiotics with explainable deep learning},
  author={Wong, Felix and Zheng, Erica J and Valeri, Jacqueline A and Donghia, Nina M and Anahtar, Melis N and Omori, Satotaka and Li, Alicia and Cubillos-Ruiz, Andres and Krishnan, Aarti and Jin, Wengong and others},
  journal={Nature},
  volume={626},
  number={7997},
  pages={177--185},
  year={2024},
  publisher={Nature Publishing Group UK London}
}

@article{zambaldi2024novo,
  title={De novo design of high-affinity protein binders with AlphaProteo},
  author={Zambaldi, Vinicius and La, David and Chu, Alexander E and Patani, Harshnira and Danson, Amy E and Kwan, Tristan OC and Frerix, Thomas and Schneider, Rosalia G and Saxton, David and Thillaisundaram, Ashok and others},
  journal={arXiv preprint arXiv:2409.08022},
  year={2024}
}

@article{merchant2023scaling,
  title={Scaling deep learning for materials discovery},
  author={Merchant, Amil and Batzner, Simon and Schoenholz, Samuel S and Aykol, Muratahan and Cheon, Gowoon and Cubuk, Ekin Dogus},
  journal={Nature},
  volume={624},
  number={7990},
  pages={80--85},
  year={2023},
  publisher={Nature Publishing Group UK London}
}

@article{skarlinski2024language,
  title={Language agents achieve superhuman synthesis of scientific knowledge},
  author={Skarlinski, Michael D and Cox, Sam and Laurent, Jon M and Braza, James D and Hinks, Michaela and Hammerling, Michael J and Ponnapati, Manvitha and Rodriques, Samuel G and White, Andrew D},
  journal={arXiv preprint arXiv:2409.13740},
  year={2024}
}

@article{swanson2024virtual,
  title={The virtual lab: {AI} agents design new {SARS}-{CoV}-2 nanobodies with experimental validation},
  author={Swanson, Kyle and Wu, Wesley and Bulaong, Nash L and Pak, John E and Zou, James},
  journal={bioRxiv},
  pages={2024--11},
  year={2024},
  publisher={Cold Spring Harbor Laboratory}
}

@article{saab2024capabilities,
  title={Capabilities of gemini models in medicine},
  author={Saab, Khaled and Tu, Tao and Weng, Wei-Hung and Tanno, Ryutaro and Stutz, David and Wulczyn, Ellery and Zhang, Fan and Strother, Tim and Park, Chunjong and Vedadi, Elahe and others},
  journal={arXiv preprint arXiv:2404.18416},
  year={2024}
}

@article{nguyen2024sequence,
  title={Sequence modeling and design from molecular to genome scale with {Evo}},
  author={Nguyen, Eric and Poli, Michael and Durrant, Matthew G and Kang, Brian and Katrekar, Dhruva and Li, David B and Bartie, Liam J and Thomas, Armin W and King, Samuel H and Brixi, Garyk and others},
  journal={Science},
  volume={386},
  number={6723},
  pages={eado9336},
  year={2024},
  publisher={American Association for the Advancement of Science}
}

@article{lin2023evolutionary,
  title={Evolutionary-scale prediction of atomic-level protein structure with a language model},
  author={Lin, Zeming and Akin, Halil and Rao, Roshan and Hie, Brian and Zhu, Zhongkai and Lu, Wenting and Smetanin, Nikita and Verkuil, Robert and Kabeli, Ori and Shmueli, Yaniv and others},
  journal={Science},
  volume={379},
  number={6637},
  pages={1123--1130},
  year={2023},
  publisher={American Association for the Advancement of Science}
}

@article{ruffolo2024design,
  title={Design of highly functional genome editors by modeling the universe of CRISPR-Cas sequences},
  author={Ruffolo, Jeffrey A and Nayfach, Stephen and Gallagher, Joseph and Bhatnagar, Aadyot and Beazer, Joel and Hussain, Riffat and Russ, Jordan and Yip, Jennifer and Hill, Emily and Pacesa, Martin and others},
  journal={bioRxiv},
  pages={2024--04},
  year={2024},
  publisher={Cold Spring Harbor Laboratory}
}

@article{guan2021human,
  title={A human multi-lineage hepatic organoid model for liver fibrosis},
  author={Guan, Yuan and Enejder, Annika and Wang, Meiyue and Fang, Zhuoqing and Cui, Lu and Chen, Shih-Yu and Wang, Jingxiao and Tan, Yalun and Wu, Manhong and Chen, Xinyu and others},
  journal={Nature communications},
  volume={12},
  number={1},
  pages={6138},
  year={2021},
  publisher={Nature Publishing Group UK London}
}

@article{guan2024live,
  title={Live Cell Imaging of Human Liver Fibrosis using Hepatic Micro-Organoids},
  author={Guan, Yuan and Fang, Zhuoqing and Hu, Angelina and Roberts, Sarah and Wang, Meiyue and Ren, Wenlong and Johansson, Patrik K and Heilshorn, Sarah C and Enejder, Annika and Peltz, Gary},
  journal={JCI insight},
  year={2024},
  publisher={American Society for Clinical Investigation}
}

@article{guan2024hepatic,
  title={Hepatic organoids move from adolescence to maturity},
  author={Guan, Yuan and Peltz, Gary},
  journal={Liver International},
  volume={44},
  number={6},
  pages={1290--1297},
  year={2024},
  publisher={Wiley Online Library}
}

@article{muennighoff2025s1,
  title={s1: Simple test-time scaling},
  author={Muennighoff, Niklas and Yang, Zitong and Shi, Weijia and Li, Xiang Lisa and Fei-Fei, Li and Hajishirzi, Hannaneh and Zettlemoyer, Luke and Liang, Percy and Cand{\'e}s, Emmanuel and Hashimoto, Tatsunori},
  journal={arXiv preprint arXiv:2501.19393},
  year={2025}
}

@article{megat2023integrative,
  title={Integrative genetic analysis illuminates ALS heritability and identifies risk genes},
  author={Megat, Salim and Mora, Natalia and Sanogo, Jason and Roman, Olga and Catanese, Alberto and Alami, Najwa Ouali and Freischmidt, Axel and Mingaj, Xhuljana and De Calbiac, Hortense and Muratet, Fran{\c{c}}ois and others},
  journal={Nature communications},
  volume={14},
  number={1},
  pages={342},
  year={2023},
  publisher={Nature Publishing Group UK London}
}

@inproceedings{lecun1988theoretical,
  title={A theoretical framework for back-propagation},
  author={LeCun, Yann and Touresky, D and Hinton, G and Sejnowski, T},
  booktitle={Proceedings of the 1988 connectionist models summer school},
  volume={1},
  pages={21--28},
  year={1988}
}

@article{khan2024debating,
  title={Debating with more persuasive llms leads to more truthful answers},
  author={Khan, Akbir and Hughes, John and Valentine, Dan and Ruis, Laura and Sachan, Kshitij and Radhakrishnan, Ansh and Grefenstette, Edward and Bowman, Samuel R and Rockt{\"a}schel, Tim and Perez, Ethan},
  journal={arXiv preprint arXiv:2402.06782},
  year={2024}
}

@article{post2018fast,
  title={Fast lexically constrained decoding with dynamic beam allocation for neural machine translation},
  author={Post, Matt and Vilar, David},
  journal={arXiv preprint arXiv:1804.06609},
  year={2018}
}

@article{alqurainy2023widespread,
  title={A widespread family of phage-inducible chromosomal islands only steals bacteriophage tails to spread in nature},
  author={Alqurainy, Nasser and Miguel-Romero, Laura and de Sousa, Jorge Moura and Chen, John and Rocha, Eduardo PC and Fillol-Salom, Alfred and Penad{\'e}s, Jos{\'e} R},
  journal={Cell Host \& Microbe},
  volume={31},
  number={1},
  pages={69--82},
  year={2023},
  publisher={Elsevier}
}

@article{de2023identification,
  title={Identification and characterization of thousands of bacteriophage satellites across bacteria},
  author={de Sousa, Jorge A Moura and Fillol-Salom, Alfred and Penad{\'e}s, Jos{\'e} R and Rocha, Eduardo PC},
  journal={Nucleic acids research},
  volume={51},
  number={6},
  pages={2759--2777},
  year={2023},
  publisher={Oxford University Press}
}

@article{wang2025large,
  title={Large Language Model is Secretly a Protein Sequence Optimizer},
  author={Wang, Yinkai and He, Jiaxing and Du, Yuanqi and Chen, Xiaohui and Li, Jianan Canal and Liu, Li-Ping and Xu, Xiaolin and Hassoun, Soha},
  journal={arXiv preprint arXiv:2501.09274},
  year={2025}
}

@article{jones2025openai,
  title={{OpenAI's 'deep research' tool}: is it useful for scientists?},
  author={Jones, Nicola},
  journal={Nature News},
  year={2025},
  url={https://doi.org/10.1038/d41586-025-00377-9}
}

@article{baek2021accurate,
  title={Accurate prediction of protein structures and interactions using a three-track neural network},
  author={Baek, Minkyung and DiMaio, Frank and Anishchenko, Ivan and Dauparas, Justas and Ovchinnikov, Sergey and Lee, Gyu Rie and Wang, Jue and Cong, Qian and Kinch, Lisa N and Schaeffer, R Dustin and others},
  journal={Science},
  volume={373},
  number={6557},
  pages={871--876},
  year={2021},
  publisher={American Association for the Advancement of Science}
}

@article{lin2022language,
  title={Language models of protein sequences at the scale of evolution enable accurate structure prediction},
  author={Lin, Zeming and Akin, Halil and Rao, Roshan and Hie, Brian and Zhu, Zhongkai and Lu, Wenting and Smetanin, Nikita and dos Santos Costa, Allan and Fazel-Zarandi, Maryam and Sercu, Tom and Candido, Sal and others},
  journal={bioRxiv},
  year={2022},
  publisher={Cold Spring Harbor Laboratory}
}

@article{takahashi2007induction,
  title={Induction of pluripotent stem cells from adult human fibroblasts by defined factors},
  author={Takahashi, Kazutoshi and Tanabe, Koji and Ohnuki, Mari and Narita, Megumi and Ichisaka, Tomoko and Tomoda, Kiichiro and Yamanaka, Shinya},
  journal={cell},
  volume={131},
  number={5},
  pages={861--872},
  year={2007},
  publisher={Elsevier}
}

@article{hinton2015distilling,
  title={Distilling the Knowledge in a Neural Network},
  author={Hinton, Geoffrey},
  journal={arXiv preprint arXiv:1503.02531},
  year={2015}
}

@article{he2025chimeric,
  title={Chimeric infective particles expand species boundaries in phage inducible chromosomal island mobilization},
  author={He, Lingchen and Patkowski, Jonasz B and Miguel-Romero, Laura and Aylett, Christopher HS and Fillol-Salom, Alfred and Costa, Tiago RD and Penades, Jose R},
  journal={bioRxiv},
  pages={2025--02},
  year={2025},
  publisher={Cold Spring Harbor Laboratory}
}

@article{roberts2024scifibench,
  title={SciFIBench: Benchmarking Large Multimodal Models for Scientific Figure Interpretation},
  author={Roberts, Jonathan and Han, Kai and Houlsby, Neil and Albanie, Samuel},
  journal={arXiv preprint arXiv:2405.08807},
  year={2024}
}

@article{guo2024nf,
  title={NF-$\kappa$B in biology and targeted therapy: new insights and translational implications},
  author={Guo, Qing and Jin, Yizi and Chen, Xinyu and Ye, Xiaomin and Shen, Xin and Lin, Mingxi and Zeng, Cheng and Zhou, Teng and Zhang, Jian},
  journal={Signal Transduction and Targeted Therapy},
  volume={9},
  number={1},
  pages={53},
  year={2024},
  publisher={Nature Publishing Group UK London}
}

@article{brazil2024illuminating,
  title={Illuminating 'the ugly side of science': fresh incentives for reporting negative results},
  author={Brazil, Rachel},
  journal={Nature},
  year={2024}
}

@article{snell2024scaling,
  title={Scaling llm test-time compute optimally can be more effective than scaling model parameters},
  author={Snell, Charlie and Lee, Jaehoon and Xu, Kelvin and Kumar, Aviral},
  journal={arXiv preprint arXiv:2408.03314},
  year={2024}
}

@online{penades2025ai, 
    author={Penad{\'e}s, Jos{\'e} R and Gottweis, Juraj and He, Lingchen and Patkowski, Jonasz B and Shurick, Alexander and Weng, Wei-Hung and Tu, Tao and Palepu, Anil and Myaskovsky, Artiom and Pawlosky, Annalisa and Natarajan, Vivek and Karthikesalingam, Alan and Costa, Tiago R D},
    title={AI mirrors experimental science to uncover a novel mechanism of gene transfer crucial to bacterial evolution}, 
    url={https://storage.googleapis.com/coscientist_paper/penades2025ai.pdf}, 
    year={2025},
} 

% @online{guan2025ai, 
%     author={Guan, Yuan and Inchai, Jakkapong and Fang, Zhuoqing and Law, Jacky and Brito, Alberto Alonzo Garcia and Pawlosky, Annalisa and Gottweis, Juraj and Daryin, Alexander and Myaskovsky, Artiom and Palepu, Anil and Kulkarni, Kavita and Weng, Wei-Hung and Natarajan, Vivek and Karthikesalingam, Alan and Rong, Keran and Xu, Yunhan and Tu, Tao and Peltz, Gary}, 
%     title={AI-assisted Discovery of Drugs for Treatment of Human Liver Fibrosis}, 
%     url={TBD}, 
%     year={2025},
% }

@article{boiko2023autonomous,
  title={Autonomous chemical research with large language models},
  author={Boiko, Daniil A and MacKnight, Robert and Kline, Ben and Gomes, Gabe},
  journal={Nature},
  volume={624},
  number={7992},
  pages={570--578},
  year={2023},
  publisher={Nature Publishing Group UK London}
}

@article{zelikman2022star,
  title={Star: Bootstrapping reasoning with reasoning},
  author={Zelikman, Eric and Wu, Yuhuai and Mu, Jesse and Goodman, Noah},
  journal={Advances in Neural Information Processing Systems},
  volume={35},
  pages={15476--15488},
  year={2022}
}

@article{schmidgall2025agent,
  title={Agent laboratory: Using llm agents as research assistants},
  author={Schmidgall, Samuel and Su, Yusheng and Wang, Ze and Sun, Ximeng and Wu, Jialian and Yu, Xiaodong and Liu, Jiang and Liu, Zicheng and Barsoum, Emad},
  journal={arXiv preprint arXiv:2501.04227},
  year={2025}
}

@article{banker2004cholesterol,
  title={Cholesterol synthesis and import contribute to protective cholesterol increments in acute myeloid leukemia cells},
  author={Banker, Deborah E and Mayer, Sasha J and Li, Henry Y and Willman, Cheryl L and Appelbaum, Frederick R and Zager, Richard A},
  journal={Blood},
  volume={104},
  number={6},
  pages={1816--1824},
  year={2004},
  publisher={American Society of Hematology}
}

@article{bosman2016constitutive,
  title={Constitutive NF-$\kappa$B activation in AML: Causes and treatment strategies},
  author={Bosman, Matthieu Cornelis Johannes and Schuringa, Jan Jacob and Vellenga, Edo},
  journal={Critical reviews in oncology/hematology},
  volume={98},
  pages={35--44},
  year={2016},
  publisher={Elsevier}
}

@article{hou2023phf6,
  title={PHF6 maintains acute myeloid leukemia via regulating NF-$\kappa$B signaling pathway},
  author={Hou, Shuaibing and Wang, Xiaomin and Guo, Tengxiao and Lan, Yanjie and Yuan, Shengnan and Yang, Shuang and Zhao, Fei and Fang, Aizhong and Liu, Na and Yang, Wanzhu and others},
  journal={Leukemia},
  volume={37},
  number={8},
  pages={1626--1637},
  year={2023},
  publisher={Nature Publishing Group UK London}
}

@article{verstovsek2015comprehensive,
  title={A comprehensive review of pacritinib in myelofibrosis},
  author={Verstovsek, Srdan and Komrokji, Rami S},
  journal={Future Oncology},
  volume={11},
  number={20},
  pages={2819--2830},
  year={2015},
  publisher={Taylor \& Francis}
}

@article{perrone2023acute,
  title={How acute myeloid leukemia (AML) escapes from FMS-related tyrosine kinase 3 (FLT3) inhibitors? Still an overrated complication?},
  author={Perrone, Salvatore and Ottone, Tiziana and Zhdanovskaya, Nadezda and Molica, Matteo},
  journal={Cancer Drug Resistance},
  volume={6},
  number={2},
  pages={223},
  year={2023}
}

@article{van2019biomarker,
  title={Biomarker results from a phase II study of MEK1/2 inhibitor binimetinib (MEK162) in patients with advanced NRAS-or BRAF-mutated melanoma},
  author={Van Herpen, Carla ML and Agarwala, Sanjiv S and Hauschild, Axel and Berking, Carola and Beck, J Thaddeus and Schadendorf, Dirk and Jansen, Rob and Queirolo, Paola and Ascierto, Paolo A and Blank, Christian U and others},
  journal={Oncotarget},
  volume={10},
  number={19},
  pages={1850},
  year={2019}
}

@article{ball2021prognosis,
  title={The prognosis and durable clearance of RAS mutations in patients with acute myeloid leukemia receiving induction chemotherapy},
  author={Ball, Brian J and Hsu, Meier and Devlin, Sean M and Arcila, Maria and Roshal, Mikhail and Zhang, Yanming and Famulare, Chris A and Goldberg, Aaron D and Cai, Sheng F and Dunbar, Andrew and others},
  journal={American journal of hematology},
  volume={96},
  number={5},
  pages={E171},
  year={2021}
}
