@article{abdar2021review,
  title={A review of uncertainty quantification in deep learning: Techniques, applications and challenges},
  author={Abdar, Moloud and Pourpanah, Farhad and Hussain, Sadiq and Rezazadegan, Dana and Liu, Li and Ghavamzadeh, Mohammad and Fieguth, Paul and Cao, Xiaochun and Khosravi, Abbas and Acharya, U Rajendra and others},
  journal={Information fusion},
  volume={76},
  pages={243--297},
  year={2021},
  publisher={Elsevier}
}

@article{angelopoulos2020uncertainty,
  title={Uncertainty sets for image classifiers using conformal prediction},
  author={Angelopoulos, Anastasios and Bates, Stephen and Malik, Jitendra and Jordan, Michael I},
  journal={arXiv preprint arXiv:2009.14193},
  year={2020}
}

@article{angelopoulos2021gentle,
  title={A gentle introduction to conformal prediction and distribution-free uncertainty quantification},
  author={Angelopoulos, Anastasios N and Bates, Stephen},
  journal={arXiv preprint arXiv:2107.07511},
  year={2021}
}

@article{bhaskar2024planrl,
  title={PLANRL: A Motion Planning and Imitation Learning Framework to Bootstrap Reinforcement Learning},
  author={Bhaskar, Amisha and Mahammad, Zahiruddin and Jadhav, Sachin R and Tokekar, Pratap},
  journal={arXiv preprint arXiv:2408.04054},
  year={2024}
}

@article{edupuganti2020uncertainty,
  title={Uncertainty quantification in deep MRI reconstruction},
  author={Edupuganti, Vineet and Mardani, Morteza and Vasanawala, Shreyas and Pauly, John},
  journal={IEEE Transactions on Medical Imaging},
  volume={40},
  number={1},
  pages={239--250},
  year={2020},
  publisher={IEEE}
}

@article{feng2023cekd,
  title={CEKD: Cross-modal edge-privileged knowledge distillation for semantic scene understanding using only thermal images},
  author={Feng, Zhen and Guo, Yanning and Sun, Yuxiang},
  journal={IEEE Robotics and Automation Letters},
  volume={8},
  number={4},
  pages={2205--2212},
  year={2023},
  publisher={IEEE}
}

@inproceedings{gao2021bayesian,
  title={Bayesian deep graph matching for correspondence identification in collaborative perception},
  author={Gao, Peng and Zhang, Hao},
  booktitle={Robotics Science and Systems (RSS)},
  year={2021}
}

@article{gao2023uncertainty,
  title={Uncertainty-aware correspondence identification for collaborative perception},
  author={Gao, Peng and Zhu, Qingzhao and Zhang, Hao},
  journal={Autonomous Robots},
  volume={47},
  number={5},
  pages={635--648},
  year={2023},
  publisher={Springer}
}

@article{hinton2015distilling,
  title={Distilling the Knowledge in a Neural Network},
  author={Hinton, Geoffrey},
  journal={arXiv preprint arXiv:1503.02531},
  year={2015}
}

@article{hu2023imitation,
  title={Imitation Bootstrapped Reinforcement Learning},
  author={Hu, Hengyuan and Mirchandani, Suvir and Sadigh, Dorsa},
  journal={arXiv preprint arXiv:2311.02198},
  year={2023}
}

@inproceedings{jin2023multi,
  title={Multi-level logit distillation},
  author={Jin, Ying and Wang, Jiaqi and Lin, Dahua},
  booktitle={Proceedings of the IEEE/CVF Conference on Computer Vision and Pattern Recognition},
  pages={24276--24285},
  year={2023}
}

@inproceedings{karimi2023quantifying,
  title={Quantifying deep learning model uncertainty in conformal prediction},
  author={Karimi, Hamed and Samavi, Reza},
  booktitle={Proceedings of the AAAI Symposium Series},
  volume={1},
  number={1},
  pages={142--148},
  year={2023}
}

@article{kim2018paraphrasing,
  title={Paraphrasing complex network: Network compression via factor transfer},
  author={Kim, Jangho and Park, SeongUk and Kwak, Nojun},
  journal={Advances in neural information processing systems},
  volume={31},
  year={2018}
}

@article{kwon2020uncertainty,
  title={Uncertainty quantification using Bayesian neural networks in classification: Application to biomedical image segmentation},
  author={Kwon, Yongchan and Won, Joong-Ho and Kim, Beom Joon and Paik, Myunghee Cho},
  journal={Computational Statistics \& Data Analysis},
  volume={142},
  pages={106816},
  year={2020},
  publisher={Elsevier}
}

@inproceedings{lu2022improving,
  title={Improving trustworthiness of AI disease severity rating in medical imaging with ordinal conformal prediction sets},
  author={Lu, Charles and Angelopoulos, Anastasios N and Pomerantz, Stuart},
  booktitle={International Conference on Medical Image Computing and Computer-Assisted Intervention},
  pages={545--554},
  year={2022},
  organization={Springer}
}

@inproceedings{michelmore2020uncertainty,
  title={Uncertainty quantification with statistical guarantees in end-to-end autonomous driving control},
  author={Michelmore, Rhiannon and Wicker, Matthew and Laurenti, Luca and Cardelli, Luca and Gal, Yarin and Kwiatkowska, Marta},
  booktitle={2020 IEEE international conference on robotics and automation (ICRA)},
  pages={7344--7350},
  year={2020},
  organization={IEEE}
}

@inproceedings{mossina2024conformal,
  title={Conformal Semantic Image Segmentation: Post-hoc Quantification of Predictive Uncertainty},
  author={Mossina, Luca and Dalmau, Joseba and And{\'e}ol, L{\'e}o},
  booktitle={Proceedings of the IEEE/CVF Conference on Computer Vision and Pattern Recognition},
  pages={3574--3584},
  year={2024}
}

@inproceedings{passalis2018learning,
  title={Learning deep representations with probabilistic knowledge transfer},
  author={Passalis, Nikolaos and Tefas, Anastasios},
  booktitle={Proceedings of the European Conference on Computer Vision (ECCV)},
  pages={268--284},
  year={2018}
}

@article{romero2014fitnets,
  title={Fitnets: Hints for thin deep nets},
  author={Romero, Adriana and Ballas, Nicolas and Kahou, Samira Ebrahimi and Chassang, Antoine and Gatta, Carlo and Bengio, Yoshua},
  journal={arXiv preprint arXiv:1412.6550},
  year={2014}
}

@article{shafer2008tutorial,
  title={A tutorial on conformal prediction.},
  author={Shafer, Glenn and Vovk, Vladimir},
  journal={Journal of Machine Learning Research},
  volume={9},
  number={3},
  year={2008}
}

@inproceedings{shen2023auxiliary,
  title={Auxiliary modality learning with generalized curriculum distillation},
  author={Shen, Yu and Wang, Xijun and Gao, Peng and Lin, Ming},
  booktitle={International Conference on Machine Learning},
  pages={31057--31076},
  year={2023},
  organization={PMLR}
}

@inproceedings{sun2024logit,
  title={Logit standardization in knowledge distillation},
  author={Sun, Shangquan and Ren, Wenqi and Li, Jingzhi and Wang, Rui and Cao, Xiaochun},
  booktitle={Proceedings of the IEEE/CVF Conference on Computer Vision and Pattern Recognition},
  pages={15731--15740},
  year={2024}
}

@inproceedings{wang2023prototype,
  title={Prototype knowledge distillation for medical segmentation with missing modality},
  author={Wang, Shuai and Yan, Zipei and Zhang, Daoan and Wei, Haining and Li, Zhongsen and Li, Rui},
  booktitle={ICASSP 2023-2023 IEEE International Conference on Acoustics, Speech and Signal Processing (ICASSP)},
  pages={1--5},
  year={2023},
  organization={IEEE}
}

@article{zagoruyko2016paying,
  title={Paying more attention to attention: Improving the performance of convolutional neural networks via attention transfer},
  author={Zagoruyko, Sergey and Komodakis, Nikos},
  journal={arXiv preprint arXiv:1612.03928},
  year={2016}
}

@article{zhao2024leveraging,
  title={Leveraging Monte Carlo Dropout for Uncertainty Quantification in Real-Time Object Detection of Autonomous Vehicles},
  author={Zhao, Rui and Wang, Kui and Xiao, Yang and Gao, Fei and Gao, Zhenhai},
  journal={IEEE Access},
  year={2024},
  publisher={IEEE}
}

