@inproceedings{gao2024collaborative,
  title={Collaborative Decision-Making Using Spatiotemporal Graphs in Connected Autonomy},
  author={Gao, Peng and Shen, Yu and Lin, Ming C},
  booktitle={2024 IEEE International Conference on Robotics and Automation (ICRA)},
  pages={4983--4989},
  year={2024},
  organization={IEEE}
}

@inproceedings{shen2023auxiliary,
  title={Auxiliary modality learning with generalized curriculum distillation},
  author={Shen, Yu and Wang, Xijun and Gao, Peng and Lin, Ming},
  booktitle={International Conference on Machine Learning},
  pages={31057--31076},
  year={2023},
  organization={PMLR}
}

@article{romero2014fitnets,
  title={Fitnets: Hints for thin deep nets},
  author={Romero, Adriana and Ballas, Nicolas and Kahou, Samira Ebrahimi and Chassang, Antoine and Gatta, Carlo and Bengio, Yoshua},
  journal={arXiv preprint arXiv:1412.6550},
  year={2014}
}

@article{hinton2015distilling,
  title={Distilling the Knowledge in a Neural Network},
  author={Hinton, Geoffrey},
  journal={arXiv preprint arXiv:1503.02531},
  year={2015}
}

@article{krizhevsky2009learning,
  title={Learning multiple layers of features from tiny images},
  author={Krizhevsky, Alex and Hinton, Geoffrey and others},
  year={2009},
  publisher={Toronto, ON, Canada}
}

@article{shafer2008tutorial,
  title={A tutorial on conformal prediction.},
  author={Shafer, Glenn and Vovk, Vladimir},
  journal={Journal of Machine Learning Research},
  volume={9},
  number={3},
  year={2008}
}

@article{angelopoulos2021gentle,
  title={A gentle introduction to conformal prediction and distribution-free uncertainty quantification},
  author={Angelopoulos, Anastasios N and Bates, Stephen},
  journal={arXiv preprint arXiv:2107.07511},
  year={2021}
}

@inproceedings{karimi2023quantifying,
  title={Quantifying deep learning model uncertainty in conformal prediction},
  author={Karimi, Hamed and Samavi, Reza},
  booktitle={Proceedings of the AAAI Symposium Series},
  volume={1},
  number={1},
  pages={142--148},
  year={2023}
}

@article{angelopoulos2020uncertainty,
  title={Uncertainty sets for image classifiers using conformal prediction},
  author={Angelopoulos, Anastasios and Bates, Stephen and Malik, Jitendra and Jordan, Michael I},
  journal={arXiv preprint arXiv:2009.14193},
  year={2020}
}

@inproceedings{mossina2024conformal,
  title={Conformal Semantic Image Segmentation: Post-hoc Quantification of Predictive Uncertainty},
  author={Mossina, Luca and Dalmau, Joseba and And{\'e}ol, L{\'e}o},
  booktitle={Proceedings of the IEEE/CVF Conference on Computer Vision and Pattern Recognition},
  pages={3574--3584},
  year={2024}
}

@article{tibshirani2019conformal,
  title={Conformal prediction under covariate shift},
  author={Tibshirani, Ryan J and Foygel Barber, Rina and Candes, Emmanuel and Ramdas, Aaditya},
  journal={Advances in neural information processing systems},
  volume={32},
  year={2019}
}

@article{oliveira2024split,
  title={Split conformal prediction and non-exchangeable data},
  author={Oliveira, Roberto I and Orenstein, Paulo and Ramos, Thiago and Romano, Joao Vitor},
  journal={Journal of Machine Learning Research},
  volume={25},
  number={225},
  pages={1--38},
  year={2024}
}

@inproceedings{vovk2020conformal,
  title={Conformal calibrators},
  author={Vovk, Vladimir and Petej, Ivan and Toccaceli, Paolo and Gammerman, Alexander and Ahlberg, Ernst and Carlsson, Lars},
  booktitle={conformal and probabilistic prediction and applications},
  pages={84--99},
  year={2020},
  organization={PMLR}
}

@article{zagoruyko2016paying,
  title={Paying more attention to attention: Improving the performance of convolutional neural networks via attention transfer},
  author={Zagoruyko, Sergey and Komodakis, Nikos},
  journal={arXiv preprint arXiv:1612.03928},
  year={2016}
}

@inproceedings{wang2023prototype,
  title={Prototype knowledge distillation for medical segmentation with missing modality},
  author={Wang, Shuai and Yan, Zipei and Zhang, Daoan and Wei, Haining and Li, Zhongsen and Li, Rui},
  booktitle={ICASSP 2023-2023 IEEE International Conference on Acoustics, Speech and Signal Processing (ICASSP)},
  pages={1--5},
  year={2023},
  organization={IEEE}
}

@article{xue2022modality,
  title={The modality focusing hypothesis: Towards understanding crossmodal knowledge distillation},
  author={Xue, Zihui and Gao, Zhengqi and Ren, Sucheng and Zhao, Hang},
  journal={arXiv preprint arXiv:2206.06487},
  year={2022}
}

@inproceedings{huo2024c2kd,
  title={C2KD: Bridging the Modality Gap for Cross-Modal Knowledge Distillation},
  author={Huo, Fushuo and Xu, Wenchao and Guo, Jingcai and Wang, Haozhao and Guo, Song},
  booktitle={Proceedings of the IEEE/CVF Conference on Computer Vision and Pattern Recognition},
  pages={16006--16015},
  year={2024}
}

@article{hu2023imitation,
  title={Imitation Bootstrapped Reinforcement Learning},
  author={Hu, Hengyuan and Mirchandani, Suvir and Sadigh, Dorsa},
  journal={arXiv preprint arXiv:2311.02198},
  year={2023}
}

@article{bhaskar2024planrl,
  title={PLANRL: A Motion Planning and Imitation Learning Framework to Bootstrap Reinforcement Learning},
  author={Bhaskar, Amisha and Mahammad, Zahiruddin and Jadhav, Sachin R and Tokekar, Pratap},
  journal={arXiv preprint arXiv:2408.04054},
  year={2024}
}

@article{gu2023knowledge,
  title={Knowledge distillation of large language models},
  author={Gu, Yuxian and Dong, Li and Wei, Furu and Huang, Minlie},
  journal={arXiv preprint arXiv:2306.08543},
  year={2023}
}

@article{yang2024self,
  title={Self-distillation bridges distribution gap in language model fine-tuning},
  author={Yang, Zhaorui and Pang, Tianyu and Feng, Haozhe and Wang, Han and Chen, Wei and Zhu, Minfeng and Liu, Qian},
  journal={arXiv preprint arXiv:2402.13669},
  year={2024}
}

@article{saad2023udapdr,
  title={UDAPDR: unsupervised domain adaptation via LLM prompting and distillation of rerankers},
  author={Saad-Falcon, Jon and Khattab, Omar and Santhanam, Keshav and Florian, Radu and Franz, Martin and Roukos, Salim and Sil, Avirup and Sultan, Md Arafat and Potts, Christopher},
  journal={arXiv preprint arXiv:2303.00807},
  year={2023}
}

@inproceedings{passalis2018learning,
  title={Learning deep representations with probabilistic knowledge transfer},
  author={Passalis, Nikolaos and Tefas, Anastasios},
  booktitle={Proceedings of the European Conference on Computer Vision (ECCV)},
  pages={268--284},
  year={2018}
}

@article{kim2018paraphrasing,
  title={Paraphrasing complex network: Network compression via factor transfer},
  author={Kim, Jangho and Park, SeongUk and Kwak, Nojun},
  journal={Advances in neural information processing systems},
  volume={31},
  year={2018}
}

@inproceedings{jin2023multi,
  title={Multi-level logit distillation},
  author={Jin, Ying and Wang, Jiaqi and Lin, Dahua},
  booktitle={Proceedings of the IEEE/CVF Conference on Computer Vision and Pattern Recognition},
  pages={24276--24285},
  year={2023}
}

@inproceedings{sun2024logit,
  title={Logit standardization in knowledge distillation},
  author={Sun, Shangquan and Ren, Wenqi and Li, Jingzhi and Wang, Rui and Cao, Xiaochun},
  booktitle={Proceedings of the IEEE/CVF Conference on Computer Vision and Pattern Recognition},
  pages={15731--15740},
  year={2024}
}

@article{feng2023cekd,
  title={CEKD: Cross-modal edge-privileged knowledge distillation for semantic scene understanding using only thermal images},
  author={Feng, Zhen and Guo, Yanning and Sun, Yuxiang},
  journal={IEEE Robotics and Automation Letters},
  volume={8},
  number={4},
  pages={2205--2212},
  year={2023},
  publisher={IEEE}
}

@article{abdar2021review,
  title={A review of uncertainty quantification in deep learning: Techniques, applications and challenges},
  author={Abdar, Moloud and Pourpanah, Farhad and Hussain, Sadiq and Rezazadegan, Dana and Liu, Li and Ghavamzadeh, Mohammad and Fieguth, Paul and Cao, Xiaochun and Khosravi, Abbas and Acharya, U Rajendra and others},
  journal={Information fusion},
  volume={76},
  pages={243--297},
  year={2021},
  publisher={Elsevier}
}

@article{lambert2024trustworthy,
  title={Trustworthy clinical AI solutions: a unified review of uncertainty quantification in deep learning models for medical image analysis},
  author={Lambert, Benjamin and Forbes, Florence and Doyle, Senan and Dehaene, Harmonie and Dojat, Michel},
  journal={Artificial Intelligence in Medicine},
  pages={102830},
  year={2024},
  publisher={Elsevier}
}

@article{huang2024review,
  title={A review of uncertainty quantification in medical image analysis: probabilistic and non-probabilistic methods},
  author={Huang, Ling and Ruan, Su and Xing, Yucheng and Feng, Mengling},
  journal={Medical Image Analysis},
  pages={103223},
  year={2024},
  publisher={Elsevier}
}

@inproceedings{michelmore2020uncertainty,
  title={Uncertainty quantification with statistical guarantees in end-to-end autonomous driving control},
  author={Michelmore, Rhiannon and Wicker, Matthew and Laurenti, Luca and Cardelli, Luca and Gal, Yarin and Kwiatkowska, Marta},
  booktitle={2020 IEEE international conference on robotics and automation (ICRA)},
  pages={7344--7350},
  year={2020},
  organization={IEEE}
}

@article{wang2023quantification,
  title={Quantification of uncertainty and its applications to complex domain for autonomous vehicles perception system},
  author={Wang, Ke and Wang, Yong and Liu, Bingjun and Chen, Junlan},
  journal={IEEE Transactions on Instrumentation and Measurement},
  volume={72},
  pages={1--17},
  year={2023},
  publisher={IEEE}
}

@article{kwon2020uncertainty,
  title={Uncertainty quantification using Bayesian neural networks in classification: Application to biomedical image segmentation},
  author={Kwon, Yongchan and Won, Joong-Ho and Kim, Beom Joon and Paik, Myunghee Cho},
  journal={Computational Statistics \& Data Analysis},
  volume={142},
  pages={106816},
  year={2020},
  publisher={Elsevier}
}

@article{edupuganti2020uncertainty,
  title={Uncertainty quantification in deep MRI reconstruction},
  author={Edupuganti, Vineet and Mardani, Morteza and Vasanawala, Shreyas and Pauly, John},
  journal={IEEE Transactions on Medical Imaging},
  volume={40},
  number={1},
  pages={239--250},
  year={2020},
  publisher={IEEE}
}

@article{zhao2024leveraging,
  title={Leveraging Monte Carlo Dropout for Uncertainty Quantification in Real-Time Object Detection of Autonomous Vehicles},
  author={Zhao, Rui and Wang, Kui and Xiao, Yang and Gao, Fei and Gao, Zhenhai},
  journal={IEEE Access},
  year={2024},
  publisher={IEEE}
}

@article{rahaman2021uncertainty,
  title={Uncertainty quantification and deep ensembles},
  author={Rahaman, Rahul and others},
  journal={Advances in neural information processing systems},
  volume={34},
  pages={20063--20075},
  year={2021}
}

@inproceedings{he2016deep,
  title={Deep residual learning for image recognition},
  author={He, Kaiming and Zhang, Xiangyu and Ren, Shaoqing and Sun, Jian},
  booktitle={Proceedings of the IEEE conference on computer vision and pattern recognition},
  pages={770--778},
  year={2016}
}

@article{zagoruyko2016wide,
  title={Wide residual networks},
  author={Zagoruyko, Sergey},
  journal={arXiv preprint arXiv:1605.07146},
  year={2016}
}

@article{simonyan2014very,
  title={Very deep convolutional networks for large-scale image recognition},
  author={Simonyan, Karen},
  journal={arXiv preprint arXiv:1409.1556},
  year={2014}
}

@inproceedings{zhang2018shufflenet,
  title={Shufflenet: An extremely efficient convolutional neural network for mobile devices},
  author={Zhang, Xiangyu and Zhou, Xinyu and Lin, Mengxiao and Sun, Jian},
  booktitle={Proceedings of the IEEE conference on computer vision and pattern recognition},
  pages={6848--6856},
  year={2018}
}

@inproceedings{ma2018shufflenet,
  title={Shufflenet v2: Practical guidelines for efficient cnn architecture design},
  author={Ma, Ningning and Zhang, Xiangyu and Zheng, Hai-Tao and Sun, Jian},
  booktitle={Proceedings of the European conference on computer vision (ECCV)},
  pages={116--131},
  year={2018}
}

@inproceedings{sandler2018mobilenetv2,
  title={Mobilenetv2: Inverted residuals and linear bottlenecks},
  author={Sandler, Mark and Howard, Andrew and Zhu, Menglong and Zhmoginov, Andrey and Chen, Liang-Chieh},
  booktitle={Proceedings of the IEEE conference on computer vision and pattern recognition},
  pages={4510--4520},
  year={2018}
}

@article{chen2018collection,
  title={A collection of labeled car driving datasets},
  author={Chen, Sully},
  journal={Collection of labeled car driving datasets},
  year={2018}
}

@article{yu2024beyond,
  title={Beyond Joint Demonstrations: Personalized Expert Guidance for Efficient Multi-Agent Reinforcement Learning},
  author={Yu, Peihong and Mishra, Manav and Koppel, Alec and Busart, Carl and Narayan, Priya and Manocha, Dinesh and Bedi, Amrit and Tokekar, Pratap},
  journal={arXiv preprint arXiv:2403.08936},
  year={2024}
}

@article{chevalier2024minigrid,
  title={Minigrid \& miniworld: Modular \& customizable reinforcement learning environments for goal-oriented tasks},
  author={Chevalier-Boisvert, Maxime and Dai, Bolun and Towers, Mark and Perez-Vicente, Rodrigo and Willems, Lucas and Lahlou, Salem and Pal, Suman and Castro, Pablo Samuel and Terry, Jordan},
  journal={Advances in Neural Information Processing Systems},
  volume={36},
  year={2024}
}

@inproceedings{vovk2016criteria,
  title={Criteria of efficiency for conformal prediction},
  author={Vovk, Vladimir and Fedorova, Valentina and Nouretdinov, Ilia and Gammerman, Alexander},
  booktitle={Conformal and Probabilistic Prediction with Applications: 5th International Symposium, COPA 2016, Madrid, Spain, April 20-22, 2016, Proceedings 5},
  pages={23--39},
  year={2016},
  organization={Springer}
}

@inproceedings{lu2022improving,
  title={Improving trustworthiness of AI disease severity rating in medical imaging with ordinal conformal prediction sets},
  author={Lu, Charles and Angelopoulos, Anastasios N and Pomerantz, Stuart},
  booktitle={International Conference on Medical Image Computing and Computer-Assisted Intervention},
  pages={545--554},
  year={2022},
  organization={Springer}
}

@article{torabi2018behavioral,
  title={Behavioral cloning from observation},
  author={Torabi, Faraz and Warnell, Garrett and Stone, Peter},
  journal={arXiv preprint arXiv:1805.01954},
  year={2018}
}

@inproceedings{haarnoja2018soft,
  title={Soft actor-critic: Off-policy maximum entropy deep reinforcement learning with a stochastic actor},
  author={Haarnoja, Tuomas and Zhou, Aurick and Abbeel, Pieter and Levine, Sergey},
  booktitle={International conference on machine learning},
  pages={1861--1870},
  year={2018},
  organization={PMLR}
}

@article{shen2021gradient,
  title={Gradient-free adversarial training against image corruption for learning-based steering},
  author={Shen, Yu and Zheng, Laura and Shu, Manli and Li, Weizi and Goldstein, Tom and Lin, Ming},
  journal={Advances in Neural Information Processing Systems},
  volume={34},
  pages={26250--26263},
  year={2021}
}
@inproceedings{shen2024task,
  title={Task-Driven Domain-Agnostic Learning with Information Bottleneck for Autonomous Steering},
  author={Shen, Yu and Zheng, Laura and Zhou, Tianyi and Lin, C},
  booktitle={2024 IEEE International Conference on Robotics and Automation (ICRA)},
  pages={6858--6865},
  year={2024},
  organization={IEEE}
}

@article{soria2023dense,
  title={Dense extreme inception network for edge detection},
  author={Soria, Xavier and Sappa, Angel and Humanante, Patricio and Akbarinia, Arash},
  journal={Pattern Recognition},
  volume={139},
  pages={109461},
  year={2023},
  publisher={Elsevier}
}

@article{bojarski2016end,
  title={End to end learning for self-driving cars},
  author={Bojarski, Mariusz},
  journal={arXiv preprint arXiv:1604.07316},
  year={2016}
}

@inproceedings{gao2021bayesian,
  title={Bayesian deep graph matching for correspondence identification in collaborative perception},
  author={Gao, Peng and Zhang, Hao},
  booktitle={Robotics Science and Systems (RSS)},
  year={2021}
}

@article{gao2023uncertainty,
  title={Uncertainty-aware correspondence identification for collaborative perception},
  author={Gao, Peng and Zhu, Qingzhao and Zhang, Hao},
  journal={Autonomous Robots},
  volume={47},
  number={5},
  pages={635--648},
  year={2023},
  publisher={Springer}
}

@article{kingma2014adam,
  title={Adam: A method for stochastic optimization},
  author={Kingma, Diederik P},
  journal={arXiv preprint arXiv:1412.6980},
  year={2014}
}

@article{loshchilov2016sgdr,
  title={Sgdr: Stochastic gradient descent with warm restarts},
  author={Loshchilov, Ilya and Hutter, Frank},
  journal={arXiv preprint arXiv:1608.03983},
  year={2016}
}

@inproceedings{ranftl2021vision,
  title={Vision transformers for dense prediction},
  author={Ranftl, Ren{\'e} and Bochkovskiy, Alexey and Koltun, Vladlen},
  booktitle={Proceedings of the IEEE/CVF international conference on computer vision},
  pages={12179--12188},
  year={2021}
}

@inproceedings{hu2018squeeze,
  title={Squeeze-and-excitation networks},
  author={Hu, Jie and Shen, Li and Sun, Gang},
  booktitle={Proceedings of the IEEE conference on computer vision and pattern recognition},
  pages={7132--7141},
  year={2018}
}

@article{tian2019contrastive,
  title={Contrastive representation distillation},
  author={Tian, Yonglong and Krishnan, Dilip and Isola, Phillip},
  journal={arXiv preprint arXiv:1910.10699},
  year={2019}
}

@inproceedings{sutskever2013importance,
  title={On the importance of initialization and momentum in deep learning},
  author={Sutskever, Ilya and Martens, James and Dahl, George and Hinton, Geoffrey},
  booktitle={International conference on machine learning},
  pages={1139--1147},
  year={2013},
  organization={PMLR}
}
