@inproceedings{FanDP2020-Pranet,
  title={Pranet: Parallel reverse attention network for polyp segmentation},
  author={Fan, Deng-Ping and Ji, Ge-Peng and Zhou, Tao and Chen, Geng and Fu, Huazhu and Shen, Jianbing and Shao, Ling},
  booktitle={International conference on medical image computing and computer-assisted intervention},
  pages={263--273},
  year={2020},
  organization={Springer}
}

@article{FanDP2021-ConcealedOD,
  title={Concealed object detection},
  author={Fan, Deng-Ping and Ji, Ge-Peng and Cheng, Ming-Ming and Shao, Ling},
  journal={IEEE transactions on pattern analysis and machine intelligence},
  volume={44},
  number={10},
  pages={6024--6042},
  year={2021},
  publisher={IEEE}
}

@inproceedings{Lv2021-RankNet,
  title={Simultaneously localize, segment and rank the camouflaged objects},
  author={Lv, Yunqiu and Zhang, Jing and Dai, Yuchao and Li, Aixuan and Liu, Bowen and Barnes, Nick and Fan, Deng-Ping},
  booktitle={CVPR},
  pages={11591--11601},
  year={2021}
}

@article{Xing2023-SARNet,
  title={Go Closer To See Better: Camouflaged Object Detection via Object Area Amplification and Figure-ground Conversion},
  author={Xing, Haozhe and Wang, Yan and Wei, Xujun and Tang, Hao and Gao, Shuyong and Zhang, Wenqiang},
  journal={IEEE Transactions on Circuits and Systems for Video Technology},
  year={2023},
  publisher={IEEE}
}

@inproceedings{bideau2016s,
  title={Itâ€™s moving! a probabilistic model for causal motion segmentation in moving camera videos},
  author={Bideau, Pia and Learned-Miller, Erik},
  booktitle={Computer Vision--ECCV 2016: 14th European Conference, Amsterdam, The Netherlands, October 11-14, 2016, Proceedings, Part VIII 14},
  pages={433--449},
  year={2016},
  organization={Springer}
}

@article{camo,
  title={Anabranch network for camouflaged object segmentation},
  author={Le, Trung-Nghia and Nguyen, Tam V and Nie, Zhongliang and Tran, Minh-Triet and Sugimoto, Akihiro},
  journal={Computer vision and image understanding},
  volume={184},
  pages={45--56},
  year={2019},
  publisher={Elsevier}
}

@article{chameleon,
  title={Animal camouflage analysis: Chameleon database},
  author={Skurowski, Przemys{\l}aw and Abdulameer, Hassan and B{\l}aszczyk, J and Depta, Tomasz and Kornacki, Adam and Kozie{\l}, P},
  journal={Unpublished manuscript},
  volume={2},
  number={6},
  pages={7},
  year={2018}
}

@inproceedings{cheng2022implicit,
  title={Implicit motion handling for video camouflaged object detection},
  author={Cheng, Xuelian and Xiong, Huan and Fan, Deng-Ping and Zhong, Yiran and Harandi, Mehrtash and Drummond, Tom and Ge, Zongyuan},
  booktitle={CVPR},
  pages={13864--13873},
  year={2022}
}

@inproceedings{deng2023explicit,
  title={Explicit motion disentangling for efficient optical flow estimation},
  author={Deng, Changxing and Luo, Ao and Huang, Haibin and Ma, Shaodan and Liu, Jiangyu and Liu, Shuaicheng},
  booktitle={Proceedings of the IEEE/CVF International Conference on Computer Vision},
  pages={9521--9530},
  year={2023}
}

@inproceedings{dosovitskiy2015flownet,
  title={Flownet: Learning optical flow with convolutional networks},
  author={Dosovitskiy, Alexey and Fischer, Philipp and Ilg, Eddy and Hausser, Philip and Hazirbas, Caner and Golkov, Vladimir and Van Der Smagt, Patrick and Cremers, Daniel and Brox, Thomas},
  booktitle={ICCV},
  pages={2758--2766},
  year={2015}
}

@inproceedings{fan2020camouflaged,
  title={Camouflaged object detection},
  author={Fan, Deng-Ping and Ji, Ge-Peng and Sun, Guolei and Cheng, Ming-Ming and Shen, Jianbing and Shao, Ling},
  booktitle={Proceedings of the IEEE/CVF conference on computer vision and pattern recognition},
  pages={2777--2787},
  year={2020}
}

@inproceedings{gao2022weakly,
  title={Weakly supervised video salient object detection via point supervision},
  author={Gao, Shuyong and Xing, Haozhe and Zhang, Wei and Wang, Yan and Guo, Qianyu and Zhang, Wenqiang},
  booktitle={Proceedings of the 30th ACM International Conference on Multimedia},
  pages={3656--3665},
  year={2022}
}

@inproceedings{he2023camouflaged,
  title={Camouflaged object detection with feature decomposition and edge reconstruction},
  author={He, Chunming and Li, Kai and Zhang, Yachao and Tang, Longxiang and Zhang, Yulun and Guo, Zhenhua and Li, Xiu},
  booktitle={CVPR},
  pages={22046--22055},
  year={2023}
}

@inproceedings{hong2023simulflow,
  title={SimulFlow: Simultaneously Extracting Feature and Identifying Target for Unsupervised Video Object Segmentation},
  author={Hong, Lingyi and Zhang, Wei and Gao, Shuyong and Lu, Hong and Zhang, WenQiang},
  booktitle={Proceedings of the 31st ACM International Conference on Multimedia},
  pages={7481--7490},
  year={2023}
}

@inproceedings{ji2021full,
  title={Full-duplex strategy for video object segmentation},
  author={Ji, Ge-Peng and Fu, Keren and Wu, Zhe and Fan, Deng-Ping and Shen, Jianbing and Shao, Ling},
  booktitle={ICCV},
  pages={4922--4933},
  year={2021}
}

@inproceedings{jia2022-CODSegMar,
  title={Segment, magnify and reiterate: Detecting camouflaged objects the hard way},
  author={Jia, Qi and Yao, Shuilian and Liu, Yu and Fan, Xin and Liu, Risheng and Luo, Zhongxuan},
  booktitle={CVPR},
  pages={4713--4722},
  year={2022}
}

@inproceedings{lamdouar2020betrayed,
  title={Betrayed by motion: Camouflaged object discovery via motion segmentation},
  author={Lamdouar, Hala and Yang, Charig and Xie, Weidi and Zisserman, Andrew},
  booktitle={Proceedings of the Asian conference on computer vision},
  year={2020}
}

@inproceedings{lan2022siamese,
  title={Siamese network with interactive transformer for video object segmentation},
  author={Lan, Meng and Zhang, Jing and He, Fengxiang and Zhang, Lefei},
  booktitle={Proceedings of the AAAI Conference on Artificial Intelligence},
  volume={36},
  number={2},
  pages={1228--1236},
  year={2022}
}

@article{lin2023frequency,
  title={Frequency-aware camouflaged object detection},
  author={Lin, Jiaying and Tan, Xin and Xu, Ke and Ma, Lizhuang and Lau, Rynson WH},
  journal={ACM Transactions on Multimedia Computing, Communications and Applications},
  volume={19},
  number={2},
  pages={1--16},
  year={2023},
  publisher={ACM New York, NY}
}

@article{liu2012foreground,
  title={Foreground object detection using top-down information based on EM framework},
  author={Liu, Zhou and Huang, Kaiqi and Tan, Tieniu},
  journal={IEEE Transactions on Image Processing},
  volume={21},
  number={9},
  pages={4204--4217},
  year={2012},
  publisher={IEEE}
}

@article{miao2024region,
  title={Region aware video object segmentation with deep motion modeling},
  author={Miao, Bo and Bennamoun, Mohammed and Gao, Yongsheng and Mian, Ajmal},
  journal={IEEE Transactions on Image Processing},
  year={2024},
  publisher={IEEE}
}

@article{pan2011study,
  title={Study on the camouflaged target detection method based on 3D convexity},
  author={Pan, Yuxin and Chen, Yiwang and Fu, Qiang and Zhang, Ping and Xu, Xin and others},
  journal={Modern Applied Science},
  volume={5},
  number={4},
  pages={152},
  year={2011},
  publisher={Canadian Center of Science and Education}
}

@inproceedings{pang2022zoom,
  title={Zoom in and out: A mixed-scale triplet network for camouflaged object detection},
  author={Pang, Youwei and Zhao, Xiaoqi and Xiang, Tian-Zhu and Zhang, Lihe and Lu, Huchuan},
  booktitle={CVPR},
  pages={2160--2170},
  year={2022}
}

@article{seong2022video,
  title={Video object segmentation using kernelized memory network with multiple kernels},
  author={Seong, Hongje and Hyun, Junhyuk and Kim, Euntai},
  journal={IEEE transactions on pattern analysis and machine intelligence},
  volume={45},
  number={2},
  pages={2595--2612},
  year={2022},
  publisher={IEEE}
}

@inproceedings{sun2018pwc,
  title={Pwc-net: Cnns for optical flow using pyramid, warping, and cost volume},
  author={Sun, Deqing and Yang, Xiaodong and Liu, Ming-Yu and Kautz, Jan},
  booktitle={CVPR},
  pages={8934--8943},
  year={2018}
}

@inproceedings{sun2025frequency,
  title={Frequency-spatial entanglement learning for camouflaged object detection},
  author={Sun, Yanguang and Xu, Chunyan and Yang, Jian and Xuan, Hanyu and Luo, Lei},
  booktitle={European Conference on Computer Vision},
  pages={343--360},
  year={2025},
  organization={Springer}
}

@inproceedings{teed2020raft,
  title={Raft: Recurrent all-pairs field transforms for optical flow},
  author={Teed, Zachary and Deng, Jia},
  booktitle={Computer Vision--ECCV 2020: 16th European Conference, Glasgow, UK, August 23--28, 2020, Proceedings, Part II 16},
  pages={402--419},
  year={2020},
  organization={Springer}
}

@article{yang2022decoupling,
  title={Decoupling features in hierarchical propagation for video object segmentation},
  author={Yang, Zongxin and Yang, Yi},
  journal={Advances in Neural Information Processing Systems},
  volume={35},
  pages={36324--36336},
  year={2022}
}

@inproceedings{zhai2021MGL,
  title={Mutual graph learning for camouflaged object detection},
  author={Zhai, Qiang and Li, Xin and Yang, Fan and Chen, Chenglizhao and Cheng, Hong and Fan, Deng-Ping},
  booktitle={CVPR},
  pages={12997--13007},
  year={2021}
}

@article{zhang2024explicit,
  title={Explicit Motion Handling and Interactive Prompting for Video Camouflaged Object Detection},
  author={Zhang, Xin and Xiao, Tao and Ji, Gepeng and Wu, Xuan and Fu, Keren and Zhao, Qijun},
  journal={arXiv preprint arXiv:2403.01968},
  year={2024}
}

@article{zhang2024frequency,
  title={Frequency-Guided Spatial Adaptation for Camouflaged Object Detection},
  author={Zhang, Shizhou and Kong, Dexuan and Xing, Yinghui and Lu, Yue and Ran, Lingyan and Liang, Guoqiang and Wang, Hexu and Zhang, Yanning},
  journal={arXiv preprint arXiv:2409.12421},
  year={2024}
}

