@String(PAMI = {IEEE Trans. Pattern Anal. Mach. Intell.})
@String(IJCV = {Int. J. Comput. Vis.})
@String(CVPR= {IEEE Conf. Comput. Vis. Pattern Recog.})
@String(ICCV= {Int. Conf. Comput. Vis.})
@String(ECCV= {Eur. Conf. Comput. Vis.})
@String(NIPS= {Adv. Neural Inform. Process. Syst.})
@String(ICPR = {Int. Conf. Pattern Recog.})
@String(BMVC= {Brit. Mach. Vis. Conf.})
@String(TOG= {ACM Trans. Graph.})
@String(TIP  = {IEEE Trans. Image Process.})
@String(TVCG  = {IEEE Trans. Vis. Comput. Graph.})
@String(TMM  = {IEEE Trans. Multimedia})
@String(ACMMM= {ACM Int. Conf. Multimedia})
@String(ICME = {Int. Conf. Multimedia and Expo})
@String(ICASSP=	{ICASSP})
@String(ICIP = {IEEE Int. Conf. Image Process.})
@String(ACCV  = {ACCV})
@String(ICLR = {Int. Conf. Learn. Represent.})
@String(IJCAI = {IJCAI})
@String(PR   = {Pattern Recognition})
@String(AAAI = {AAAI})
@String(CVPRW= {IEEE Conf. Comput. Vis. Pattern Recog. Worksh.})
@String(CSVT = {IEEE Trans. Circuit Syst. Video Technol.})

@String(SPL	= {IEEE Sign. Process. Letters})
@String(VR   = {Vis. Res.})
@String(JOV	 = {J. Vis.})
@String(TVC  = {The Vis. Comput.})
@String(JCST  = {J. Comput. Sci. Tech.})
@String(CGF  = {Comput. Graph. Forum})
@String(CVM = {Computational Visual Media})


@String(PAMI  = {IEEE TPAMI})
@String(IJCV  = {IJCV})
@String(CVPR  = {CVPR})
@String(ICCV  = {ICCV})
@String(ECCV  = {ECCV})
@String(NIPS  = {NeurIPS})
@String(ICPR  = {ICPR})
@String(BMVC  =	{BMVC})
@String(TOG   = {ACM TOG})
@String(TIP   = {IEEE TIP})
@String(TVCG  = {IEEE TVCG})
@String(TCSVT = {IEEE TCSVT})
@String(TMM   =	{IEEE TMM})
@String(ACMMM = {ACM MM})
@String(ICME  =	{ICME})
@String(ICASSP=	{ICASSP})
@String(ICIP  = {ICIP})
@String(ACCV  = {ACCV})
@String(ICLR  = {ICLR})
@String(IJCAI = {IJCAI})
@String(PR = {PR})
@String(AAAI = {AAAI})
@String(CVPRW= {CVPRW})
@String(CSVT = {IEEE TCSVT})


@inproceedings{fan2020camouflaged,
  title={Camouflaged object detection},
  author={Fan, Deng-Ping and Ji, Ge-Peng and Sun, Guolei and Cheng, Ming-Ming and Shen, Jianbing and Shao, Ling},
  booktitle={Proceedings of the IEEE/CVF conference on computer vision and pattern recognition},
  pages={2777--2787},
  year={2020}
}

@inproceedings{bideau2016s,
  title={Itâ€™s moving! a probabilistic model for causal motion segmentation in moving camera videos},
  author={Bideau, Pia and Learned-Miller, Erik},
  booktitle={Computer Vision--ECCV 2016: 14th European Conference, Amsterdam, The Netherlands, October 11-14, 2016, Proceedings, Part VIII 14},
  pages={433--449},
  year={2016},
  organization={Springer}
}

@inproceedings{lamdouar2020betrayed,
  title={Betrayed by motion: Camouflaged object discovery via motion segmentation},
  author={Lamdouar, Hala and Yang, Charig and Xie, Weidi and Zisserman, Andrew},
  booktitle={Proceedings of the Asian conference on computer vision},
  year={2020}
}

@inproceedings{cheng2022implicit,
  title={Implicit motion handling for video camouflaged object detection},
  author={Cheng, Xuelian and Xiong, Huan and Fan, Deng-Ping and Zhong, Yiran and Harandi, Mehrtash and Drummond, Tom and Ge, Zongyuan},
  booktitle={CVPR},
  pages={13864--13873},
  year={2022}
}

@article{yang2022decoupling,
  title={Decoupling features in hierarchical propagation for video object segmentation},
  author={Yang, Zongxin and Yang, Yi},
  journal={Advances in Neural Information Processing Systems},
  volume={35},
  pages={36324--36336},
  year={2022}
}


@inproceedings{FanDP2020-Pranet,
  title={Pranet: Parallel reverse attention network for polyp segmentation},
  author={Fan, Deng-Ping and Ji, Ge-Peng and Zhou, Tao and Chen, Geng and Fu, Huazhu and Shen, Jianbing and Shao, Ling},
  booktitle={International conference on medical image computing and computer-assisted intervention},
  pages={263--273},
  year={2020},
  organization={Springer}
}

@article{FanDP2021-ConcealedOD,
  title={Concealed object detection},
  author={Fan, Deng-Ping and Ji, Ge-Peng and Cheng, Ming-Ming and Shao, Ling},
  journal={IEEE transactions on pattern analysis and machine intelligence},
  volume={44},
  number={10},
  pages={6024--6042},
  year={2021},
  publisher={IEEE}
}

@inproceedings{zhai2021MGL,
  title={Mutual graph learning for camouflaged object detection},
  author={Zhai, Qiang and Li, Xin and Yang, Fan and Chen, Chenglizhao and Cheng, Hong and Fan, Deng-Ping},
  booktitle={CVPR},
  pages={12997--13007},
  year={2021}
}

@inproceedings{Lv2021-RankNet,
  title={Simultaneously localize, segment and rank the camouflaged objects},
  author={Lv, Yunqiu and Zhang, Jing and Dai, Yuchao and Li, Aixuan and Liu, Bowen and Barnes, Nick and Fan, Deng-Ping},
  booktitle={CVPR},
  pages={11591--11601},
  year={2021}
}

@inproceedings{pang2022zoom,
  title={Zoom in and out: A mixed-scale triplet network for camouflaged object detection},
  author={Pang, Youwei and Zhao, Xiaoqi and Xiang, Tian-Zhu and Zhang, Lihe and Lu, Huchuan},
  booktitle={CVPR},
  pages={2160--2170},
  year={2022}
}

@article{ji2023deep,
  title={Deep gradient learning for efficient camouflaged object detection},
  author={Ji, Ge-Peng and Fan, Deng-Ping and Chou, Yu-Cheng and Dai, Dengxin and Liniger, Alexander and Van Gool, Luc},
  journal={Machine Intelligence Research},
  volume={20},
  number={1},
  pages={92--108},
  year={2023},
  publisher={Springer}
}

@inproceedings{huang2023feature,
  title={Feature shrinkage pyramid for camouflaged object detection with transformers},
  author={Huang, Zhou and Dai, Hang and Xiang, Tian-Zhu and Wang, Shuo and Chen, Huai-Xin and Qin, Jie and Xiong, Huan},
  booktitle={CVPR},
  pages={5557--5566},
  year={2023}
}

@inproceedings{jia2022-CODSegMar,
  title={Segment, magnify and reiterate: Detecting camouflaged objects the hard way},
  author={Jia, Qi and Yao, Shuilian and Liu, Yu and Fan, Xin and Liu, Risheng and Luo, Zhongxuan},
  booktitle={CVPR},
  pages={4713--4722},
  year={2022}
}

@article{Xing2023-SARNet,
  title={Go Closer To See Better: Camouflaged Object Detection via Object Area Amplification and Figure-ground Conversion},
  author={Xing, Haozhe and Wang, Yan and Wei, Xujun and Tang, Hao and Gao, Shuyong and Zhang, Wenqiang},
  journal={IEEE Transactions on Circuits and Systems for Video Technology},
  year={2023},
  publisher={IEEE}
}

@inproceedings{hu2023high,
  title={High-resolution iterative feedback network for camouflaged object detection},
  author={Hu, Xiaobin and Wang, Shuo and Qin, Xuebin and Dai, Hang and Ren, Wenqi and Luo, Donghao and Tai, Ying and Shao, Ling},
  booktitle={Proceedings of the AAAI Conference on Artificial Intelligence},
  volume={37},
  number={1},
  pages={881--889},
  year={2023}
}

@inproceedings{yan2019semi,
  title={Semi-supervised video salient object detection using pseudo-labels},
  author={Yan, Pengxiang and Li, Guanbin and Xie, Yuan and Li, Zhen and Wang, Chuan and Chen, Tianshui and Lin, Liang},
  booktitle={Proceedings of the IEEE/CVF international conference on computer vision},
  pages={7284--7293},
  year={2019}
}

@inproceedings{He2023-FEDER,
  title={Camouflaged object detection with feature decomposition and edge reconstruction},
  author={He, Chunming and Li, Kai and Zhang, Yachao and Tang, Longxiang and Zhang, Yulun and Guo, Zhenhua and Li, Xiu},
  booktitle={CVPR},
  pages={22046--22055},
  year={2023}
}

@inproceedings{he2023camouflaged,
  title={Camouflaged object detection with feature decomposition and edge reconstruction},
  author={He, Chunming and Li, Kai and Zhang, Yachao and Tang, Longxiang and Zhang, Yulun and Guo, Zhenhua and Li, Xiu},
  booktitle={CVPR},
  pages={22046--22055},
  year={2023}
}

@article{zhang2024explicit,
  title={Explicit Motion Handling and Interactive Prompting for Video Camouflaged Object Detection},
  author={Zhang, Xin and Xiao, Tao and Ji, Gepeng and Wu, Xuan and Fu, Keren and Zhao, Qijun},
  journal={arXiv preprint arXiv:2403.01968},
  year={2024}
}

@article{camo,
  title={Anabranch network for camouflaged object segmentation},
  author={Le, Trung-Nghia and Nguyen, Tam V and Nie, Zhongliang and Tran, Minh-Triet and Sugimoto, Akihiro},
  journal={Computer vision and image understanding},
  volume={184},
  pages={45--56},
  year={2019},
  publisher={Elsevier}
}

@article{chameleon,
  title={Animal camouflage analysis: Chameleon database},
  author={Skurowski, Przemys{\l}aw and Abdulameer, Hassan and B{\l}aszczyk, J and Depta, Tomasz and Kornacki, Adam and Kozie{\l}, P},
  journal={Unpublished manuscript},
  volume={2},
  number={6},
  pages={7},
  year={2018}
}

@article{fan2020inf,
  title={Inf-net: Automatic covid-19 lung infection segmentation from ct images},
  author={Fan, Deng-Ping and Zhou, Tao and Ji, Ge-Peng and Zhou, Yi and Chen, Geng and Fu, Huazhu and Shen, Jianbing and Shao, Ling},
  journal={IEEE transactions on medical imaging},
  volume={39},
  number={8},
  pages={2626--2637},
  year={2020},
  publisher={IEEE}
}

@article{chu2010camouflage,
  title={Camouflage images.},
  author={Chu, Hung-Kuo and Hsu, Wei-Hsin and Mitra, Niloy J and Cohen-Or, Daniel and Wong, Tien-Tsin and Lee, Tong-Yee},
  journal={ACM Trans. Graph.},
  volume={29},
  number={4},
  pages={51--1},
  year={2010}
}

@article{Skelhorn2016-CODcognition,
  title={Cognition and the evolution of camouflage},
  author={Skelhorn, John and Rowe, Candy},
  journal={Proceedings of the Royal Society B: Biological Sciences},
  volume={283},
  number={1825},
  pages={20152890},
  year={2016},
  publisher={The Royal Society}
}

@article{Zhao2019-TraditionalOD,
  title={Object detection with deep learning: A review},
  author={Zhao, Zhong-Qiu and Zheng, Peng and Xu, Shou-tao and Wu, Xindong},
  journal={IEEE transactions on neural networks and learning systems},
  volume={30},
  number={11},
  pages={3212--3232},
  year={2019},
  publisher={IEEE}
}

@article{LinCJ2019-Metaheuristic,
  title={A metaheuristic-based approach to optimizing color design for military camouflage using particle swarm optimization},
  author={Lin, Chiuhsiang Joe and Prasetyo, Yogi Tri},
  journal={Color Research \& Application},
  volume={44},
  number={5},
  pages={740--748},
  year={2019},
  publisher={Wiley Online Library}
}

@article{Ge2018-Art,
  title={Image editing by object-aware optimal boundary searching and mixed-domain composition},
  author={Ge, Shiming and Jin, Xin and Ye, Qiting and Luo, Zhao and Li, Qiang},
  journal={Computational Visual Media},
  volume={4},
  pages={71--82},
  year={2018},
  publisher={Springer}
}

@article{Zeng2022-DefectDetection,
  title={A small-sized object detection oriented multi-scale feature fusion approach with application to defect detection},
  author={Zeng, Nianyin and Wu, Peishu and Wang, Zidong and Li, Han and Liu, Weibo and Liu, Xiaohui},
  journal={IEEE Transactions on Instrumentation and Measurement},
  volume={71},
  pages={1--14},
  year={2022},
  publisher={IEEE}
}

@article{Perez2012-SpeciesDiscovery,
  title={Early evolution and ecology of camouflage in insects},
  author={P{\'e}rez-de la Fuente, Ricardo and Delcl{\`o}s, Xavier and Pe{\~n}alver, Enrique and Speranza, Mariela and Wierzchos, Jacek and Ascaso, Carmen and Engel, Michael S},
  journal={Proceedings of the National Academy of Sciences},
  volume={109},
  number={52},
  pages={21414--21419},
  year={2012},
  publisher={National Acad Sciences}
}

@article{Rustia2020-Agriculture,
  title={Application of an image and environmental sensor network for automated greenhouse insect pest monitoring},
  author={Rustia, Dan Jeric Arcega and Lin, Chien Erh and Chung, Jui-Yung and Zhuang, Yi-Ji and Hsu, Ju-Chun and Lin, Ta-Te},
  journal={Journal of Asia-Pacific Entomology},
  volume={23},
  number={1},
  pages={17--28},
  year={2020},
  publisher={Elsevier}
}

@inproceedings{gao2022weakly,
  title={Weakly supervised video salient object detection via point supervision},
  author={Gao, Shuyong and Xing, Haozhe and Zhang, Wei and Wang, Yan and Guo, Qianyu and Zhang, Wenqiang},
  booktitle={Proceedings of the 30th ACM International Conference on Multimedia},
  pages={3656--3665},
  year={2022}
}

@inproceedings{ji2021full,
  title={Full-duplex strategy for video object segmentation},
  author={Ji, Ge-Peng and Fu, Keren and Wu, Zhe and Fan, Deng-Ping and Shen, Jianbing and Shao, Ling},
  booktitle={ICCV},
  pages={4922--4933},
  year={2021}
}

@inproceedings{lan2022siamese,
  title={Siamese network with interactive transformer for video object segmentation},
  author={Lan, Meng and Zhang, Jing and He, Fengxiang and Zhang, Lefei},
  booktitle={Proceedings of the AAAI Conference on Artificial Intelligence},
  volume={36},
  number={2},
  pages={1228--1236},
  year={2022}
}


@inproceedings{cui2022mixformer,
  title={Mixformer: End-to-end tracking with iterative mixed attention},
  author={Cui, Yutao and Jiang, Cheng and Wang, Limin and Wu, Gangshan},
  booktitle={CVPR},
  pages={13608--13618},
  year={2022}
}


@inproceedings{hong2023simulflow,
  title={SimulFlow: Simultaneously Extracting Feature and Identifying Target for Unsupervised Video Object Segmentation},
  author={Hong, Lingyi and Zhang, Wei and Gao, Shuyong and Lu, Hong and Zhang, WenQiang},
  booktitle={Proceedings of the 31st ACM International Conference on Multimedia},
  pages={7481--7490},
  year={2023}
}

@inproceedings{fan2017structure,
  title={Structure-measure: A new way to evaluate foreground maps},
  author={Fan, Deng-Ping and Cheng, Ming-Ming and Liu, Yun and Li, Tao and Borji, Ali},
  booktitle={ICCV},
  pages={4548--4557},
  year={2017}
}

@inproceedings{margolin2014evaluate,
  title={How to evaluate foreground maps?},
  author={Margolin, Ran and Zelnik-Manor, Lihi and Tal, Ayellet},
  booktitle={CVPR},
  pages={248--255},
  year={2014}
}



@article{pan2011study,
  title={Study on the camouflaged target detection method based on 3D convexity},
  author={Pan, Yuxin and Chen, Yiwang and Fu, Qiang and Zhang, Ping and Xu, Xin and others},
  journal={Modern Applied Science},
  volume={5},
  number={4},
  pages={152},
  year={2011},
  publisher={Canadian Center of Science and Education}
}

@article{liu2012foreground,
  title={Foreground object detection using top-down information based on EM framework},
  author={Liu, Zhou and Huang, Kaiqi and Tan, Tieniu},
  journal={IEEE Transactions on Image Processing},
  volume={21},
  number={9},
  pages={4204--4217},
  year={2012},
  publisher={IEEE}
}

@article{miao2024region,
  title={Region aware video object segmentation with deep motion modeling},
  author={Miao, Bo and Bennamoun, Mohammed and Gao, Yongsheng and Mian, Ajmal},
  journal={IEEE Transactions on Image Processing},
  year={2024},
  publisher={IEEE}
}

@article{seong2022video,
  title={Video object segmentation using kernelized memory network with multiple kernels},
  author={Seong, Hongje and Hyun, Junhyuk and Kim, Euntai},
  journal={IEEE transactions on pattern analysis and machine intelligence},
  volume={45},
  number={2},
  pages={2595--2612},
  year={2022},
  publisher={IEEE}
}

@inproceedings{deng2023explicit,
  title={Explicit motion disentangling for efficient optical flow estimation},
  author={Deng, Changxing and Luo, Ao and Huang, Haibin and Ma, Shaodan and Liu, Jiangyu and Liu, Shuaicheng},
  booktitle={Proceedings of the IEEE/CVF International Conference on Computer Vision},
  pages={9521--9530},
  year={2023}
}

@inproceedings{teed2020raft,
  title={Raft: Recurrent all-pairs field transforms for optical flow},
  author={Teed, Zachary and Deng, Jia},
  booktitle={Computer Vision--ECCV 2020: 16th European Conference, Glasgow, UK, August 23--28, 2020, Proceedings, Part II 16},
  pages={402--419},
  year={2020},
  organization={Springer}
}

@inproceedings{dosovitskiy2015flownet,
  title={Flownet: Learning optical flow with convolutional networks},
  author={Dosovitskiy, Alexey and Fischer, Philipp and Ilg, Eddy and Hausser, Philip and Hazirbas, Caner and Golkov, Vladimir and Van Der Smagt, Patrick and Cremers, Daniel and Brox, Thomas},
  booktitle={ICCV},
  pages={2758--2766},
  year={2015}
}

@inproceedings{sun2018pwc,
  title={Pwc-net: Cnns for optical flow using pyramid, warping, and cost volume},
  author={Sun, Deqing and Yang, Xiaodong and Liu, Ming-Yu and Kautz, Jan},
  booktitle={CVPR},
  pages={8934--8943},
  year={2018}
}

@inproceedings{wang2022ferv39k,
  title={Ferv39k: A large-scale multi-scene dataset for facial expression recognition in videos},
  author={Wang, Yan and Sun, Yixuan and Huang, Yiwen and Liu, Zhongying and Gao, Shuyong and Zhang, Wei and Ge, Weifeng and Zhang, Wenqiang},
  booktitle={CVPR},
  pages={20922--20931},
  year={2022}
}

@inproceedings{ding2023mose,
  title={MOSE: A new dataset for video object segmentation in complex scenes},
  author={Ding, Henghui and Liu, Chang and He, Shuting and Jiang, Xudong and Torr, Philip HS and Bai, Song},
  booktitle={ICCV},
  pages={20224--20234},
  year={2023}
}

@inproceedings{Loshchilov2017DecoupledWD,
  title={Decoupled Weight Decay Regularization},
  author={Ilya Loshchilov and Frank Hutter},
  booktitle={International Conference on Learning Representations},
  year={2017},
  url={https://api.semanticscholar.org/CorpusID:53592270}
}

@article{lin2023frequency,
  title={Frequency-aware camouflaged object detection},
  author={Lin, Jiaying and Tan, Xin and Xu, Ke and Ma, Lizhuang and Lau, Rynson WH},
  journal={ACM Transactions on Multimedia Computing, Communications and Applications},
  volume={19},
  number={2},
  pages={1--16},
  year={2023},
  publisher={ACM New York, NY}
}

@inproceedings{sun2025frequency,
  title={Frequency-spatial entanglement learning for camouflaged object detection},
  author={Sun, Yanguang and Xu, Chunyan and Yang, Jian and Xuan, Hanyu and Luo, Lei},
  booktitle={European Conference on Computer Vision},
  pages={343--360},
  year={2025},
  organization={Springer}
}

@article{zhang2024frequency,
  title={Frequency-Guided Spatial Adaptation for Camouflaged Object Detection},
  author={Zhang, Shizhou and Kong, Dexuan and Xing, Yinghui and Lu, Yue and Ran, Lingyan and Liang, Guoqiang and Wang, Hexu and Zhang, Yanning},
  journal={arXiv preprint arXiv:2409.12421},
  year={2024}
}

@article{hui2024implicit,
  title={Implicit-explicit Motion Learning for Video Camouflaged Object Detection},
  author={Hui, Wenjun and Zhu, Zhenfeng and Gu, Guanghua and Liu, Meiqin and Zhao, Yao},
  journal={IEEE Transactions on Multimedia},
  year={2024},
  publisher={IEEE}
}


@inproceedings{ji2021progressively,
  title={Progressively normalized self-attention network for video polyp segmentation},
  author={Ji, Ge-Peng and Chou, Yu-Cheng and Fan, Deng-Ping and Chen, Geng and Fu, Huazhu and Jha, Debesh and Shao, Ling},
  booktitle={International Conference on Medical Image Computing and Computer-Assisted Intervention},
  pages={142--152},
  year={2021},
  organization={Springer}
}

@inproceedings{yang2021self,
  title={Self-supervised video object segmentation by motion grouping},
  author={Yang, Charig and Lamdouar, Hala and Lu, Erika and Zisserman, Andrew and Xie, Weidi},
  booktitle={ICCV},
  pages={7177--7188},
  year={2021}
}


@inproceedings{hui2024endow,
  title={Endow SAM with Keen Eyes: Temporal-spatial Prompt Learning for Video Camouflaged Object Detection},
  author={et al.,Hui Wenjun},
  booktitle={CVPR},
  pages={19058--19067},
  year={2024}
}