% Encoding: UTF-8

@inproceedings{kenton2019bert,
  title={{BERT}: {P}re-training of deep bidirectional transformers for language understanding},
  author={Jacob Devlin and Ming-Wei Chang and Kenton Lee and Kristina Toutanova},
  booktitle={Proc. of the Conf. of the North American Chapter of the Association for Computational Linguistics: Human Language Technologies (HLT-NAACL)},
  volume={1},
  number={2},
  year={2019},
  doi={10.18653/v1/N19-1423},
  organization={Minneapolis, Minnesota}
}

@inproceedings{ljubevsic2021bertic,
  title={{BERT}i{\'c}-{T}he Transformer Language Model for {B}osnian, {C}roatian, {M}ontenegrin and {S}erbian},
  author={Ljube{\v{s}}i{\'c}, Nikola and Lauc, Davor},
  booktitle={Proc. of the 8\textsuperscript{th} Worksh. on Balto-{S}lavic Natural Language Processing},
  pages={37--42},
  url={https://aclanthology.org/2021.bsnlp-1.5/},
  year={2021}
}

@inproceedings{scherbakov2022finetuning,
  title={Finetuning {BERT} on Partially Annotated {NER} Corpora},
  author={Scherbakov, Viktor and Mayorov, Vladimir},
  booktitle={Ivannikov Ispras Open Conference (ISPRAS)},
  pages={86--91},
  year={2022},
  doi={10.1109/ISPRAS57371.2022.10076869},
  organization={IEEE}
}

@article{kovsprdic2024zero,
  title={From zero to hero: Harnessing transformers for biomedical named entity recognition in zero-and few-shot contexts},
  author={Ko{\v{s}}prdi{\'c}, Milo{\v{s}} and Prodanovi{\'c}, Nikola and Ljaji{\'c}, Adela and Ba{\v{s}}aragin, Bojana and Milo{\v{s}}evi{\'c}, Nikola},
  journal={Artificial Intelligence in Medicine},
  volume={156},
  pages={102970},
  year={2024},
  doi={10.1016/j.artmed.2024.102970},
  publisher={Elsevier}
}


@inproceedings{darji2023german,
  title={German {BERT} model for legal named entity recognition},
  author={Darji, Harshil and Mitrovi{\'c}, Jelena and Granitzer, Michael},
  booktitle={Proceedings of the 15\textsuperscript{th} International Conference on Agents and Artificial Intelligence (ICAART)},
  pages={723--728},
  year={2023},
  volume = {3},
  doi={10.5220/0011749400003393},
  organization={SciTePress}
}

@article{ccetindaug2023named,
  title={Named-entity recognition in Turkish legal texts},
  author={{\c{C}}etinda{\u{g}}, Can and Yaz{\i}c{\i}o{\u{g}}lu, Berkay and Ko{\c{c}}, Aykut},
  journal={Natural Language Engineering},
  volume={29},
  number={3},
  pages={615--642},
  year={2023},
  doi={10.1017/S1351324922000304},
  publisher={Cambridge University Press}
}


@article{rajamanickam2024improving,
  title={Improving legal entity recognition using a hybrid transformer model and semantic filtering approach},
  author={Rajamanickam, Duraimurugan},
  journal={arXiv:2410.08521},
  doi={10.48550/arXiv.2410.08521},
  year={2024}
}

@inproceedings{jin2023teamshakespeare,
  title={{TeamShakespeare} at {SemEval-2023} task 6: {U}nderstand legal documents with contextualized large language models},
  author={Jin, Xin and Wang, Yuchen},
  booktitle={Proceedings of the 17\textsuperscript{th} International Workshop on Semantic Evaluation (SemEval)},
  doi={10.18653/v1/2023.semeval-1.72},
  pages={517--525},
  year={2023}
}

@article{alfred2014malay,
  title={Malay Named Entity Recognition Based on Rule-Based Approach},
  author={Alfred, Rayner and Leong, Leow Chin and On, Chin Kim and Anthony, Patricia},
  journal={International Journal of Machine Learning and Computing},
  volume={4},
  number={3},
  doi={10.7763/IJMLC.2014.V4.428 },
  year={2014}
}

@article{hanisch2005prominer,
  title={{ProMiner}: {R}ule-based protein and gene entity recognition},
  author={Hanisch, Daniel and Fundel, Katrin and Mevissen, Heinz-Theodor and Zimmer, Ralf and Fluck, Juliane},
  journal={BMC Bioinformatics},
  volume={6},
  pages={1--9},
  year={2005},
  doi={10.1186/1471-2105-6-S1-S14},
  publisher={Springer}
}

@inproceedings{chiticariu2013rule,
  title={Rule-based information extraction is dead! {L}ong live rule-based information extraction systems!},
  author={Chiticariu, Laura and Li, Yunyao and Reiss, Frederick},
  booktitle={Proc. of the Conf. on Empirical Methods in Natural Language Processing},
  pages={827--832},
  url={https://aclanthology.org/D13-1079/},
  year={2013}
}

@article{geng2017clinical,
  title={Clinical name entity recognition using conditional random field with augmented features},
  author={Geng, Dawei},
  journal={CCKS 2017},
  pages={61--68},
  url={https://ceur-ws.org/Vol-1976/paper11.pdf},
  year={2017}
}

@inproceedings{petasis2001using,
  title={Using machine learning to maintain rule-based named-entity recognition and classification systems},
  author={Petasis, Georgios and Vichot, Frantz and Wolinski, Francis and Paliouras, Georgios and Karkaletsis, Vangelis and Spyropoulos, Constantine D},
  booktitle={Proc. of the 39\textsuperscript{th} Annual Meeting of the Association for Computational Linguistics},
  pages={426--433},
  doi={10.3115/1073012.1073067},
  year={2001}
}

@article{li2020survey,
  title={A survey on deep learning for named entity recognition},
  author={Li, Jing and Sun, Aixin and Han, Jianglei and Li, Chenliang},
  journal={IEEE Transactions on Knowledge and Data Engineering},
  volume={34},
  number={1},
  pages={50--70},
  year={2020},
  doi = {10.1109/TKDE.2020.2981314},
  publisher={IEEE}
}

@inproceedings{chalkidis2020legal,
  title={{Legal-BERT}: {T}he muppets straight out of law school},
  author={Chalkidis, Ilias and Fergadiotis, Manos and Malakasiotis, Prodromos and Aletras, Nikolaos and Androutsopoulos, Ion},
  booktitle={Findings of the Association for Computational Linguistics: EMNLP},
  pages={2898--2904},
  doi={10.18653/v1/2020.findings-emnlp.261},
  year={2020}
}

@article{nastou2024improving,
  title={Improving dictionary-based named entity recognition with deep learning},
  author={Nastou, Katerina and Koutrouli, Mikaela and Pyysalo, Sampo and Jensen, Lars Juhl},
  journal={Bioinformatics},
  volume={40},
  pages={ii45--ii52},
  year={2024},
  doi={10.1093/bioinformatics/btae402},
  publisher={Oxford University Press}
}

@article{lee2020biobert,
  title={{BioBERT}: {A} pre-trained biomedical language representation model for biomedical text mining},
  author={Lee, Jinhyuk and Yoon, Wonjin and Kim, Sungdong and Kim, Donghyeon and Kim, Sunkyu and So, Chan Ho and Kang, Jaewoo},
  journal={Bioinformatics},
  volume={36},
  number={4},
  pages={1234--1240},
  year={2020},
  doi={10.1093/bioinformatics/btz682},
  publisher={Oxford University Press}
}

@inproceedings{lafferty2001conditional,
  title={Conditional random fields: {P}robabilistic models for segmenting and labeling sequence data},
  author={Lafferty, John and McCallum, Andrew and Pereira, Fernando and others},
  booktitle={Proc. of the 18\textsuperscript{th} Int. Conf. on Machine Learning (ICML)},
  volume={1},
  number={2},
  pages={3},
  year={2001},
  url={https://repository.upenn.edu/handle/20.500.14332/6188},
  organization={Williamstown, MA}
}

@inproceedings{bikel1997nymble,
  title={Nymble: {A} High-Performance Learning Name-finder},
  author={Bikel, Daniel M and Miller, Scott and Schwartz, Richard and Weischedel, Ralph},
  booktitle={Proc. of the 5\textsuperscript{th} Conference on Applied Natural Language Processing},
  pages={194--201},
  doi={10.3115/974557.974586},
  year={1997}
}

@inproceedings{szarvas2006multilingual,
  title={A multilingual named entity recognition system using boosting and {C4.5} decision tree learning algorithms},
  author={Szarvas, Gy{\"o}rgy and Farkas, Rich{\'a}rd and Kocsor, Andr{\'a}s},
  booktitle={Proc. of the 9\textsuperscript{th} Int. Conf. on Discovery Science, Spain},
  pages={267--278},
  doi={10.1007/11893318_27},
  year={2006}
}

@inproceedings{mccallumli2003early,
    title = "Early results for Named Entity Recognition with Conditional Random Fields, Feature Induction and Web-Enhanced Lexicons",
    author = "McCallum, Andrew  and
      Li, Wei",
    booktitle = "Proc.of the 7\textsuperscript{th} Conf. on Natural Language Learning at {HLT}-{NAACL}",
    year = "2003",
    url={https://aclanthology.org/W03-0430/},
    pages = "188--191"
}

@inproceedings{mcnamee2002entity,
  title={Entity extraction without language-specific resources},
  author={McNamee, Paul and Mayfield, James},
  booktitle={Proc. of the 6\textsuperscript{th} Int. Conf. on Natural Language Learning},
  pages={1--4},
  volume={20},
  url={https://aclanthology.org/W02-2020/},
  year={2002}
}

@inproceedings{liu2011recognizing,
  title={Recognizing named entities in tweets},
  author={Liu, Xiaohua and Zhang, Shaodian and Wei, Furu and Zhou, Ming},
  booktitle={Proceedings of the 49\textsuperscript{th} annual meeting of the association for computational linguistics: human language technologies},
  pages={359--367},
  year={2011}
}

@article{chiu2016named,
  title={Named Entity Recognition with Bidirectional {LSTM-CNN}s},
  author={Chiu, Jason PC and Nichols, Eric},
  journal={Transactions of the Association for Computational Linguistics},
  volume={4},
  pages={357--370},
  doi={10.1162/tacl_a_00104},
  year={2016}
}

@article{brown2020language,
  title={Language models are few-shot learners},
  author={Brown, Tom and Mann, Benjamin and Ryder, Nick and Subbiah, Melanie and Kaplan, Jared D and Dhariwal, Prafulla and Neelakantan, Arvind and Shyam, Pranav and Sastry, Girish and Askell, Amanda and others},
  journal={Advances in Neural Information Processing Systems},
  volume={33},
  pages={1877--1901},
  doi={10.48550/arXiv.2005.14165},
  year={2020}
}

@article{joshi2020spanbert,
  title={{SpanBERT}: {I}mproving Pre-training by Representing and Predicting Spans},
  author={Joshi, Mandar and Chen, Danqi and Liu, Yinhan and Weld, Daniel S and Zettlemoyer, Luke and Levy, Omer},
  journal={Transactions of the Association for Computational Linguistics},
  volume={8},
  pages={64--77},
  doi={10.1162/tacl_a_00300},
  year={2020}
}



@article{liu2019roberta,
  title={{RoBERTa}: {A} Robustly Optimized {BERT} Pretraining Approach},
  author={Liu, Yinhan and Ott, Myle and Goyal, Naman and Du, Jingfei and Joshi, Mandar and Chen, Danqi and Levy, Omer and Lewis, Mike and Zettlemoyer, Luke and Stoyanov, Veselin},
  journal={arXiv:1907.11692},
  doi={10.48550/arXiv.1907.11692},
  year={2019}
}

@inproceedings{Lan2020ALBERT,
title={{ALBERT}: A Lite {BERT} for Self-supervised Learning of Language Representations},
author={Zhenzhong Lan and Mingda Chen and Sebastian Goodman and Kevin Gimpel and Piyush Sharma and Radu Soricut},
booktitle={International Conference on Learning Representations (ICLR)},
doi={10.48550/arXiv.1909.11942},
year={2020}
}

@misc{ryu2021re,
  title={{[RE] ALBERT}: {A} Lite {BERT} for Self-supervised Learning of Language Representations},
  author={Ryu, Mingi},
  journal = {ML Reproducibility Challenge 2020},
  url={https://openreview.net/forum?id=UkIQrHoru_J},
  urldate = {2025-02-03},
  year={2021}
}

@inproceedings{Clark2020ELECTRA,
title={{ELECTRA}: {P}re-training Text Encoders as Discriminators Rather Than Generators},
author={Kevin Clark and Minh-Thang Luong and Quoc V. Le and Christopher D. Manning},
booktitle={International Conference on Learning Representations (ICLR)},
doi={10.48550/arXiv.2003.10555},
year={2020}
}

@inproceedings{lewis2020bart,
    title = "{BART}: Denoising Sequence-to-Sequence Pre-training for Natural Language Generation, Translation, and Comprehension",
    author = "Lewis, Mike  and
      Liu, Yinhan  and
      Goyal, Naman  and
      Ghazvininejad, Marjan  and
      Mohamed, Abdelrahman  and
      Levy, Omer  and
      Stoyanov, Veselin  and
      Zettlemoyer, Luke",
    booktitle = "Proc. of the 58\textsuperscript{th} Annual Meeting of the Association for Computational Linguistics",
    year = "2020",
    doi = "10.18653/v1/2020.acl-main.703",
    pages = "7871--7880"
}

@misc{milutin2024,
  title={{SRBedding}: {I}nformation retrieval embedding model for {S}erbian},
  author={Milutin, Selena and Mihajlov, Teodora and Studen, Milutin},
  journal = {Technical report},
  url={https://github.com/smartcat-labs/SRBedding},
  urldate = {2025-02-03},
  year={2024}
}

@misc{zivanic2024,
  title={Embedi{\'c}:  {A} group of new text embedding models finetuned for the {Serbian} language},
  author={{\v{Z}}ivani{\'c}, Novak},
  journal = {Model repository},
  url={https://huggingface.co/djovak/embedic-large},
  urldate = {2025-02-03},
  year={2024}
}

@misc{cvetanovic2023,
  title={{BERT}i{\'c}-{SQuAD}-sr-lat: {A} question answering neural network for {S}erbian language},
  author={Cvetanovi{\'c}, Aleksa},
  journal = {Model repository},
  url={https://huggingface.co/aleksahet/BERTic-squad-sr-lat},
  urldate = {2025-02-03},
  year={2023}
}

@misc{ljubesic2023,
  title={BERTi{\'c} model fine-tuned for the task of named entity recognition in {B}osnian, {C}roatian, {M}ontenegrin and {S}erbian},
  author={{{CLASSLA} - {CLARIN} {K}nowledge {C}entre for {S}outh {S}lavic {L}anguages}},
  journal = {Model repository},
  url={https://huggingface.co/classla/bcms-bertic-ner},
  urldate = {2025-02-03},
  year={2023}
}


@inproceedings{kim2021self,
  title={Self-Guided Contrastive Learning for {BERT} Sentence Representations},
  author={Kim, Taeuk and Yoo, Kang Min and Lee, Sang-goo},
  booktitle={Proc. of the 59\textsuperscript{th} Annual Meeting of the Association for Computational Linguistics and the 11\textsuperscript{th} Int. Joint Conf. on Natural Language Processing},
  volume={1},
  pages={2528--2540},
  doi={10.18653/v1/2021.acl-long.197},
  year={2021}
}

@article{perisic2023sr,
  title={{It-Sr-NER}: {W}eb services for recognizing and linking named entities in text and displaying them on a web map},
  author={Peri{\v{s}}ic, Olja and Stankovi{\'c}, Ranka and Milica, Ikoni{\'c}-Ne{\v{s}}i{\'c} and {\v{S}}kori{\'c}, Mihailo and others},
  journal={Infotheca-Journal for Digital Humanities},
  doi={10.18485/infotheca.2023.23.1.3},
  pages={61--77},
  year={2023}
  }

@inproceedings{ikonic2024bert,
  title={{BERT} downstream task analysis: {N}amed Entity Recognition in {S}erbian},
  editor={Trajanović, M. and Filipović, N. and Zdravković, M.},
  author={Ikoni{\'c} Ne{\v{s}}i{\'c}, Milica and Petalinkar, Sa{\v{s}}a and {\v{S}}kori{\'c}, Mihailo and Stankovi{\'c}, Ranka},
  booktitle={Lecture Notes in Networks and Systems (LNNS): Disruptive Information Technologies for a Smart Society, 14\textsuperscript{th} Int. Conf. on Information Society and Technology (ICIST), Kopaonik, Serbia},
  volume={860},
  pages={333--347},
  year={2024},
  doi={10.1007/978-3-031-71419-1_29},
  organization={Springer}
}



@misc{keraghel2024recentadvancesnamedentity,
      title={Recent Advances in Named Entity Recognition: {A} Comprehensive Survey and Comparative Study},
      author={Imed Keraghel and Stanislas Morbieu and Mohamed Nadif},
      journal={arXiv:2401.10825},
      doi={10.48550/arXiv.2401.10825},
      year={2024}
}

@article{alshammari2021impact,
  title={The impact of using different annotation schemes on named entity recognition},
  author={Alshammari, Nasser and Alanazi, Saad},
  journal={Egyptian Informatics Journal},
  volume={22},
  number={3},
  pages={295--302},
  year={2021},
  doi={10.1016/j.eij.2020.10.004},
  publisher={Elsevier}
}


@misc{arunmozhi2024,
  title={{NER} annotator tool for word-level and character-level annotation},
  author={Mozhi, Arun},
  journal = {Code repository},
  url={https://github.com/tecoholic/ner-annotator},
  urldate = {2025-02-03},
  year={2024}
}

@article{skoric24modeli,
  author    = {Mihailo {\v{S}}kori{\'c}},
  title     = {Novi jezi{\v{c}}ki modeli za srpski jezik},
  journal   = {Infoteka},
  volume    = {24},
  issue     = {1},
  year      = {2024},
  publisher = {Zajednica biblioteka univerziteta u Srbiji, Beograd},
  doi={10.48550/arXiv.2402.14379},
}

@inproceedings{todorovic2021serbian,
  title={Serbian {NER}\&beyond: {T}he archaic and the modern intertwinned},
  author={Todorovi{\'c}, Branislava {\v{S}}andrih and Krstev, Cvetana and Stankovi{\'c}, Ranka and Ne{\v{s}}i{\'c}, Milica Ikoni{\'c}},
  booktitle={Proc. of the Int. Conf. on Recent Advances in Natural Language Processing (RANLP)},
  pages={1252--1260},
  doi={https://aclanthology.org/2021.ranlp-1.141/},
  year={2021}
}

@misc{HuggingFaceTokenizer2024,
  title={Fast state-of-the-art tokenizers optimized for research and production },
  author={HuggingFace},
  journal = {Code repository},
  url={https://github.com/huggingface/tokenizers},
  urldate = {2025-02-03},
  year={2024}
}

@misc{Jerteh355,
  title={Jerteh-355: Najveći BERT model specijalno obučen za srpski jezik},
  author={{Društvo za jezičke resurse i tehnologije}},
  journal = {Code repository},
  url={https://huggingface.co/jerteh/Jerteh-355},
  urldate = {2025-02-03},
  year={2024}
}


@online{sudskaPraksa2024,
  author = {{Ministry of Justice of the Republic of Serbia}},
  title = {Serbian Judicial Practices - official website},
  year = 2025,
  url = {https://www.sudskapraksa.sud.rs/sudska-praksa},
  urldate = {2025-02-03}
}





@article{wordPieceTokenizer2016,
title	= {Google's neural machine translation system: {B}ridging the gap between human and machine translation},
author	= {Yonghui Wu and Mike Schuster and others},
year	= {2016},
URL	= {http://arxiv.org/abs/1609.08144},
journal	= {CoRR},
volume	= {abs/1609.08144}
}


@inproceedings{conneau2020unsupervised,
  title={Unsupervised cross-lingual representation learning at scale},
  author={Conneau, Alexis and Khandelwal, Karitkay and Goyal, Naman and others},
  booktitle={Proc. of the 58\textsuperscript{th} Annual Meeting of the Association for Computational Linguistics},
  pages={8440--8451},
  doi={10.18653/v1/2020.acl-main.747},
  year={2020}
}
