@article{dkt,
  title={Deep knowledge tracing},
  author={Piech, Chris and Bassen, Jonathan and Huang, Jonathan and Ganguli, Surya and Sahami, Mehran and Guibas, Leonidas J and Sohl-Dickstein, Jascha},
  journal={Advances in neural information processing systems},
  volume={28},
  year={2015}
}

@article{survey,
  title={Knowledge tracing: A survey},
  author={Abdelrahman, Ghodai and Wang, Qing and Nunes, Bernardo},
  journal={ACM Computing Surveys},
  volume={55},
  number={11},
  pages={1--37},
  year={2023},
  publisher={ACM New York, NY}
}

@inproceedings{dkvmn,
  title={Dynamic key-value memory networks for knowledge tracing},
  author={Zhang, Jiani and Shi, Xingjian and King, Irwin and Yeung, Dit-Yan},
  booktitle={Proceedings of the 26th international conference on World Wide Web},
  pages={765--774},
  year={2017}
}

@article{sakt,
  title={A self-attentive model for knowledge tracing},
  author={Pandey, Shalini and Karypis, George},
  journal={arXiv preprint arXiv:1907.06837},
  year={2019}
}

@inproceedings{difficulty_intro,
  title={KT-IDEM: Introducing item difficulty to the knowledge tracing model},
  author={Pardos, Zachary A and Heffernan, Neil T},
  booktitle={User Modeling, Adaption and Personalization: 19th International Conference, UMAP 2011, Girona, Spain, July 11-15, 2011. Proceedings 19},
  pages={243--254},
  year={2011},
  organization={Springer}
}

@inproceedings{dimkt,
  title={Assessing student's dynamic knowledge state by exploring the question difficulty effect},
  author={Shen, Shuanghong and Huang, Zhenya and Liu, Qi and Su, Yu and Wang, Shijin and Chen, Enhong},
  booktitle={Proceedings of the 45th international ACM SIGIR conference on research and development in information retrieval},
  pages={427--437},
  year={2022}
}

@inproceedings{qdckt,
  title={Question Difficulty Consistent Knowledge Tracing},
  author={Liu, Guimei and Zhan, Huijing and Kim, Jung-jae},
  booktitle={Proceedings of the ACM on Web Conference 2024},
  pages={4239--4248},
  year={2024}
}

@inproceedings{eakt,
  title={Mitigating Cold-Start Problems in Knowledge Tracing with Large Language Models: An Attribute-aware Approach},
  author={Guo, Yuxiang and Shen, Shuanghong and Liu, Qi and Huang, Zhenya and Zhu, Linbo and Su, Yu and Chen, Enhong},
  booktitle={Proceedings of the 33rd ACM International Conference on Information and Knowledge Management},
  pages={727--736},
  year={2024}
}

@article{dcl4kt,
  title={Difficulty-Focused Contrastive Learning for Knowledge Tracing with a Large Language Model-Based Difficulty Prediction},
  author={Lee, Unggi and Yoon, Sungjun and Yun, Joon Seo and Park, Kyoungsoo and Jung, YoungHoon and Stratton, Damji and Kim, Hyeoncheol},
  journal={arXiv preprint arXiv:2312.11890},
  year={2023}
}

@inproceedings{akt,
  title={Context-aware attentive knowledge tracing},
  author={Ghosh, Aritra and Heffernan, Neil and Lan, Andrew S},
  booktitle={Proceedings of the 26th ACM SIGKDD international conference on knowledge discovery \& data mining},
  pages={2330--2339},
  year={2020}
}

@inproceedings{gkt,
  title={Graph-based knowledge tracing: modeling student proficiency using graph neural network},
  author={Nakagawa, Hiromi and Iwasawa, Yusuke and Matsuo, Yutaka},
  booktitle={IEEE/WIC/ACM International Conference on Web Intelligence},
  pages={156--163},
  year={2019}
}

@article{hgkt,
  title={Hgkt: Introducing hierarchical exercise graph for knowledge tracing},
  author={Tong, Hanshuang and Wang, Zhen and Zhou, Yun and Tong, Shiwei and Han, Wenyuan and Liu, Qi},
  journal={arXiv preprint arXiv:2006.16915},
  year={2020}
}

@article{bkt,
  title={Knowledge tracing: Modeling the acquisition of procedural knowledge},
  author={Corbett, Albert T and Anderson, John R},
  journal={User modeling and user-adapted interaction},
  volume={4},
  pages={253--278},
  year={1994},
  publisher={Springer}
}

@article{deepirt,
  title={Deep-IRT: Make deep learning based knowledge tracing explainable using item response theory},
  author={Yeung, Chun-Kit},
  journal={arXiv preprint arXiv:1904.11738},
  year={2019}
}

@inproceedings{sideinfo,
  title={Deep knowledge tracing with side information},
  author={Wang, Zhiwei and Feng, Xiaoqin and Tang, Jiliang and Huang, Gale Yan and Liu, Zitao},
  booktitle={Artificial Intelligence in Education: 20th International Conference, AIED 2019, Chicago, IL, USA, June 25-29, 2019, Proceedings, Part II 20},
  pages={303--308},
  year={2019},
  organization={Springer}
}

@inproceedings{llmnotime,
  title={Are language models actually useful for time series forecasting?},
  author={Tan, Mingtian and Merrill, Mike A and Gupta, Vinayak and Althoff, Tim and Hartvigsen, Thomas},
  booktitle={The Thirty-eighth Annual Conference on Neural Information Processing Systems},
  year={2024}
}

@article{pykt,
  title={pyKT: a python library to benchmark deep learning based knowledge tracing models},
  author={Liu, Zitao and Liu, Qiongqiong and Chen, Jiahao and Huang, Shuyan and Tang, Jiliang and Luo, Weiqi},
  journal={Advances in Neural Information Processing Systems},
  volume={35},
  pages={18542--18555},
  year={2022}
}

@inproceedings{atdkt,
  title={Enhancing deep knowledge tracing with auxiliary tasks},
  author={Liu, Zitao and Liu, Qiongqiong and Chen, Jiahao and Huang, Shuyan and Gao, Boyu and Luo, Weiqi and Weng, Jian},
  booktitle={Proceedings of the ACM Web Conference 2023},
  pages={4178--4187},
  year={2023}
}

@inproceedings{qikt,
  title={Improving interpretability of deep sequential knowledge tracing models with question-centric cognitive representations},
  author={Chen, Jiahao and Liu, Zitao and Huang, Shuyan and Liu, Qiongqiong and Luo, Weiqi},
  booktitle={Proceedings of the AAAI Conference on Artificial Intelligence},
  volume={37},
  number={12},
  pages={14196--14204},
  year={2023}
}

@article{xes3g5m,
  title={Xes3g5m: A knowledge tracing benchmark dataset with auxiliary information},
  author={Liu, Zitao and Liu, Qiongqiong and Guo, Teng and Chen, Jiahao and Huang, Shuyan and Zhao, Xiangyu and Tang, Jiliang and Luo, Weiqi and Weng, Jian},
  journal={Advances in Neural Information Processing Systems},
  volume={36},
  year={2024}
}

@inproceedings{sparsekt,
  title={Towards robust knowledge tracing models via k-sparse attention},
  author={Huang, Shuyan and Liu, Zitao and Zhao, Xiangyu and Luo, Weiqi and Weng, Jian},
  booktitle={Proceedings of the 46th International ACM SIGIR Conference on Research and Development in Information Retrieval},
  pages={2441--2445},
  year={2023}
}

@article{gdpkt,
  title={A Difficulty Personalization Model Based on Heterogeneous Graph for Knowledge Tracing},
  author={Zhang, FengPei and Qiu, Liqing and Cui, Zhenyu and Chen, Xiao},
  journal={Available at SSRN 5009691}
}

@article{megkt,
  title={Knowledge Tracing Through Enhanced Questions and Directed Learning Interaction Based on Multigraph Embeddings in Intelligent Tutoring Systems},
  author={Qiu, Liqing and Wang, Lulu},
  journal={IEEE Transactions on Education},
  year={2024},
  publisher={IEEE}
}

@article{dpkt,
  title={DPKT: Difficulty-Aware Programming Knowledge Tracing with Large Language Models},
  author={Yang, Lina and Sun, Xinjie and Li, Hui and Xu, Ran and Wei, Xuqin},
  year={2024}
}

@inproceedings{eckt,
  title={ECKT: Enhancing Code Knowledge Tracing via Large Language Models},
  author={Yu, Yang and Zhou, Yingbo and Zhu, Yaokang and Ye, Yutong and Chen, Liangyu and Chen, Mingsong},
  booktitle={Proceedings of the Annual Meeting of the Cognitive Science Society},
  volume={46},
  year={2024}
}

@inproceedings{dtransfomer,
  title={Tracing knowledge instead of patterns: Stable knowledge tracing with diagnostic transformer},
  author={Yin, Yu and Dai, Le and Huang, Zhenya and Shen, Shuanghong and Wang, Fei and Liu, Qi and Chen, Enhong and Li, Xin},
  booktitle={Proceedings of the ACM Web Conference 2023},
  pages={855--864},
  year={2023}
}

@inproceedings{rekt,
  title={Revisiting Knowledge Tracing: A Simple and Powerful Model},
  author={Shen, Xiaoxuan and Yu, Fenghua and Liu, Yaqi and Liang, Ruxia and Wan, Qian and Yang, Kai and Sun, Jianwen},
  booktitle={Proceedings of the 32nd ACM International Conference on Multimedia},
  pages={263--272},
  year={2024}
}

@incollection{extrakt,
  title={Extending Context Window of Attention Based Knowledge Tracing Models via Length Extrapolation},
  author={Li, Xueyi and Bai, Youheng and Guo, Teng and Zheng, Ying and Hou, Mingliang and Zhan, Bojun and Huang, Yaying and Liu, Zitao and Gao, Boyu and Luo, Weiqi},
  booktitle={ECAI 2024},
  pages={1479--1486},
  year={2024},
  publisher={IOS Press}
}

@article{simplekt,
  title={simpleKT: a simple but tough-to-beat baseline for knowledge tracing},
  author={Liu, Zitao and Liu, Qiongqiong and Chen, Jiahao and Huang, Shuyan and Luo, Weiqi},
  journal={arXiv preprint arXiv:2302.06881},
  year={2023}
}

@inproceedings{stablekt,
  title={Enhancing length generalization for attention based knowledge tracing models with linear biases},
  author={Li, Xueyi and Bai, Youheng and Guo, Teng and Liu, Zitao and Huang, Yaying and Zhao, Xiangyu and Xia, Feng and Luo, Weiqi and Weng, Jian},
  booktitle={33rd International Joint Conference on Artificial Intelligence, IJCAI 2024},
  pages={5918--5926},
  year={2024},
  organization={International Joint Conferences on Artificial Intelligence}
}

@inproceedings{codebert,
  title={An empirical study on the usage of bert models for code completion},
  author={Ciniselli, Matteo and Cooper, Nathan and Pascarella, Luca and Poshyvanyk, Denys and Di Penta, Massimiliano and Bavota, Gabriele},
  booktitle={2021 IEEE/ACM 18th International Conference on Mining Software Repositories (MSR)},
  pages={108--119},
  year={2021},
  organization={IEEE}
}

@article{chainot,
  title={Chain-of-thought prompting elicits reasoning in large language models},
  author={Wei, Jason and Wang, Xuezhi and Schuurmans, Dale and Bosma, Maarten and Xia, Fei and Chi, Ed and Le, Quoc V and Zhou, Denny and others},
  journal={Advances in neural information processing systems},
  volume={35},
  pages={24824--24837},
  year={2022}
}

@article{rag,
  title={Retrieval-augmented generation for knowledge-intensive nlp tasks},
  author={Lewis, Patrick and Perez, Ethan and Piktus, Aleksandra and Petroni, Fabio and Karpukhin, Vladimir and Goyal, Naman and K{\"u}ttler, Heinrich and Lewis, Mike and Yih, Wen-tau and Rockt{\"a}schel, Tim and others},
  journal={Advances in Neural Information Processing Systems},
  volume={33},
  pages={9459--9474},
  year={2020}
}
