@INPROCEEDINGS{5509677,
  author={Mostofi, Yasamin and others}, 
  booktitle={IEEE International Conference on Robotics and Automation}, 
  title={{Estimation of communication signal strength in robotic networks}}, 
  year={2010},
  volume={},
  number={},
  pages={1946-1951},
  doi={10.1109/ROBOT.2010.5509677}}

@ARTICLE{5GERA_IROS,
  author={Adrian Lendinez and Lanfranco Zanzi and Sandra Moreno and Guillem Gari and Xi Li and Renxi Qiu and Xavier Costa-Perez},
  journal={IEEE IROS}, 
  title={{Enhancing 5G-enabled Robots Autonomy by Radio-Aware Semantic Maps}}, 
  month={Oct.},
  year={2023},
  }

%author={Eller, Lukas and Raida, Vaclav and Svoboda, Philipp and Rupp, Markus}

@INPROCEEDINGS{Delgado22,
  doi = {10.48550/ARXIV.2205.03256},
  author = {Delgado, Carmen and Zanzi, Lanfranco and Li, Xi and Costa-Pérez, Xavier},
  booktitle = {IEEE International Symposium on a World of Wireless, Mobile and Multimedia Networks (WoWMoM)},
  title = {{OROS: Orchestrating ROS-driven Collaborative Connected Robots in Mission-Critical Operations}},
  year = {2022},
  month = {Jun.},
}

@INPROCEEDINGS{Graph_DTN,
  author={Zhu, Yanhong and Chen, Danyang and Zhou, Cheng and Lu, Lu and Duan, Xiaodong},
  booktitle={IEEE International Conference on Digital Twins and Parallel Intelligence}, 
  title={{A knowledge graph based construction method for Digital Twin Network}}, 
  year={2021},
  volume={},
  number={},
  pages={362-365},
  doi={10.1109/DTPI52967.2021.9540177}}

@ARTICLE{SLAM_5GNR,
  author = { Panagiotis T. Karfakis and Micael S Couceiro and David Portugal},
  journal={Sensors}, 
  title={{NR5G-SAM: A SLAM Framework for Field Robot Applications Based on 5G New Radio}}, 
  year={2023},
  volume={23},
  number={11},
  pages={5354},
  doi={https://doi.org/10.3390/s23115354}
}

@article{Scalable_DT,
author = {Wang, Haozhe and Wu, Yulei and Min, Geyong and Miao, Wang},
year = {2020},
month = {12},
pages = {1-1},
title = {A Graph Neural Network-Based Digital Twin for Network Slicing Management},
volume = {PP},
journal = {IEEE Transactions on Industrial Informatics},
doi = {10.1109/TII.2020.3047843}
}

@article{next_generation_DT_robotics,
author = {A. Mazumder and others},
title = {{Towards next generation digital twin in robotics: Trends, scopes, challenges, and future}},
journal = {Heliyon},
volume = {9},
number = {2},
year = {2023},
}

@ARTICLE{online_OROS,
  author={Romero, Arnau and Delgado, Carmen and Zanzi, Lanfranco and Li, Xi and Costa-Pérez, Xavier},
  journal={IEEE Transactions on Network and Service Management}, 
  title={{OROS: Online Operation and Orchestration of Collaborative Robots using 5G}}, 
  year={2023},
  volume={},
  number={},
  doi={10.1109/TNSM.2023.3281976}}

