\bibliographystyle{IEEEtran}


@inproceedings{Maruyama2016,
author = {Maruyama, Yuya and Kato, Shinpei and Azumi, Takuya},
title = {{Exploring the Performance of {ROS}2}},
year = {2016},
booktitle = {International Conference on Embedded Software},
articleno = {5},
numpages = {10},
}


@misc{Gutierrez2018,
      title={Towards a distributed and real-time framework for robots: Evaluation of {ROS} 2.0 communications for real-time robotic applications}, 
      author={Carlos San Vicente Gutiérrez and Lander Usategui San Juan and Irati Zamalloa Ugarte and Víctor Mayoral Vilches},
      year={2018},
      eprint={1809.02595},
      archivePrefix={arXiv},
      primaryClass={cs.RO}
}

@article{Scholl2013,
title = {{Connecting Wireless Sensor Networks to the Robot Operating System}},
journal = {Procedia Computer Science},
volume = {19},
pages = {1121-1128},
year = {2013},
note = {The 4th International Conference on Ambient Systems, Networks and Technologies (ANT 2013), the 3rd International Conference on Sustainable Energy Information Technology (SEIT-2013)},
issn = {1877-0509},
doi = {https://doi.org/10.1016/j.procs.2013.06.158},
url = {https://www.sciencedirect.com/science/article/pii/S1877050913007667},
author = {Philipp M. Scholl and Brahim El Majoub and Silvia Santini and Kristof {Van Laerhoven}}
}

@article{Calvo-Fullana2021,
title = {ROS-{NetSim}: A Framework for the Integration of Robotic and Network Simulators},
author = {M Calvo-Fullana and D Mox and A Pyattaev and J Fink and V Kumar and A Ribeiro},
doi = {10.1109/LRA.2021.3056347},
year = {2021},
date = {2021-01-01},
journal = {IEEE Robotics \& Automation Letters},
volume = {6},
number = {2},
pages = {1120-1127},
keywords = {},
pubstate = {published},
tppubtype = {article}
}

@article{Voigtlnder2017,
  title={5{G} for Robotics: Ultra-Low Latency Control of Distributed Robotic Systems},
  author={F. Voigtl{\"a}nder and A. Ramadan and J. Eichinger and Claus Lenz and D. Pensky and Alois Knoll},
  journal={International Symposium on Computer Science and Intelligent Controls (ISCSIC)},
  year={2017},
  pages={69-72}
}


@mastersthesis{Rodriguez2020,
    author = {Miguel {Rodríguez Jodar}},
    institution = {Universitat Politècnica de València},
    pages = 80,
    school = {Escuela Técnica Superior de Ingenieros de Telecomunicación, Universitat Politècnica de València,},
    title = {Robótica conectada mediante 5{G} para la gestión de flotas de vehículos},
    year = 2020
}


@INPROCEEDINGS{Bohren2011, 
    author={J. {Bohren} and R. B. {Rusu} and E. {Gil Jones} and E. {Marder-Eppstein} and C. {Pantofaru} and M. {Wise} and L. {Mösenlechner} and W. {Meeussen} and S. {Holzer}},
    booktitle={IEEE International Conference on Robotics and Automation},
    title={Towards autonomous robotic butlers: Lessons learned with the PR2},
    year={2011},
    volume={}, 
    number={}, 
    pages={5568-5575},  
    doi={10.1109/ICRA.2011.5980058}}


@techreport{OSM_Experience,
     title = {{OSM Experience with NFV Architecture, Interfaces and Information Models}},
     author = {{ETSI (European Telecommunications Standards Institute)}},
     group = {csg},
     year = {2018},
     institution = {University of Zurich, Department of Informatics},
     month = {May},
     Date-Added = {2010-01-11 10:05:52},
     note = {Accessed on: March 2021},
     Date-Modified = {2010-07-22 12:08:45}
}

@INPROCEEDINGS{Albonico2021,
    author = {Albonico, Michel and Malavolta, Ivano and Pinto, Gustavo and Guzman, Emitza and Chinnappan, Katerina and Lago, Patricia},
    title = {{Mining Energy-Related Practices in Robotics Software}},
    booktitle={Mining Software Repositories Conference (MSR)},
    month = {May},
    year = {2021}
}

@article{Swanborn2020,
author = {Swanborn, Stan and Malavolta, Ivano},
doi = {10.1145/3417113.3422997},
isbn = {9781450381284},
journal = {IEEE/ACM International Conference on Automated Software Engineering Workshops},
keywords = {Energy efficiency, Robotics, Systematic literature},
pages = {144--151},
title = {{Energy Efficiency in Robotics Software: A Systematic Literature Review}},
year = {2020}
}

@article{Rappaport2016,
author = {Rappaport, Micha},
isbn = {9783800742318},
journal = {International Symposium on Robotics (ISR)},
pages = {236--243},
title = {{Energy-aware mobile robot exploration with adaptive decision thresholds}},
year = {2016}
}

@article{Rappaport2017,
author = {Rappaport, Micha and Bettstetter, Christian},
doi = {10.1109/IROS.2017.8206600},
isbn = {9781538626825},
issn = {21530866},
journal = {IEEE International Conference on Intelligent Robots and Systems},
pages = {6809--6816},
title = {{Coordinated recharging of mobile robots during exploration}},
volume = {2017-Septe},
year = {2017}
}

@article{Benkrid2019,
author = {Benkrid, Abdenour and Benallegue, Abdelaziz and Achour, Noura},
journal = {Journal of Control, Automation and Electrical Systems},
number = {6},
pages = {911--920},
title = {{Multi-robot Coordination for Energy-Efficient Exploration}},
volume = {30},
year = {2019}
}


@article{KasaeyanNaeini2019,
author = {{Kasaeyan Naeini}, Emad and Shahhosseini, Sina and Subramanian, Ajan and Yin, Tingjue and Rahmani, Amir M. and Dutt, Nikil},
doi = {10.1109/CHASE48038.2019.00023},
isbn = {9781728146874},
journal = {IEEE/ACM Conference on Connected Health: Applications, Systems and Engineering Technologies (CHASE)},
pages = {47--52},
publisher = {IEEE},
title = {{An Edge-Assisted and Smart System for Real-Time Pain Monitoring}},
year = {2019}
}

@article{Garcia-Saavedra2018,
author = {Garcia-Saavedra, Andres and Iosifidis, George and Costa-Perez, Xavier and Leith, Douglas J.},
doi = {10.1109/JSAC.2018.2874142},
issn = {15580008},
journal = {IEEE Journal on Selected Areas in Communications},
number = {11},
pages = {2433--2443},
publisher = {IEEE},
title = {{Joint optimization of edge computing architectures and radio access networks}},
volume = {36},
year = {2018}
}


@ARTICLE{SARDO,
  author={Albanese, Antonio and Sciancalepore, Vincenzo and Costa-P\'erez, Xavier},
  journal={IEEE Transactions on Mobile Computing}, 
  title={{SARDO: An Automated Search-and-Rescue Drone-based Solution for Victims Localization}}, 
  year={2021},
  volume={},
  number={},
  pages={1-1},
  doi={10.1109/TMC.2021.3051273}}
  
@misc{ONAP,
  author = {Linux Foundation},
  title = {{Open Network Automation Platform}},
  url = { https://www.onap.org/},
 year   = {2021 (accessed June 2021)},
}

@misc{OSM,
  author = {ETSI},
  title = {{Open source MANO (OSM) project}},
  url = { https://www.osm.etsi.org/},
  year   = {2021 (accessed June 2021)},
}



@misc{ROS_RCL_APIs,
  author = {{ROS Wiki}},
  title = {{ROS wiki APIs}},
  url = {http://wiki.ros.org/APIs/},
  year   = {2021 (accessed July 2021)},
} 

@misc{ROS_RWP_APIs,
  author = {ROS2},
  title = {{ROS Middleware Abstraction Interface }},
  url = {https://docs.ros2.org/foxy/api/rmw/},
  year   = {2021 (accessed July 2021)},
} 
 
 @misc{connectMatlabROS,
  author = {{The MathWorks, Inc.}},
  title = {{Network Connection and Exploration}},
  url = {https://www.mathworks.com/help/ros/network-connection-and-exploration.html},
  year   = {2021 (accessed November 2021)},
}
 
 
 @ARTICLE{airport_robots,
  author={Gui, Zhongcheng and Li, Haifeng},
  journal={IEEE Access}, 
  title={{Automated Defect Detection and Visualization for the Robotic Airport Runway Inspection}}, 
  year={2020},
  volume={8},
  number={},
  pages={76100--76107},
  month={May},
  }
  
  
@inproceedings{Ayala2021,
  title={Experimental Evaluation of Power Consumption in Virtualized Base Stations},
  author={Ayala-Romero, Jose A and Khalid, Ihtisham and Garcia-Saavedra, Andres and Costa-Perez, Xavier and Iosifidis, George},
  booktitle={IEEE International Conference on Communications (ICC)},
  month={Jun.},
  year={2021}
}


@article{Mei2005,
author = {Mei, Yongguo and Lu, Yung Hsiang and Hu, Y. Charlie and Lee, C. S.George},
journal = {International Conference on Advanced Robotics (ICAR)},
pages = {492--497},
title = {{A case study of mobile robot's energy consumption and conservation techniques}},
  month={Jul.},
year = {2005}
}



@INPROCEEDINGS{Distributed_SLAM,
  author={Chen, Xieyuanli and Lu, Huimin and Xiao, Junhao and Zhang, Hui},
  booktitle={ International Conference on CYBER Technology in Automation, Control, and Intelligent Systems (CYBER)}, 
  title={{Distributed Monocular Multi-Robot SLAM}}, 
  year={2018},
  volume={},
  number={},
  month={Jul.},
  pages={73--78},
  doi={10.1109/CYBER.2018.8688219}}


@article{Augmented_reality,
title = {{Augmented Reality in Support of Intelligent Manufacturing – A Systematic Literature Review}},
journal = {Computers \& Industrial Engineering},
volume = {140},
pages = {106--195},
year = {2020},
author = {Johannes Egger and Tariq Masood},
month = {Feb.},
}


@ARTICLE{Public_safety,
  author={Fantacci, Romano and Gei, Francesco and Marabissi, Dania and Micciullo, Luigia},
  journal={IEEE Communications Magazine}, 
  title={Public safety networks evolution toward broadband: sharing infrastructures and spectrum with commercial systems}, 
  year={2016},
  volume={54},
  number={4},
  month = {Apr.},
  pages={24-30},
  }
  
  
  @ARTICLE{Past_Present_SLAM,
  author={Cadena, Cesar and Carlone, Luca and Carrillo, Henry and Latif, Yasir and Scaramuzza, Davide and Neira, José and Reid, Ian and Leonard, John J.},
  journal={IEEE Transactions on Robotics}, 
  title={{Past, Present, and Future of Simultaneous Localization and Mapping: Toward the Robust-Perception Age}}, 
month = {Dec.},
  year={2016},
  volume={32},
  number={6},
  pages={1309-1332},
  doi={10.1109/TRO.2016.2624754}}
  
  
@article{Multi_Robot_SLAM,
author = {Saeedi, Sajad and Trentini, Michael and Seto, Mae and Li, Howard},
title = {{Multiple-Robot Simultaneous Localization and Mapping: A Review}},
year = {2016},
volume = {33},
number = {1},
issn = {1556--4959},
journal = {Journal of Field Robotics},
month = {Jan.},
pages = {3–46},
numpages = {44}
}


@INPROCEEDINGS{Robot_velocity,
  author={Seegmiller, Neal and Wettergreen, David},
  booktitle={IEEE International Conference on Intelligent Robots and Systems}, 
  title={{Optical Flow Odometry with Robustness to Self-shadowing}}, 
  year={2011},
  month = {Sept.},
  volume={},
  number={},
  pages={613-618},
}


@misc{gurobi,
  author = {{Gurobi Optimization, LLC}},
  title = {{Gurobi Optimizer Reference Manual}},
  year = 2021,
  url = "https://www.gurobi.com"
}


@INPROCEEDINGS{5GvsLTE,
  author={Aleksy, Markus and Dai, Fan and Enayati, Nima and Rost, Peter and Pocovi, Guillermo},
  booktitle={International Conference on Future Internet of Things and Cloud (FiCloud)}, 
  title={{Utilizing 5G in Industrial Robotic Applications}}, 
  year={2019},
  month = {Aug.},
  volume={},
  number={},
  pages={278-284},
  }
  

@INPROCEEDINGS{Mission_Critical_Edge,
  author={Skarin, Per and Tärneberg, William and Årzen, Karl-Erik and Kihl, Maria},
  booktitle={IEEE International Conference on Edge Computing (EDGE)}, 
  title={{Towards Mission-Critical Control at the Edge and Over 5G}}, 
  year={2018},
  month = {Sept.},
  volume={},
  number={},
  pages={50-57},
  }
  
 @ARTICLE{E2E_Reliability,
  author={Petrov, Vitaly and Lema, Maria A. and Gapeyenko, Margarita and Antonakoglou, Konstantinos and Moltchanov, Dmitri and Sardis, Fragkiskos and Samuylov, Andrey and Andreev, Sergey and Koucheryavy, Yevgeni and Dohler, Mischa},
  journal={IEEE Journal on Selected Areas in Communications}, 
  title={{Achieving End-to-End Reliability of Mission-Critical Traffic in Softwarized 5G Networks}}, 
  year={2018},
  month = {Mar.},
  volume={36},
  number={3},
  pages={485-501},
  }
  
  
@inproceedings{ROS_Container,
author = {Aldegheri, Stefano and Bombieri, Nicola and Fummi, Franco and Girardi, Simone and Muradore, Riccardo and Piccinelli, Nicola},
title = {{Enabling Containerized Computing and Orchestration of ROS-Based Robotic SW Applications on Cloud-Server-Edge Architectures: Late Breaking Results}},
year = {2020},
booktitle = {ACM/EDAC/IEEE Design Automation Conference},
articleno = {255},
numpages = {2},
}


@inproceedings{Slicing2018CoNEXT,
  title={{Overbooking Network Slices Through Yield-driven End-to-end Orchestration}},
  author={Salvat , J. Xavier  and Zanzi , Lanfranco and Garcia-Saavedra , Andres and Sciancalepore , Vincenzo and Costa-P{\'e}rez , Xavier},
  booktitle={ACM CoNEXT},
  pages={353--365},
  month= {Nov.},
  year={2018},
}

@INPROCEEDINGS{HIRO_NET,
  author={Ferranti, Ludovico and D'Oro, Salvatore and Bonati, Leonardo and Demirors, Emrecan and Cuomo, Francesca and Melodia, Tommaso},
  booktitle={IEEE WoWMoM}, 
  title={{HIRO-NET: Self-Organized Robotic Mesh Networking for Internet Sharing in Disaster Scenarios}}, 
  year={2019},
  volume={},
  number={},
  pages={1-9},
  }
  
 @article{ifa005,
	author = {{ETSI}},
	title = {{ETSI GS NFV-IFA 005 v2.1.1, Network Function Virtualisation (NFV); Management and Orchestration; Or-Vi reference point – Interface and Information Model Specification}},
	year = {2016}
}

@misc{3GPPTS,
  author={ {3GPP (Third Generation Partnership Project)} },
        Month = Dec,
        Organisation = {3GPP},
        Publisher = {3GPP},
        Series = {Technical Report. Release 15},
        Title = {{Management and orchestration; 5G Network Resource Model (NRM), TS 28.541, V16.3.0}},
        Year = {2019}
}

@misc{ts28531,
  author={ {3GPP (Third Generation Partnership Project)} },
        Month = Sep,
        Organisation = {3GPP},
        Publisher = {3GPP},
        Series = {Technical Report. Release 15},
        Title = {{Management and orchestration; Provisioning, TS 28.531, V15.4.0}},
        Year = {2019}}

@misc{36.133,
  author={ {3GPP (Third Generation Partnership Project)} },
        Month = Dec,
        Organisation = {3GPP},
        Publisher = {3GPP},
        Series = {Technical Specification Release 16},
        Title = {{Evolved Universal Terrestrial Radio Access (E-UTRA); Requirements for support of radio resource management TS 36.133, V16.7.0}},
        Year = {2020}}


%5GT Commag paper
@article{5GT_arch,
title = {{Automating Vertical Services Deployments over the 5GT Platform}},
journal = "IEEE Communications Magazine",
volume = {58},
number = {7},
pages = {44 - 50},
month = {July},
year= {2020},
issn = "0163-6804",
doi = "10.1109/MCOM.001.1900582",
author={{X. Li et al.}},
}

%5Growth Commag paper
@article {5Growth-commag,
  author = {X. Li and A. Garcia-Saavedra and X. Perez and C. Bernardos and C. Guimaraes and K. Antevski and J. Mangues and J. Baranda and E. Zeydan and D. Corujo and P. Iovanna and G. Landi and J. Alonso and P. Paixao and H. Martins and M. Lorenzo and J. Ordo{\~n}ez-Lucena and D. L{\'o}pez},
  title = {{5Growth: An End-to-End Service Platform for Automated Deployment and Management of Vertical Services over 5G Networks}},
  journal = {IEEE Communications Magazine },
  volume = {59},
  number = {3},
  year = {2021},
  month = {March},
  pages = {84-90},
}

%5Growth EuCNC 2020
@INPROCEEDINGS{Papa2006:5Growth,
AUTHOR="Chrysa Papagianni and Josep Mangues-Bafalluy and Pedro Bermudez and
Sokratis Barmpounakis and Danny {De Vleeschauwer} and Juan Brenes and Engin
Zeydan and Claudio E. Casetti and Carlos {Guimarães} and Pablo Murillo and
Andres Garcia-Saavedra and Daniel Corujo and Teresa Pepe",
TITLE={{5Growth: {AI-driven} {5G} for Automation in Vertical Industries}},
BOOKTITLE="European Conference on Networks and Communications (EuCNC)",
MONTH={June},
YEAR=2020,
}

@ARTICLE{DEEP_Platform,
  author={Guimarães, Carlos and Groshev, Milan and Cominardi, Luca and Zabala, Aitor and Contreras, Luis M. and Talat, Samer T. and Zhang, Chao and Hazra, Saptarshi and Mourad, Alain and de la Oliva, Antonio},
  journal={IEEE Communications Magazine}, 
  title={DEEP: A Vertical-Oriented Intelligent and Automated Platform for the Edge and Fog}, 
  year={2021},
  volume={59},
  number={6},
  pages={66-72},
  doi={10.1109/MCOM.001.2000986}}
  
  
  @INPROCEEDINGS{5G-Dive,
  author={Girletti, Luigi and Groshev, Milan and Guimarães, Carlos and Bernardos, Carlos J. and de la Oliva, Antonio},
  booktitle={IEEE Globecom Workshops}, 
  title={{An Intelligent Edge-based Digital Twin for Robotics}}, 
  year={2020},
  volume={},
  number={},
  pages={1-6},
  doi={10.1109/GCWkshps50303.2020.9367549}}
  
@INPROCEEDINGS{Yan2013,
author = {Yan, Zhi and Jouandeau, Nicolas and Ali, Arab},
title = {{A Survey and Analysis of Multi-Robot Coordination}},
year = {2013},
month = {12},
pages = {1},
volume = {10},
booktitle = {International Journal of Advanced Robotic Systems},
doi = {10.5772/57313}
}

@INPROCEEDINGS{Hutter2021,
  author={Hutter, David and Maurer, Florian},
  booktitle={2021 IEEE International Conference on Engineering, Technology and Innovation (ICE/ITMC)}, 
  title={Robust and Resource-Efficient Cooperative Exploration and Mapping Using Homogeneous Autonomous Robot Teams}, 
  year={2021},
  volume={},
  number={},
  pages={1-8},
  doi={10.1109/ICE/ITMC52061.2021.9570240}}


@INPROCEEDINGS{5GUplink,  
    author={Pons, Xavier and others},
    booktitle={IEEE International Workshop on Computer Aided Modeling and Design of Communication Links and Networks (CAMAD)},   
    title={{Uplink energy efficiency in {LTE} systems}},
    year={2013},
    volume={},  
    number={},
    pages={109-113},
    doi={10.1109/CAMAD.2013.6708099}
    }

@INPROCEEDINGS{5Gmodel,
    author={Jensen, Anders R. and others}, 
    booktitle={IEEE Vehicular Technology Conference (VTC Fall)},  
    title={{LTE UE Power Consumption Model: For System Level Energy and Performance Optimization}},  
    year={2012}, 
    volume={}, 
    number={},  
    pages={1-5},  
    doi={10.1109/VTCFall.2012.6399281}
}


@inproceedings{ITUR2019,
  title={{Calculation of free-space attenuation}},
  author={ {Recommendation ITU, R P. 525-4} },
  booktitle={Technical Specification},
  year={2019}
}


@misc{38.211,
  author={ {3GPP (Third Generation Partnership Project)} },
        Month = {Jun.},
        Organisation = {3GPP},
        Publisher = {3GPP},
        Series = {Technical Specification, Release 16},
        Title = {{5G; NR; Physical channels and modulation, TS 38.211, V17.3.0}},
        Year = {2022}
}

@misc{TS38.214,
  author={{3GPP (Third Generation Partnership Project)}},
        Month = {Oct.},
        Organisation = {3GPP},
        Publisher = {3GPP},
        Series = {Technical Specification, Release 15},
        Title = {{5G; NR;  Physical layer procedures for data, TS 38.214, V15.3.0}},
        Year = {2018}
}


@misc{TR38.901,
  author={{3GPP (Third Generation Partnership Project)}},
        Month = {Jan.},
        Organisation = {3GPP},
        Publisher = {3GPP},
        Series = {Technical Report, Release 16},
        Title = {{5G; Study on channel model for frequencies from 0.5 to 100 GHz, TS 38.901, V16.1.0}},
        Year = {2020}
}


@misc{TR38.900,
  author={{3GPP (Third Generation Partnership Project)}},
        Month = {Oct.},
        Organisation = {3GPP},
        Publisher = {3GPP},
        Series = {Technical Report, Release 14},
        Title = {{5G; Study on channel model for frequency spectrum above 6 GHz, TS 38.900, V15.1.0}},
        Year = {2018}
}

@misc{TS38.104,
  author={{3GPP (Third Generation Partnership Project)}},
        Month = {Oct.},
        Organisation = {3GPP},
        Publisher = {3GPP},
        Series = {Technical Specification, Release 15},
        Title = {{5G; NR;  Base Station (BS) radio transmission and reception, TS 38.104, V15.3.0}},
        Year = {2018}
}

@misc{TS38.101-1,
  author={{3GPP (Third Generation Partnership Project)}},
        Month = {Nov.},
        Organisation = {3GPP},
        Publisher = {3GPP},
        Series = {Technical Specification, Release 16},
        Title = {{5G; NR;  User Equipment (UE) radio transmission and reception; Part 1: Range 1 Standalone, TS 38.101-1, V16.5.0}},
        Year = {2020}
}

@INPROCEEDINGS{Delgado22,
  doi = {10.48550/ARXIV.2205.03256},
  author = {Delgado, Carmen and Zanzi, Lanfranco and Li, Xi and Costa-Pérez, Xavier},
  booktitle = {IEEE International Symposium on a World of Wireless, Mobile and Multimedia Networks (WoWMoM)},
  title = {{OROS: Orchestrating ROS-driven Collaborative Connected Robots in Mission-Critical Operations}},
  year = {2022},
  month = {Jun.},
}


@INPROCEEDINGS{EdgeRobotics,
  doi = {https://doi.org/10.1016/j.dcan.2022.04.032.},
  author = {Milan Groshev and Gabriele Baldoni and Luca Cominardi and Antonio de la Oliva and Robert Gazda},
  booktitle = {Digital Communications and Networks},
  title = {{Edge robotics: are we ready? An experimental evaluation of current vision and future directions}},
  year = {2022},
  month = {May},
}


@INPROCEEDINGS{pyLTE,
  author={Masek, Pavel and Hosek, Jiri and Zakaria, Yahia and Uhlir, Dalibor and Novotny, Vit and Slabicki, Mariusz and Grochla, Krzysztof},
  booktitle={International Congress on Ultra Modern Telecommunications and Control Systems and Workshops (ICUMT)}, 
  title={{Experimental evaluation of RAN modelling in indoor LTE deployment}}, 
  year={2015},
  volume={},
  number={},
  pages={184-188},
  doi={10.1109/ICUMT.2015.7382425}}


@INPROCEEDINGS{5G-UASP,
  author={Kuklinski, Slawomir and Tomaszewski, Lechoslaw and Korzec, Pawe∤ and Kolakowski, Robert},
  booktitle={IEEE Conference on Network Softwarization (NetSoft)}, 
  title={{5G-UASP: 5G-based multi-provider UAV platform architecture}}, 
  year={2020},
  volume={},
  number={},
  pages={242-246},
  doi={10.1109/NetSoft48620.2020.9165458}}


@inproceedings{95288,
booktitle = {International Conference on Robotics and Automation (ICRA)},
month = {May},
title = {{Place Categorization and Semantic Mapping on a Mobile Robot}},
author = {Niko Sunderhauf and Feras Dayoub and Sean McMahon and Ben Talbot and Ruth Schulz and Peter Corke and Gordon Wyeth and Ben Upcroft and Michael Milford},
publisher = {IEEE},
year = {2016}
}


@ARTICLE{Mars_Rover,
  author={Smriti Mallapaty},
  journal={Nature}, 
  title={What’s happened to China’s first Mars rover?}, 
  year={2023}}


@Techreport{etsi_mec,
  author = "{ETSI MEC}",
  title = "{Multi-access Edge Computing (MEC); Framework and Reference Architecture, v3.1.1}",
  type = "DGS",
  institution = "{ETSI}",
  number = "{MEC 003}",
  month = {Mar.},
  year = 2022
}

@ARTICLE{RoboEarth,
  author={Waibel Markus and Beetz Michael and Civera Javier and D'Andrea Raffaello and Elfring Jos and Gálvez-López Dorian and Häussermann  Kai and Janssen  Rob and Montiel J.M.M. and Perzylo Alexander and Schießle Björn and Tenorth Moritz and Zweigle Oliver and De Molengraft René Van},
  journal={IEEE Robotics \& Automation Magazine}, 
  title={RoboEarth}, 
  year={2011},
  volume={18},
  number={2},
  pages={69-82},
  doi={10.1109/MRA.2011.941632}}

@inproceedings{knowrob,
booktitle = {European Conference on Artificial Intelligence (ECAI)},
month = {May},
title = {A Formal Model of Affordances for Flexible Robotic Task Execution},
author = {Daniel Beßler and Robert Porzel and Pomarlan Mihai and Michael Beetz and Rainer Malaka and John Bateman},
year = {2020}
}


@ARTICLE{SLAM,
  author={Durrant-Whyte H. and Bailey T.},
  journal={IEEE Robotics \& Automation Magaz.}, 
  title={{Simultaneous localization and mapping: part I}}, 
  year={2006},
  volume={13},
  number={2},
  pages={99-110},
}

@article{Survey,
title = {{A Survey on Coverage Path Planning for Robotics}},
journal = {Robotics and Autonomous Systems},
author = {Enric Galceran and Marc Carreras},
volume = {61},
number = {12},
pages = {1258-1276},
year = {2013},
}

@incollection{Chapter,
title = {Chapter 1 - Introduction},
editor = {Hui Liu},
booktitle = {Robot Systems for Rail Transit Applications},
publisher = {Elsevier},
pages = {1-36},
year = {2020},
author = {Hui Liu},
}


@ARTICLE{QoS_Aware,
  author={Tatino, Cristian and Pappas, Nikolaos and Yuan, Di},
  journal={IEEE Open Journal of the Communications Society}, 
  title={{QoS Aware Robot Trajectory Optimization With IRS-Assisted Millimeter-Wave Communications}}, 
  year={2022},
  volume={3},
  number={},
  pages={1323-1336},
  doi={10.1109/OJCOMS.2022.3188579}}

  
@ARTICLE{Attenuation,
  author={Micheli, D. and Delfini, A. and Santoni, F. and Volpini, F. and Marchetti, M.},
  journal={IEEE Antennas and Wireless Propagation Letters}, 
  title={{easurement of Electromagnetic Field Attenuation by Building Walls in the Mobile Phone and Satellite Navigation Frequency Bands}}, 
  year={2015},
  volume={14},
  number={},
  pages={698-702},
  doi={10.1109/LAWP.2014.2376811}
  }

  @ARTICLE{QoS_Aware_Cooperation,
  author={Hong, Zicong and Huang, Huawei and Guo, Song and Chen, Wuhui and Zheng, Zibin},
  journal={IEEE Transactions on Vehicular Technology}, 
  title={{QoS-Aware Cooperative Computation Offloading for Robot Swarms in Cloud Robotics}}, 
  year={2019},
  volume={68},
  number={4},
  pages={4027-4041},
  doi={10.1109/TVT.2019.2901761}}

  @ARTICLE{ACHORD,
  author={Saboia, Maira and others},
  journal={IEEE Robotics and Automation Letters}, 
  title={{ACHORD: Communication-Aware Multi-Robot Coordination With Intermittent Connectivity}}, 
  year={2022},
  volume={7},
  number={4},
  pages={10184-10191},
  doi={10.1109/LRA.2022.3193240}}



  @ARTICLE{ITU_5GERA,
  author={Qiu Renxi and Li Dayou and Lendinez Adrian and Xu Zhao and Lopez Rafael},
  journal={ITU Journal on Future and Evolving Technologies}, 
  title={{Intent-Based Deployment for Robot Applications in the 5G-Enabled Non-Public-Network}}, 
  month={Mar.},
  year={2023},
  }

@ARTICLE{5GERA_IROS,
  author={Adrian Lendinez and Lanfranco Zanzi and Sandra Moreno and Guillem Gari and Xi Li and Renxi Qiu and Xavier Costa-Perez},
  journal={IEEE IROS}, 
  title={{Enhancing 5G-enabled Robots Autonomy by Radio-Aware Semantic Maps}}, 
  month={Oct.},
  year={2023},
  }

%author={Eller, Lukas and Raida, Vaclav and Svoboda, Philipp and Rupp, Markus},
@ARTICLE{localizing_bs,
  author={Eller, Lukas and others},
  journal={IEEE Access}, 
  title={{Localizing Basestations From End-User Timing Advance Measurements}}, 
  year={2022},
  volume={10},
  number={},
  pages={5533-5544},
  doi={10.1109/ACCESS.2022.3140825}}


@INPROCEEDINGS{LTE_positioning,
  author={del Peral-Rosado, José A. and López-Salcedo, José A. and Seco-Granados, Gonzalo and Zanier, Francesca and Crisci, Massimo},
  booktitle={Advanced Satellite Multimedia Systems Conference (ASMS) and Signal Processing for Space Communications Workshop (SPSC)}, 
  title={{Evaluation of the LTE positioning capabilities under typical multipath channels}}, 
  year={2012},
  volume={},
  number={},
  pages={139-146},
  doi={10.1109/ASMS-SPSC.2012.6333065}}

@INBOOK{Book_Positioning_LTE,
  author={Reza Zekavat and R. Michael Buehrer},
  booktitle={Handbook of Position Location: Theory, Practice, and Advances}, 
  title={{Positioning in LTE}}, 
  year={2019},
  volume={},
  number={},
  pages={1165-1218},
  publisher = {Wiley-IEEE Press},
  doi={10.1002/9781119434610.ch32}}

@misc{ROS,
  author = {{Stanford Artificial Intelligence Laboratory et al.}},
  title = {{Robot Operating System}},
  url = { https://www.ros.org/},
note   = {(accessed Jan. 2025)},} 

@conference{Quigley2009,
  attachments = {http://www.willowgarage.com/sites/default/files/icraoss09-ROS.pdf},
  author = {Quigley, Morgan and Conley, Ken and Gerkey, Brian P. and Faust, Josh and Foote, Tully and Leibs, Jeremy and Wheeler, Rob and Ng, Andrew Y.},
  biburl = {https://www.bibsonomy.org/bibtex/2281f400bf541a0022e41ace75d9156ea/markusjordan88},
  booktitle = {ICRA Workshop on Open Source Software},
  title = {{ROS}: an open-source {Robot Operating System}},
  year = 2009
}



@misc{InSite,
  author = {{Remcom}},
  title = {{Wireless InSite - 3D Wireless Prediction Software}},
  url = { https://www.remcom.com/wireless-insiteem-propagation-software},
  note   = {(accessed Jan. 2025)},
}

@misc{octomap,
  author = {{OctoMap}},
  title = {{OctoMap - 3D Occupancy Mapping Library}},
  url = {https://octomap.github.io/},
  note   = {(accessed Jan. 2025)},
}

@misc{open3d,
  author = {{Open3D}},
  title = {{Open3D - 3D Data Processing Library}},
  url = {http://www.open3d.org/},
  note   = {(accessed Jan. 2025)},
}

@online{SUMMIT-XL,
  title = {{SUMMIT-XL Mobile Robot}},
  author = {Robotnik},
  url = {https://robotnik.eu/products/mobile-robots/summit-xl-en-2/},
  note   = {(accessed Jan. 2025)},
}

@online{3DLidar,
  title = {{RS-LiDAR-16 3D}},
  author = {RoboSense},
  url = {https://robotnik.eu/products/mobile-robots/summit-xl-en-2/},
  note   = {(accessed Jan. 2025)},
}


@ARTICLE{SLAM_5GNR,
  author = { Panagiotis T. Karfakis and Micael S Couceiro and David Portugal},
  journal={Sensors}, 
  title={{NR5G-SAM: A SLAM Framework for Field Robot Applications Based on 5G New Radio}}, 
  year={2023},
  volume={23},
  number={11},
  pages={5354},
  doi={https://doi.org/10.3390/s23115354}
}


@article{next_generation_DT_robotics,
author = {A. Mazumder and others},
title = {{Towards next generation digital twin in robotics: Trends, scopes, challenges, and future}},
journal = {Heliyon},
volume = {9},
number = {2},
year = {2023},
}



@INPROCEEDINGS{5509677,
  author={Mostofi, Yasamin and others}, 
  booktitle={IEEE International Conference on Robotics and Automation}, 
  title={{Estimation of communication signal strength in robotic networks}}, 
  year={2010},
  volume={},
  number={},
  pages={1946-1951},
  doi={10.1109/ROBOT.2010.5509677}}
%Malmirchegini, Mehrzad and Ghaffarkhah, Alireza


@Article{5GPositioning_Survey,
AUTHOR = {Mogyorósi, Ferenc and others},
TITLE = {{Positioning in 5G and 6G Networks: A Survey}},
JOURNAL = {Sensors},
VOLUME = {22},
YEAR = {2022},
NUMBER = {13},
ARTICLE-NUMBER = {4757},
DOI = {10.3390/s22134757}
}

@ARTICLE{online_OROS,
  author={Romero, Arnau and Delgado, Carmen and Zanzi, Lanfranco and Li, Xi and Costa-Pérez, Xavier},
  journal={IEEE Transactions on Network and Service Management}, 
  title={{OROS: Online Operation and Orchestration of Collaborative Robots using 5G}}, 
  year={2023},
  volume={},
  number={},
  doi={10.1109/TNSM.2023.3281976}}

@inproceedings{smallcell_discovery,
title = "Energy Efficient Small-Cell Discovery Using Received Signal Strength Based Radio Maps",
author = "Athul Prasad and Petteri Lunden and Olav Tirkkonen and Carl Wijting",
year = "2013",
language = "English",
isbn = "978-1-4673-6337-2",
month = "Jun.",
booktitle = "IEEE Vehicular Technology Conference",
}

@ARTICLE{NN_Assisted_localization,
  author={Ye, Xiaokang and Yin, Xuefeng and Cai, Xuesong and Pérez Yuste, Antonio and Xu, Hongliang},
  journal={IEEE Access}, 
  title={{Neural-Network-Assisted UE Localization Using Radio-Channel Fingerprints in LTE Networks}}, 
  year={2017},
  volume={5},
  number={},
  pages={12071-12087},
  doi={10.1109/ACCESS.2017.2712131}
}


@techreport{TS138213,
  author = "{3GPP}",
  title = "{5G NR Physical Layer Procedures for Control}",
  institution = "{3rd Generation Partnership Project (3GPP)}",
  year = 2021,
  type = "{Technical Specification}",
  number = "{TS 138.213}",
  version = "{Version 15.13.0}"
}


@ARTICLE{DT_survey,
  author={Mihai, Stefan and others},
  journal={IEEE Communications Surveys \& Tutorials}, 
  title={{Digital Twins: A Survey on Enabling Technologies, Challenges, Trends and Future Prospects}}, 
  year={2022},
  volume={24},
  number={4},
  pages={2255-2291},
  doi={10.1109/COMST.2022.3208773}}

@INPROCEEDINGS{Graph_DTN,
  author={Zhu, Yanhong and Chen, Danyang and Zhou, Cheng and Lu, Lu and Duan, Xiaodong},
  booktitle={IEEE International Conference on Digital Twins and Parallel Intelligence}, 
  title={{A knowledge graph based construction method for Digital Twin Network}}, 
  year={2021},
  volume={},
  number={},
  pages={362-365},
  doi={10.1109/DTPI52967.2021.9540177}}


@article{Scalable_DT,
author = {Wang, Haozhe and Wu, Yulei and Min, Geyong and Miao, Wang},
year = {2020},
month = {12},
pages = {1-1},
title = {A Graph Neural Network-Based Digital Twin for Network Slicing Management},
volume = {PP},
journal = {IEEE Transactions on Industrial Informatics},
doi = {10.1109/TII.2020.3047843}
}


@inproceedings{ICRA24,
title = {{Cellular-enabled Collaborative Robots Planning and Operations for Search-and-Rescue Scenarios}},
author = "Arnau Romero and Carmen Delgado and Lanfranco Zanzi and Raul Suarez and Xavier Costa-P\'erez",
year = "2024",
month = "May",
booktitle = "IEEE International Conference on Robotics and Automation (ICRA)",
}
