@inproceedings{agrawal2017thompson,
  title={Thompson sampling for the mnl-bandit},
  author={Agrawal, Shipra and Avadhanula, Vashist and Goyal, Vineet and Zeevi, Assaf},
  booktitle={Conference on learning theory},
  pages={76--78},
  year={2017},
  organization={PMLR}
}

@article{agrawal2019mnl,
  title={MNL-bandit: A dynamic learning approach to assortment selection},
  author={Agrawal, Shipra and Avadhanula, Vashist and Goyal, Vineet and Zeevi, Assaf},
  journal={Operations Research},
  volume={67},
  number={5},
  pages={1453--1485},
  year={2019},
  publisher={INFORMS}
}

@article{aznag2021mnl,
  title={Mnl-bandit with knapsacks},
  author={Aznag, Abdellah and Goyal, Vineet and Perivier, Noemie},
  journal={arXiv preprint arXiv:2106.01135},
  year={2021}
}

@article{blanchet2024double,
  title={Double pessimism is provably efficient for distributionally robust offline reinforcement learning: Generic algorithm and robust partial coverage},
  author={Blanchet, Jose and Lu, Miao and Zhang, Tong and Zhong, Han},
  journal={Advances in Neural Information Processing Systems},
  volume={36},
  year={2023}
}

@article{caro2007dynamic,
  title={Dynamic assortment with demand learning for seasonal consumer goods},
  author={Caro, Felipe and Gallien, J{\'e}r{\'e}mie},
  journal={Management science},
  volume={53},
  number={2},
  pages={276--292},
  year={2007},
  publisher={INFORMS}
}

@article{chen2018note,
  title={A note on a tight lower bound for capacitated MNL-bandit assortment selection models},
  author={Chen, Xi and Wang, Yining},
  journal={Operations Research Letters},
  volume={46},
  number={5},
  pages={534--537},
  year={2018},
  publisher={Elsevier}
}

@article{chen2021dynamic,
  title={Dynamic assortment planning under nested logit models},
  author={Chen, Xi and Shi, Chao and Wang, Yining and Zhou, Yuan},
  journal={Production and Operations Management},
  volume={30},
  number={1},
  pages={85--102},
  year={2021},
  publisher={SAGE Publications Sage CA: Los Angeles, CA}
}

@article{chen2021optimal,
  title={Optimal policy for dynamic assortment planning under multinomial logit models},
  author={Chen, Xi and Wang, Yining and Zhou, Yuan},
  journal={Mathematics of Operations Research},
  volume={46},
  number={4},
  pages={1639--1657},
  year={2021},
  publisher={INFORMS}
}

@article{chen2024re,
  title={A Re-solving Heuristic for Dynamic Assortment Optimization with Knapsack Constraints},
  author={Chen, Xi and Liu, Mo and Wang, Yining and Zhou, Yuan},
  journal={arXiv preprint arXiv:2407.05564},
  year={2024}
}

@article{cheung2017assortment,
  title={Assortment optimization under unknown multinomial logit choice models},
  author={Cheung, Wang Chi and Simchi-Levi, David},
  journal={arXiv preprint arXiv:1704.00108},
  year={2017}
}

@inproceedings{dong2023pasta,
  title={PASTA: pessimistic assortment optimization},
  author={Dong, Juncheng and Mo, Weibin and Qi, Zhengling and Shi, Cong and Fang, Ethan X and Tarokh, Vahid},
  booktitle={International Conference on Machine Learning},
  pages={8276--8295},
  year={2023},
  organization={PMLR}
}

@inproceedings{jin2021pessimism,
  title={Is pessimism provably efficient for offline rl?},
  author={Jin, Ying and Yang, Zhuoran and Wang, Zhaoran},
  booktitle={International Conference on Machine Learning},
  pages={5084--5096},
  year={2021},
  organization={PMLR}
}

@article{kumar2020conservative,
  title={Conservative q-learning for offline reinforcement learning},
  author={Kumar, Aviral and Zhou, Aurick and Tucker, George and Levine, Sergey},
  journal={Advances in Neural Information Processing Systems},
  volume={33},
  pages={1179--1191},
  year={2020}
}

@article{lee2024nearly,
  title={Nearly minimax optimal regret for multinomial logistic bandit},
  author={Lee, Joongkyu and Oh, Min-hwan},
  journal={arXiv preprint arXiv:2405.09831},
  year={2024}
}

@article{li2022onlineassortment,
  title={Online learning for constrained assortment optimization under markov chain choice model},
  author={Li, Shukai and Luo, Qi and Huang, Zhiyuan and Shi, Cong},
  journal={Available at SSRN 4079753},
  year={2022}
}

@inproceedings{liu2022welfare,
  title={Welfare maximization in competitive equilibrium: Reinforcement learning for markov exchange economy},
  author={Liu, Zhihan and Lu, Miao and Wang, Zhaoran and Jordan, Michael and Yang, Zhuoran},
  booktitle={International Conference on Machine Learning},
  pages={13870--13911},
  year={2022},
  organization={PMLR}
}

@inproceedings{oh2021multinomial,
  title={Multinomial logit contextual bandits: Provable optimality and practicality},
  author={Oh, Min-hwan and Iyengar, Garud},
  booktitle={Proceedings of the AAAI conference on artificial intelligence},
  volume={35},
  pages={9205--9213},
  year={2021}
}

@article{ou2018multinomial,
  title={Multinomial logit bandit with linear utility functions},
  author={Ou, Mingdong and Li, Nan and Zhu, Shenghuo and Jin, Rong},
  journal={arXiv preprint arXiv:1805.02971},
  year={2018}
}

@article{perivier2022dynamic,
  title={Dynamic pricing and assortment under a contextual MNL demand},
  author={Perivier, Noemie and Goyal, Vineet},
  journal={Advances in Neural Information Processing Systems},
  volume={35},
  pages={3461--3474},
  year={2022}
}

@article{rashidinejad2021bridging,
  title={Bridging offline reinforcement learning and imitation learning: A tale of pessimism},
  author={Rashidinejad, Paria and Zhu, Banghua and Ma, Cong and Jiao, Jiantao and Russell, Stuart},
  journal={Advances in Neural Information Processing Systems},
  volume={34},
  pages={11702--11716},
  year={2021}
}

@article{rusmevichientong2010dynamic,
  title={Dynamic assortment optimization with a multinomial logit choice model and capacity constraint},
  author={Rusmevichientong, Paat and Shen, Zuo-Jun Max and Shmoys, David B},
  journal={Operations research},
  volume={58},
  number={6},
  pages={1666--1680},
  year={2010},
  publisher={INFORMS}
}

@article{saha2024stop,
  title={Stop Relying on No-Choice and Do not Repeat the Moves: Optimal, Efficient and Practical Algorithms for Assortment Optimization},
  author={Saha, Aadirupa and Gaillard, Pierre},
  journal={arXiv preprint arXiv:2402.18917},
  year={2024}
}

@article{saure2013optimal,
  title={Optimal dynamic assortment planning with demand learning},
  author={Saur{\'e}, Denis and Zeevi, Assaf},
  journal={Manufacturing \& Service Operations Management},
  volume={15},
  number={3},
  pages={387--404},
  year={2013},
  publisher={INFORMS}
}

@inproceedings{shi2022pessimistic,
  title={Pessimistic q-learning for offline reinforcement learning: Towards optimal sample complexity},
  author={Shi, Laixi and Li, Gen and Wei, Yuting and Chen, Yuxin and Chi, Yuejie},
  booktitle={International conference on machine learning},
  pages={19967--20025},
  year={2022},
  organization={PMLR}
}

@inproceedings{uehara2021pessimistic,
  title={Pessimistic Model-based Offline Reinforcement Learning under Partial Coverage},
  author={Uehara, Masatoshi and Sun, Wen},
  booktitle={International Conference on Learning Representations},
  year={2021}
}

@article{xie2021bellman,
  title={Bellman-consistent pessimism for offline reinforcement learning},
  author={Xie, Tengyang and Cheng, Ching-An and Jiang, Nan and Mineiro, Paul and Agarwal, Alekh},
  journal={Advances in neural information processing systems},
  volume={34},
  pages={6683--6694},
  year={2021}
}

@inproceedings{xiong2023nearly,
  title={Nearly Minimax Optimal Offline Reinforcement Learning with Linear Function Approximation: Single-Agent MDP and Markov Game},
  author={Xiong, Wei and Zhong, Han and Shi, Chengshuai and Shen, Cong and Wang, Liwei and Zhang, Tong},
  booktitle={International Conference on Learning Representations (ICLR)},
  year={2023}
}

@article{yu2020mopo,
  title={Mopo: Model-based offline policy optimization},
  author={Yu, Tianhe and Thomas, Garrett and Yu, Lantao and Ermon, Stefano and Zou, James Y and Levine, Sergey and Finn, Chelsea and Ma, Tengyu},
  journal={Advances in Neural Information Processing Systems},
  volume={33},
  pages={14129--14142},
  year={2020}
}

@inproceedings{zhan2022offline,
  title={Offline reinforcement learning with realizability and single-policy concentrability},
  author={Zhan, Wenhao and Huang, Baihe and Huang, Audrey and Jiang, Nan and Lee, Jason},
  booktitle={Conference on Learning Theory},
  pages={2730--2775},
  year={2022},
  organization={PMLR}
}

@article{zhang2024online,
  title={Online (multinomial) logistic bandit: Improved regret and constant computation cost},
  author={Zhang, Yu-Jie and Sugiyama, Masashi},
  journal={Advances in Neural Information Processing Systems},
  volume={36},
  year={2024}
}

@inproceedings{zhong2022pessimistic,
  title={Pessimistic minimax value iteration: Provably efficient equilibrium learning from offline datasets},
  author={Zhong, Han and Xiong, Wei and Tan, Jiyuan and Wang, Liwei and Zhang, Tong and Wang, Zhaoran and Yang, Zhuoran},
  booktitle={International Conference on Machine Learning},
  pages={27117--27142},
  year={2022},
  organization={PMLR}
}

