@article{jiang2020online,
  title={Online stochastic optimization with wasserstein based non-stationarity},
  author={Jiang, Jiashuo and Li, Xiaocheng and Zhang, Jiawei},
  journal={arXiv preprint arXiv:2012.06961},
  year={2020}
}


@inproceedings{saha2019active,
  title={Active ranking with subset-wise preferences},
  author={Saha, Aadirupa and Gopalan, Aditya},
  booktitle={The 22nd International Conference on Artificial Intelligence and Statistics},
  pages={3312--3321},
  year={2019},
  organization={PMLR}
}


@inproceedings{rakhlin2012making,
  title={Making gradient descent optimal for strongly convex stochastic optimization},
  author={Rakhlin, Alexander and Shamir, Ohad and Sridharan, Karthik},
  booktitle={Proceedings of the 29th International Coference on International Conference on Machine Learning},
  pages={1571--1578},
  year={2012}
}

@book{tsybakov2009nonparametric,
author = {Tsybakov, Alexandre B.},
title = {Introduction to Nonparametric Estimation},
year = {2008},
isbn = {0387790519},
publisher = {Springer Publishing Company, Incorporated},
edition = {1st},
}


@article{talluri2004revenue,
  title={Revenue management under a general discrete choice model of consumer behavior},
  author={Talluri, Kalyan and Van Ryzin, Garrett},
  journal={Management Science},
  volume={50},
  number={1},
  pages={15--33},
  year={2004},
  publisher={INFORMS}
}

@article{zhang2024online,
  title={Online (multinomial) logistic bandit: Improved regret and constant computation cost},
  author={Zhang, Yu-Jie and Sugiyama, Masashi},
  journal={Advances in Neural Information Processing Systems},
  volume={36},
  year={2024}
}

@article{blanchet2024double,
  title={Double pessimism is provably efficient for distributionally robust offline reinforcement learning: Generic algorithm and robust partial coverage},
  author={Blanchet, Jose and Lu, Miao and Zhang, Tong and Zhong, Han},
  journal={Advances in Neural Information Processing Systems},
  volume={36},
  year={2023}
}

@article{abbasi2011improved,
  title={Improved algorithms for linear stochastic bandits},
  author={Abbasi-Yadkori, Yasin and P{\'a}l, D{\'a}vid and Szepesv{\'a}ri, Csaba},
  journal={Advances in neural information processing systems},
  volume={24},
  year={2011}
}



@article{han2025optimal,
  title={Optimal Offline Assortment Optimization under Multinomial Logit Model},
  author={Han, Yuxuan and Zhong, Han and Lu, Miao and Blanchet, Jose and Zhou, Zhengyuan},
  journal={arXiv preprint},
  year={2025}
}

@article{slivkins2019introduction,
  title={Introduction to multi-armed bandits},
  author={Slivkins, Aleksandrs and others},
  journal={Foundations and Trends{\textregistered} in Machine Learning},
  volume={12},
  number={1-2},
  pages={1--286},
  year={2019},
  publisher={Now Publishers, Inc.}
}

@book{lattimore2020bandit,
  title={Bandit algorithms},
  author={Lattimore, Tor and Szepesv{\'a}ri, Csaba},
  year={2020},
  publisher={Cambridge University Press}
}

@inproceedings{dani2008stochastic,
  title={Stochastic Linear Optimization under Bandit Feedback.},
  author={Dani, Varsha and Hayes, Thomas P and Kakade, Sham M},
  booktitle={COLT},
  volume={2},
  pages={3},
  year={2008}
}

@book{lehmann2006theory,
  title={Theory of point estimation},
  author={Lehmann, Erich L and Casella, George},
  year={2006},
  publisher={Springer Science \& Business Media}
}

@article{agrawal2019mnl,
  title={MNL-bandit: A dynamic learning approach to assortment selection},
  author={Agrawal, Shipra and Avadhanula, Vashist and Goyal, Vineet and Zeevi, Assaf},
  journal={Operations Research},
  volume={67},
  number={5},
  pages={1453--1485},
  year={2019},
  publisher={INFORMS}
}


@article{wiesemann2013robust,
  title={Robust Markov decision processes},
  author={Wiesemann, Wolfram and Kuhn, Daniel and Rustem, Ber{\c{c}}},
  journal={Mathematics of Operations Research},
  volume={38},
  number={1},
  pages={153--183},
  year={2013},
  publisher={INFORMS}
}

@article{berbeglia2022comparative,
  title={A comparative empirical study of discrete choice models in retail operations},
  author={Berbeglia, Gerardo and Garassino, Agust{\'\i}n and Vulcano, Gustavo},
  journal={Management Science},
  volume={68},
  number={6},
  pages={4005--4023},
  year={2022},
  publisher={INFORMS}
}

@article{saure2013optimal,
  title={Optimal dynamic assortment planning with demand learning},
  author={Saur{\'e}, Denis and Zeevi, Assaf},
  journal={Manufacturing \& Service Operations Management},
  volume={15},
  number={3},
  pages={387--404},
  year={2013},
  publisher={INFORMS}
}

@inproceedings{agrawal2017thompson,
  title={Thompson sampling for the mnl-bandit},
  author={Agrawal, Shipra and Avadhanula, Vashist and Goyal, Vineet and Zeevi, Assaf},
  booktitle={Conference on learning theory},
  pages={76--78},
  year={2017},
  organization={PMLR}
}

@article{desir2023robust,
  title={Robust assortment optimization under the markov chain choice model},
  author={D{\'e}sir, Antoine and Goyal, Vineet and Jiang, Bo and Xie, Tian and Zhang, Jiawei},
  journal={Operations Research},
  year={2023},
  publisher={INFORMS}
}

@article{Jaksch2008NearoptimalRB,
  title={Near-optimal Regret Bounds for Reinforcement Learning},
  author={Thomas Jaksch and Ronald Ortner and Peter Auer},
  journal={J. Mach. Learn. Res.},
  year={2008},
  volume={11},
  pages={1563-1600},
  url={https://api.semanticscholar.org/CorpusID:247490}
}


@article{wang2024randomized,
  title={Randomized assortment optimization},
  author={Wang, Zhengchao and Peura, Heikki and Wiesemann, Wolfram},
  journal={Operations Research},
  year={2024},
  publisher={INFORMS}
}

@article{li2020simple,
  title={Simple and fast algorithm for binary integer and online linear programming},
  author={Li, Xiaocheng and Sun, Chunlin and Ye, Yinyu},
  journal={Advances in Neural Information Processing Systems},
  volume={33},
  pages={9412--9421},
  year={2020}
}

@article{caro2007dynamic,
  title={Dynamic assortment with demand learning for seasonal consumer goods},
  author={Caro, Felipe and Gallien, J{\'e}r{\'e}mie},
  journal={Management science},
  volume={53},
  number={2},
  pages={276--292},
  year={2007},
  publisher={INFORMS}
}

@inproceedings{chu2011contextual,
  title={Contextual bandits with linear payoff functions},
  author={Chu, Wei and Li, Lihong and Reyzin, Lev and Schapire, Robert},
  booktitle={Proceedings of the Fourteenth International Conference on Artificial Intelligence and Statistics},
  pages={208--214},
  year={2011},
  organization={JMLR Workshop and Conference Proceedings}
}

@inproceedings{li2017provably,
  title={Provably optimal algorithms for generalized linear contextual bandits},
  author={Li, Lihong and Lu, Yu and Zhou, Dengyong},
  booktitle={International Conference on Machine Learning},
  pages={2071--2080},
  year={2017},
  organization={PMLR}
}

@article{gao2024decoupling,
  title={Decoupling Learning and Decision-Making: Breaking the $O(\sqrt{T})$ Barrier in Online Resource Allocation with First-Order Methods},
  author={Gao, Wenzhi and Sun, Chunlin and Xue, Chenyu and Ge, Dongdong and Ye, Yinyu},
  journal={arXiv preprint arXiv:2402.07108},
  year={2024}
}

@book{le2012asymptotic,
  title={Asymptotic methods in statistical decision theory},
  author={Le Cam, Lucien},
  year={2012},
  publisher={Springer Science \& Business Media}
}


@incollection{yu1997assouad,
  title={Assouad, fano, and le cam},
  author={Yu, Bin},
  booktitle={Festschrift for Lucien Le Cam: research papers in probability and statistics},
  pages={423--435},
  year={1997},
  publisher={Springer}
}


@article{kiefer1960equivalence,
  title={The equivalence of two extremum problems},
  author={Kiefer, Jack and Wolfowitz, Jacob},
  journal={Canadian Journal of Mathematics},
  volume={12},
  pages={363--366},
  year={1960},
  publisher={Cambridge University Press}
}


@article{blanchet2024delay,
  title={Delay-adaptive learning in generalized linear contextual bandits},
  author={Blanchet, Jose and Xu, Renyuan and Zhou, Zhengyuan},
  journal={Mathematics of Operations Research},
  volume={49},
  number={1},
  pages={326--345},
  year={2024},
  publisher={INFORMS}
}


@article{gupta2020parameter,
  title={Parameter identification in Markov chain choice models},
  author={Gupta, Arushi and Hsu, Daniel},
  journal={Theoretical Computer Science},
  volume={808},
  pages={99--107},
  year={2020},
  publisher={Elsevier}
}

@article{perivier2022dynamic,
  title={Dynamic pricing and assortment under a contextual MNL demand},
  author={Perivier, Noemie and Goyal, Vineet},
  journal={Advances in Neural Information Processing Systems},
  volume={35},
  pages={3461--3474},
  year={2022}
}

@article{chen2018note,
  title={A note on a tight lower bound for capacitated MNL-bandit assortment selection models},
  author={Chen, Xi and Wang, Yining},
  journal={Operations Research Letters},
  volume={46},
  number={5},
  pages={534--537},
  year={2018},
  publisher={Elsevier}
}

@article{oh2019thompson,
  title={Thompson sampling for multinomial logit contextual bandits},
  author={Oh, Min-hwan and Iyengar, Garud},
  journal={Advances in Neural Information Processing Systems},
  volume={32},
  year={2019}
}

@misc{asuncion2007uci,
  title={UCI machine learning repository},
  author={Asuncion, Arthur and Newman, David and others},
  year={2007},
  publisher={Irvine, CA, USA}
}


@book{luce1959individual,
  title={Individual choice behavior},
  author={Luce, R Duncan},
  volume={4},
  year={1959},
  publisher={Wiley New York}
}

@book{daganzo2014multinomial,
  title={Multinomial probit: the theory and its application to demand forecasting},
  author={Daganzo, Carlos},
  year={2014},
  publisher={Elsevier}
}
@article{alptekinouglu2016exponomial,
  title={The exponomial choice model: A new alternative for assortment and price optimization},
  author={Alptekino{\u{g}}lu, Ayd{\i}n and Semple, John H},
  journal={Operations Research},
  volume={64},
  number={1},
  pages={79--93},
  year={2016},
  publisher={INFORMS}
}

@article{mcfadden2000mixed,
  title={Mixed MNL models for discrete response},
  author={McFadden, Daniel and Train, Kenneth},
  journal={Journal of applied Econometrics},
  volume={15},
  number={5},
  pages={447--470},
  year={2000},
  publisher={Wiley Online Library}
}

@article{davis2014assortment,
  title={Assortment optimization under variants of the nested logit model},
  author={Davis, James M and Gallego, Guillermo and Topaloglu, Huseyin},
  journal={Operations Research},
  volume={62},
  number={2},
  pages={250--273},
  year={2014},
  publisher={INFORMS}
}

@book{train2009discrete,
  title={Discrete choice methods with simulation},
  author={Train, Kenneth E},
  year={2009},
  publisher={Cambridge university press}
}

@inproceedings{oh2021multinomial,
  title={Multinomial logit contextual bandits: Provable optimality and practicality},
  author={Oh, Min-hwan and Iyengar, Garud},
  booktitle={Proceedings of the AAAI conference on artificial intelligence},
  volume={35},
  pages={9205--9213},
  year={2021}
}


@article{csimcsek2018expectation,
  title={An expectation-maximization algorithm to estimate the parameters of the Markov chain choice model},
  author={{\c{S}}im{\c{s}}ek, A Serdar and Topaloglu, Huseyin},
  journal={Operations Research},
  volume={66},
  number={3},
  pages={748--760},
  year={2018},
  publisher={INFORMS}
}
@inproceedings{abeille2021instance,
  title={Instance-wise minimax-optimal algorithms for logistic bandits},
  author={Abeille, Marc and Faury, Louis and Calauz{\`e}nes, Cl{\'e}ment},
  booktitle={International Conference on Artificial Intelligence and Statistics},
  pages={3691--3699},
  year={2021},
  organization={PMLR}
}

@inproceedings{faury2020improved,
  title={Improved optimistic algorithms for logistic bandits},
  author={Faury, Louis and Abeille, Marc and Calauz{\`e}nes, Cl{\'e}ment and Fercoq, Olivier},
  booktitle={International Conference on Machine Learning},
  pages={3052--3060},
  year={2020},
  organization={PMLR}
}

@article{davis2013assortment,
  title={Assortment planning under the multinomial logit model with totally unimodular constraint structures},
  author={Davis, James and Gallego, Guillermo and Topaloglu, Huseyin},
  journal={Work in Progress},
  year={2013},
  publisher={Department of IEOR, Columbia University Palisades, NY, USA}
}

@article{rashidinejad2021bridging,
  title={Bridging offline reinforcement learning and imitation learning: A tale of pessimism},
  author={Rashidinejad, Paria and Zhu, Banghua and Ma, Cong and Jiao, Jiantao and Russell, Stuart},
  journal={Advances in Neural Information Processing Systems},
  volume={34},
  pages={11702--11716},
  year={2021}
}

@article{li2022pessimism,
  title={Pessimism for Offline Linear Contextual Bandits using $$\backslash$ell\_p $ Confidence Sets},
  author={Li, Gene and Ma, Cong and Srebro, Nati},
  journal={Advances in Neural Information Processing Systems},
  volume={35},
  pages={20974--20987},
  year={2022}
}


@article{avadhanula2016tightness,
  title={On the tightness of an LP relaxation for rational optimization and its applications},
  author={Avadhanula, Vashist and Bhandari, Jalaj and Goyal, Vineet and Zeevi, Assaf},
  journal={Operations Research Letters},
  volume={44},
  number={5},
  pages={612--617},
  year={2016},
  publisher={Elsevier}
}


@article{rusmevichientong2010dynamic,
  title={Dynamic assortment optimization with a multinomial logit choice model and capacity constraint},
  author={Rusmevichientong, Paat and Shen, Zuo-Jun Max and Shmoys, David B},
  journal={Operations research},
  volume={58},
  number={6},
  pages={1666--1680},
  year={2010},
  publisher={INFORMS}
}
@article{chen2021optimal,
  title={Optimal policy for dynamic assortment planning under multinomial logit models},
  author={Chen, Xi and Wang, Yining and Zhou, Yuan},
  journal={Mathematics of Operations Research},
  volume={46},
  number={4},
  pages={1639--1657},
  year={2021},
  publisher={INFORMS}
}

@article{chen2021dynamic,
  title={Dynamic assortment planning under nested logit models},
  author={Chen, Xi and Shi, Chao and Wang, Yining and Zhou, Yuan},
  journal={Production and Operations Management},
  volume={30},
  number={1},
  pages={85--102},
  year={2021},
  publisher={SAGE Publications Sage CA: Los Angeles, CA}
}

@article{chen2020dynamic,
  title={Dynamic assortment optimization with changing contextual information},
  author={Chen, Xi and Wang, Yining and Zhou, Yuan},
  journal={Journal of machine learning research},
  volume={21},
  number={216},
  pages={1--44},
  year={2020}
}

@inproceedings{faury2022jointly,
  title={Jointly efficient and optimal algorithms for logistic bandits},
  author={Faury, Louis and Abeille, Marc and Jun, Kwang-Sung and Calauz{\`e}nes, Cl{\'e}ment},
  booktitle={International Conference on Artificial Intelligence and Statistics},
  pages={546--580},
  year={2022},
  organization={PMLR}
}

@inproceedings{jun2021improved,
  title={Improved confidence bounds for the linear logistic model and applications to bandits},
  author={Jun, Kwang-Sung and Jain, Lalit and Mason, Blake and Nassif, Houssam},
  booktitle={International Conference on Machine Learning},
  pages={5148--5157},
  year={2021},
  organization={PMLR}
}


@article{agrawal2023tractable,
  title={A tractable online learning algorithm for the multinomial logit contextual bandit},
  author={Agrawal, Priyank and Tulabandhula, Theja and Avadhanula, Vashist},
  journal={European Journal of Operational Research},
  volume={310},
  number={2},
  pages={737--750},
  year={2023},
  publisher={Elsevier}
}



@article{desir2020constrained,
  title={Constrained assortment optimization under the markov chain--based choice model},
  author={D{\'e}sir, Antoine and Goyal, Vineet and Segev, Danny and Ye, Chun},
  journal={Management Science},
  volume={66},
  number={2},
  pages={698--721},
  year={2020},
  publisher={INFORMS}
}

@article{blanchet2016markov,
  title={A Markov chain approximation to choice modeling},
  author={Blanchet, Jose and Gallego, Guillermo and Goyal, Vineet},
  journal={Operations Research},
  volume={64},
  number={4},
  pages={886--905},
  year={2016},
  publisher={INFORMS}
}


@article{gallego2021optimal,
  title={An optimal greedy heuristic with minimal learning regret for the markov chain choice model},
  author={Gallego, Guillermo and Lu, Wentao},
  journal={Available at SSRN 3810470},
  year={2021}
}


@article{bray2019logarithmic,
  title={Logarithmic Regret in Multisecretary and Online Linear Programs with Continuous Valuations},
  author={Bray, Robert L},
  journal={arXiv preprint arXiv:1912.08917},
  year={2019}
}

@article{li2022onlineassortment,
  title={Online learning for constrained assortment optimization under markov chain choice model},
  author={Li, Shukai and Luo, Qi and Huang, Zhiyuan and Shi, Cong},
  journal={Available at SSRN 4079753},
  year={2022}
}

@article{arlotto2019uniformly,
  title={Uniformly bounded regret in the multisecretary problem},
  author={Arlotto, Alessandro and Gurvich, Itai},
  journal={Stochastic Systems},
  volume={9},
  number={3},
  pages={231--260},
  year={2019},
  publisher={INFORMS}
}

@article{ou2018multinomial,
  title={Multinomial logit bandit with linear utility functions},
  author={Ou, Mingdong and Li, Nan and Zhu, Shenghuo and Jin, Rong},
  journal={arXiv preprint arXiv:1805.02971},
  year={2018}
}

@article{zhang2024contextual,
  title={Contextual Multinomial Logit Bandits with General Value Functions},
  author={Zhang, Mengxiao and Luo, Haipeng},
  journal={arXiv preprint arXiv:2402.08126},
  year={2024}
}

@article{aznag2021mnl,
  title={Mnl-bandit with knapsacks},
  author={Aznag, Abdellah and Goyal, Vineet and Perivier, Noemie},
  journal={arXiv preprint arXiv:2106.01135},
  year={2021}
}

@article{li2022online,
  title={Online linear programming: Dual convergence, new algorithms, and regret bounds},
  author={Li, Xiaocheng and Ye, Yinyu},
  journal={Operations Research},
  volume={70},
  number={5},
  pages={2948--2966},
  year={2022},
  publisher={INFORMS}
}

@article{chen2024re,
  title={A Re-solving Heuristic for Dynamic Assortment Optimization with Knapsack Constraints},
  author={Chen, Xi and Liu, Mo and Wang, Yining and Zhou, Yuan},
  journal={arXiv preprint arXiv:2407.05564},
  year={2024}
}

@article{cheung2017assortment,
  title={Assortment optimization under unknown multinomial logit choice models},
  author={Cheung, Wang Chi and Simchi-Levi, David},
  journal={arXiv preprint arXiv:1704.00108},
  year={2017}
}

@article{rigollet2023high,
  title={High-dimensional statistics},
  author={Rigollet, Philippe and H{\"u}tter, Jan-Christian},
  journal={arXiv preprint arXiv:2310.19244},
  year={2023}
}

@inproceedings{balseiro2020dual,
  title={Dual mirror descent for online allocation problems},
  author={Balseiro, Santiago and Lu, Haihao and Mirrokni, Vahab},
  booktitle={International Conference on Machine Learning},
  pages={613--628},
  year={2020},
  organization={PMLR}
}


@article{zhang2019spectral,
  title={Spectral state compression of markov processes},
  author={Zhang, Anru and Wang, Mengdi},
  journal={IEEE transactions on information theory},
  volume={66},
  number={5},
  pages={3202--3231},
  year={2019},
  publisher={IEEE}
}


@inproceedings{dong2023pasta,
  title={PASTA: pessimistic assortment optimization},
  author={Dong, Juncheng and Mo, Weibin and Qi, Zhengling and Shi, Cong and Fang, Ethan X and Tarokh, Vahid},
  booktitle={International Conference on Machine Learning},
  pages={8276--8295},
  year={2023},
  organization={PMLR}
}



@article{jin2022distributionally,
  title={Distributionally Robust Discrete Choice Model and Assortment Optimization},
  author={Jin, Qingwei and Long, Daniel Zhuoyu and Sun, Yu and Hu, Bin},
  journal={Available at SSRN 4045001},
  year={2022}
}

@article{saha2024stop,
  title={Stop Relying on No-Choice and Do not Repeat the Moves: Optimal, Efficient and Practical Algorithms for Assortment Optimization},
  author={Saha, Aadirupa and Gaillard, Pierre},
  journal={arXiv preprint arXiv:2402.18917},
  year={2024}
}


@article{lee2024nearly,
  title={Nearly minimax optimal regret for multinomial logistic bandit},
  author={Lee, Joongkyu and Oh, Min-hwan},
  journal={arXiv preprint arXiv:2405.09831},
  year={2024}
}

@article{khetan2016data,
  title={Data-driven rank breaking for efficient rank aggregation},
  author={Khetan, Ashish and Oh, Sewoong},
  journal={Journal of Machine Learning Research},
  volume={17},
  number={193},
  pages={1--54},
  year={2016}
}

@article{mcfadden1977modelling,
  title={Modelling the choice of residential location},
  author={McFadden, Daniel},
  year={1977}
}

@article{auer2002using,
  title={Using confidence bounds for exploitation-exploration trade-offs},
  author={Auer, Peter},
  journal={Journal of Machine Learning Research},
  volume={3},
  number={Nov},
  pages={397--422},
  year={2002}
}

@article{yu2020mopo,
  title={Mopo: Model-based offline policy optimization},
  author={Yu, Tianhe and Thomas, Garrett and Yu, Lantao and Ermon, Stefano and Zou, James Y and Levine, Sergey and Finn, Chelsea and Ma, Tengyu},
  journal={Advances in Neural Information Processing Systems},
  volume={33},
  pages={14129--14142},
  year={2020}
}

@article{kumar2020conservative,
  title={Conservative q-learning for offline reinforcement learning},
  author={Kumar, Aviral and Zhou, Aurick and Tucker, George and Levine, Sergey},
  journal={Advances in Neural Information Processing Systems},
  volume={33},
  pages={1179--1191},
  year={2020}
}

@inproceedings{jin2021pessimism,
  title={Is pessimism provably efficient for offline rl?},
  author={Jin, Ying and Yang, Zhuoran and Wang, Zhaoran},
  booktitle={International Conference on Machine Learning},
  pages={5084--5096},
  year={2021},
  organization={PMLR}
}

@inproceedings{zhong2022pessimistic,
  title={Pessimistic minimax value iteration: Provably efficient equilibrium learning from offline datasets},
  author={Zhong, Han and Xiong, Wei and Tan, Jiyuan and Wang, Liwei and Zhang, Tong and Wang, Zhaoran and Yang, Zhuoran},
  booktitle={International Conference on Machine Learning},
  pages={27117--27142},
  year={2022},
  organization={PMLR}
}

@inproceedings{uehara2021pessimistic,
  title={Pessimistic Model-based Offline Reinforcement Learning under Partial Coverage},
  author={Uehara, Masatoshi and Sun, Wen},
  booktitle={International Conference on Learning Representations},
  year={2021}
}



@article{yin2021towards,
  title={Towards instance-optimal offline reinforcement learning with pessimism},
  author={Yin, Ming and Wang, Yu-Xiang},
  journal={Advances in neural information processing systems},
  volume={34},
  pages={4065--4078},
  year={2021}
}

@article{xie2021bellman,
  title={Bellman-consistent pessimism for offline reinforcement learning},
  author={Xie, Tengyang and Cheng, Ching-An and Jiang, Nan and Mineiro, Paul and Agarwal, Alekh},
  journal={Advances in neural information processing systems},
  volume={34},
  pages={6683--6694},
  year={2021}
}



@inproceedings{zhan2022offline,
  title={Offline reinforcement learning with realizability and single-policy concentrability},
  author={Zhan, Wenhao and Huang, Baihe and Huang, Audrey and Jiang, Nan and Lee, Jason},
  booktitle={Conference on Learning Theory},
  pages={2730--2775},
  year={2022},
  organization={PMLR}
}

@inproceedings{
lu2023pessimism,
title={Pessimism in the Face of Confounders: Provably Efficient Offline Reinforcement Learning in Partially Observable Markov Decision Processes},
author={Miao Lu and Yifei Min and Zhaoran Wang and Zhuoran Yang},
booktitle={The Eleventh International Conference on Learning Representations },
year={2023},
url={https://openreview.net/forum?id=PbkBDQ5_UbV}
}


@inproceedings{shi2022pessimistic,
  title={Pessimistic q-learning for offline reinforcement learning: Towards optimal sample complexity},
  author={Shi, Laixi and Li, Gen and Wei, Yuting and Chen, Yuxin and Chi, Yuejie},
  booktitle={International conference on machine learning},
  pages={19967--20025},
  year={2022},
  organization={PMLR}
}


@inproceedings{xiong2023nearly,
  title={Nearly Minimax Optimal Offline Reinforcement Learning with Linear Function Approximation: Single-Agent MDP and Markov Game},
  author={Xiong, Wei and Zhong, Han and Shi, Chengshuai and Shen, Cong and Wang, Liwei and Zhang, Tong},
  booktitle={International Conference on Learning Representations (ICLR)},
  year={2023}
}


@inproceedings{
rashidinejad2023optimal,
title={Optimal Conservative Offline {RL} with General Function Approximation via Augmented Lagrangian},
author={Paria Rashidinejad and Hanlin Zhu and Kunhe Yang and Stuart Russell and Jiantao Jiao},
booktitle={The Eleventh International Conference on Learning Representations },
year={2023},
url={https://openreview.net/forum?id=ZsvWb6mJnMv}
}

@inproceedings{liu2022welfare,
  title={Welfare maximization in competitive equilibrium: Reinforcement learning for markov exchange economy},
  author={Liu, Zhihan and Lu, Miao and Wang, Zhaoran and Jordan, Michael and Yang, Zhuoran},
  booktitle={International Conference on Machine Learning},
  pages={13870--13911},
  year={2022},
  organization={PMLR}
}