@inproceedings{bosu2019diversity,
  title={Diversity and inclusion in open source software {(OSS)} projects: where do we stand?},
  author={Bosu, Amiangshu and Sultana, Kazi Zakia},
  booktitle={ESEM 2019},
  year={2019}
}

@article{burnett2016gendermag,
  title={{GenderMag}: a method for evaluating software's gender inclusiveness},
  author={Burnett, Margaret and Stumpf, Simone and Macbeth, Jamie and Makri, Stephann and Beckwith, Laura and Kwan, Irwin and Peters, Anicia and Jernigan, William},
  journal={Interacting with Computers},
  year={2016},
  publisher={Oxford University Press}
}

@inproceedings{feller2000framework,
  title={A framework analysis of the open source software development paradigm},
  author={Feller, Joseph and Fitzgerald, Brian},
  booktitle={ICIS 2000},
  year={2000},
  publisher = {Association for Information Systems}
}

@inproceedings{gerosa2021shifting,
  title={The shifting sands of motivation: revisiting what drives contributors in open source},
  author={Gerosa, Marco and Wiese, Igor and Trinkenreich, Bianca and Link, Georg and Robles, Gregorio and Treude, Christoph and Steinmacher, Igor and Sarma, Anita},
  booktitle={ICSE 2021},
  year={2021},
  publisher = {{IEEE}}
}

@inproceedings{guizani2022debug,
  title={How to debug inclusivity bugs? a debugging process with information architecture},
  author={Guizani, Mariam and Steinmacher, Igor and Emard, Jillian and Fallatah, Abrar and Burnett, Margaret and Sarma, Anita},
  booktitle={ICSE-SEIS 2022},
  year={2022}
}

@inproceedings{mendez2018gender,
  title={Gender in open source software: what the tools tell},
  author={Mendez, Christopher and Sarma, Anita and Burnett, Margaret},
  booktitle={1st Int. Workshop on Gender Equality in Software Engineering},
  publisher = {{ACM}},
  year={2018}
}

@inproceedings{mendez2018open,
  title={Open source barriers to entry, revisited: a sociotechnical perspective},
  author={Mendez, Christopher and Padala, Hema Susmita and Steine-Hanson, Zoe and Hilderbrand, Claudia and Horvath, Amber and Hill, Charles and Simpson, Logan and Patil, Nupoor and Sarma, Anita and Burnett, Margaret},
  booktitle={ICSE 2018},
  year={2018}
}

@book{miller2012toward,
  title={Toward a new psychology of women},
  author={Miller, Jean Baker},
  year={2012},
  publisher={Beacon Press},
  address={Boston, USA}
}

@article{nafus2012patches,
  title={‘{P}atches don’t have gender’: what is not open in open source software},
  author={Nafus, Dawn},
  journal={New Media \& Society},
  year={2012},
  publisher={Sage Publications Sage UK: London, England}
}

@article{padala2020gender,
  title={How gender-biased tools shape newcomer experiences in {OSS} projects},
  author={Padala, Susmita Hema and Mendez, Christopher John and Dias, Luiz Felipe and Steinmacher, Igor and Hanson, Zoe Steine and Hilderbrand, Claudia and Horvath, Amber and Hill, Charles and Simpson, Logan Dale and Burnett, Margaret and others},
  journal={IEEE TSE},
  year={2020},
  publisher={IEEE}
}

@article{storey2016social,
  title={How social and communication channels shape and challenge a participatory culture in software development},
  author={Storey, Margaret-Anne and Zagalsky, Alexey and Figueira Filho, Fernando and Singer, Leif and German, Daniel M},
  journal={IEEE TSE},
  year={2016}
}

@article{terrell2016gender,
  title={Gender bias in open source: pull request acceptance of women versus men.},
  author={Terrell, Josh and Kofink, Andrew and Middleton, Justin and Rainear, Clarissa and Murphy-Hill, Emerson R and Parnin, Chris},
  journal={PeerJ Prepr.},
  year={2016}
}

@article{trinkenreich2021women,
  title={Women's participation in open source software: a survey of the literature},
  author={Trinkenreich, Bianca and Wiese, Igor and Sarma, Anita and Gerosa, Marco and Steinmacher, Igor},
  journal={ACM TOSEM},
  year={2022}
}

@book{turkle2005second,
  title={The second self: computers and the human spirit},
  author={Turkle, Sherry},
  year={2005},
  publisher={Mit Press}
}

@inproceedings{vasilescu2015gender,
  title={Gender and tenure diversity in {GitHub} teams},
  author={Vasilescu, Bogdan and Posnett, Daryl and Ray, Baishakhi and van den Brand, Mark GJ and Serebrenik, Alexander and Devanbu, Premkumar and Filkov, Vladimir},
  booktitle={ACM CHI Conference},
  year={2015}
}

@article{vugt2007gender,
  title={Gender differences in cooperation and competition: the male-warrior hypothesis},
  author={Vugt, Mark Van and Cremer, David De and Janssen, Dirk P},
  journal={Psychological Science},
  year={2007},
  publisher={SAGE Publications Sage CA}
}

