@article{Anderson2023,
  author       = {Anderson, N. and Belavy, D. L. and Perle, S. M. and Hendricks, S. and Hespanhol, L. and Verhagen, E. and Memon, A. R.},
  title        = {{AI} Did Not Write This Manuscript, or Did It? {Can} We Trick the {AI} Text Detector into Generated Texts? {The} Potential Future of {ChatGPT} and {AI} in Sports \& Exercise Medicine Manuscript Generation},
  journal      = {BMJ Open Sport \& Exercise Medicine},
  year         = {2023},
  volume       = {9},
  number       = {1},
  pages        = {e001568},
  doi          = {10.1136/bmjsem-2022-001568}
}

@inproceedings{Basta2019,
  author       = {Basta, C. and Costa-Jussà, M. R. and Casas, N.},
  title        = {Evaluating the Underlying Gender Bias in Contextualized Word Embeddings},
  booktitle    = {Proceedings of the Workshop on Gender Bias in Natural Language Processing},
  year         = {2019},
  volume       = {1},
  pages        = {33--39},
  doi          = {10.18653/v1/W19-3805}
}

@misc{COPE2023,
  author       = {{Committee on Publication Ethics}},
  title        = {Authorship and {AI} Tools: {COPE} Position Statement},
  year         = {2023},
  organization = {COPE},
  note         = {Updated 13 Feb 2023. Available at: \url{https://publicationethics.org/cope-position-statements/ai-author}}
}

@article{CruzRivera2020,
  author       = {Rivera, Samantha Cruz and Liu, Xiaoxuan and Chan, An-Wen and Denniston, Alastair K and Calvert, Melanie J and Ashrafian, Hutan and Beam, Andrew L and Collins, Gary S and Darzi, Ara and Deeks, Jonathan J and others},
  title        = {Guidelines for Clinical Trial Protocols for Interventions Involving Artificial Intelligence: The {SPIRIT-AI} Extension},
  journal      = {Nature Medicine},
  year         = {2020},
  volume       = {26},
  number       = {9},
  pages        = {1351--1363},
  doi          = {10.1038/s41591-020-1037-7}
}

@article{DWIVEDI2023102642,
title = {Opinion Paper: “{So} What if {ChatGPT} Wrote It?” {Multidisciplinary} Perspectives on Opportunities, Challenges and Implications of Generative Conversational {AI} for Research, Practice and Policy},
journal = {International Journal of Information Management},
volume = {71},
pages = {102642},
year = {2023},
issn = {0268-4012},
doi = {https://doi.org/10.1016/j.ijinfomgt.2023.102642},
author = {Yogesh K. Dwivedi and Nir Kshetri and Laurie Hughes and Emma Louise Slade and Anand Jeyaraj and Arpan Kumar Kar and Abdullah M. Baabdullah and Alex Koohang and Vishnupriya Raghavan and Manju Ahuja and Hanaa Albanna and Mousa Ahmad Albashrawi and Adil S. Al-Busaidi and Janarthanan Balakrishnan and Yves Barlette and Sriparna Basu and Indranil Bose and Laurence Brooks and Dimitrios Buhalis and Lemuria Carter and Soumyadeb Chowdhury and Tom Crick and Scott W. Cunningham and Gareth H. Davies and Robert M. Davison and Rahul Dé and Denis Dennehy and Yanqing Duan and Rameshwar Dubey and Rohita Dwivedi and John S. Edwards and Carlos Flavián and Robin Gauld and Varun Grover and Mei-Chih Hu and Marijn Janssen and Paul Jones and Iris Junglas and Sangeeta Khorana and Sascha Kraus and Kai R. Larsen and Paul Latreille and Sven Laumer and F. Tegwen Malik and Abbas Mardani and Marcello Mariani and Sunil Mithas and Emmanuel Mogaji and Jeretta Horn Nord and Siobhan O’Connor and Fevzi Okumus and Margherita Pagani and Neeraj Pandey and Savvas Papagiannidis and Ilias O. Pappas and Nishith Pathak and Jan Pries-Heje and Ramakrishnan Raman and Nripendra P. Rana and Sven-Volker Rehm and Samuel Ribeiro-Navarrete and Alexander Richter and Frantz Rowe and Suprateek Sarker and Bernd Carsten Stahl and Manoj Kumar Tiwari and Wil {van der Aalst} and Viswanath Venkatesh and Giampaolo Viglia and Michael Wade and Paul Walton and Jochen Wirtz and Ryan Wright},
keywords = {Conversational Agent, Generative {AI}, {ChatGPT}, Large Language Models}
}

@article{Flanagin2023,
  author       = {Flanagin, A. and Bibbins-Domingo, K. and Berkwits, M. and Christiansen, S. L.},
  title        = {Nonhuman “Authors” and Implications for the Integrity of Scientific Publication and Medical Knowledge},
  journal      = {JAMA},
  year         = {2023},
  volume       = {329},
  pages        = {637--639},
  doi          = {10.1001/jama.2023.1344}
}

@misc{Founta2018,    
  author       = {Founta, A.-M. and Djouvas, C. and Chatzakou, D. and Leontiadis, I. and Blackburn, J. and Stringhini, G. and Vakali, A. and Sirivianos, M. and Kourtellis, N.},
  title        = {Large Scale Crowdsourcing and Characterization of {Twitter} Abusive Behavior},
  year         = {2018},
  note         = {arXiv:1802.00393 [cs.SI]},
  publisher    = {arXiv},
  doi          = {10.48550/arXiv.1802.00393},
  url          = {https://arxiv.org/abs/1802.00393}
}

@inproceedings{Hutchinson2020,
  author       = {Hutchinson, B. and Prabhakaran, V. and Denton, E. and Webster, K. and Zhong, Y. and Denuyl, S.},
  title        = {Social Biases in {NLP} Models as Barriers for Persons with Disabilities},
  booktitle    = {Proceedings of the Annual Meeting of the Association for Computational Linguistics},
  year         = {2020},
  volume       = {58},
  pages        = {5491--5501},
  doi          = {10.18653/v1/2020.acl-main.487}
}

@article{Hutson2021,
  author       = {Hutson, M.},
  title        = {Robo-Writers: The Rise and Risks of Language-Generating {AI}},
  journal      = {Nature},
  year         = {2021},
  volume       = {591},
  number       = {7848},
  pages        = {22--25},
  doi          = {10.1038/d41586-021-00530-0}
}

@misc{ICMJE2023,
  author       = {ICMJE},
  title        = {Defining the Role of Authors and Contributors},
  year         = {2023},
  url          = {https://www.icmje.org/recommendations/browse/roles-and-responsibilities/defining-the-role-of-authors-and-contributors.html},
  note         = {Accessed: 2023-10-22}
}

@article{Ji2023,
  author       = {Ji, Z. and Lee, N. and Frieske, R. and Yu, T. and Su, D. and Xu, Y. and Ishii, E. and Bang, Y. J. and Madotto, A. and Fung, P.},
  title        = {Survey of Hallucination in Natural Language Generation},
  journal      = {ACM Computing Survey},
  year         = {2023},
  volume       = {55},
  number       = {12},
  pages        = {1--38},
  doi          = {10.1145/3571730}
}

@article{Liu2020,
  author       = {Liu, X. and Cruz Rivera, S. and Moher, D. and Calvert, M. J. and Denniston, A. K. and {SPIRIT-AI} and {CONSORT-AI} Working Group},
  title        = {Reporting Guidelines for Clinical Trial Reports for Interventions Involving {Artificial Intelligence}: The {CONSORT-AI} Extension},
  journal      = {Nature Medicine},
  year         = {2020},
  volume       = {26},
  number       = {9},
  pages        = {1364--1374},
  doi          = {10.1038/s41591-020-1034-x}
}

@misc{WAME2023,
  author       = {WAME},
  title        = {Chatbots, Generative {AI}, and Scholarly Manuscripts. {WAME} Recommendations on Chatbots and Generative {Artificial Intelligence} in Relation to Scholarly Publications},
  year         = {2023},
  howpublished = {Press release},
  note         = {Released on 31 May 2023},
  url          = {https://www.wame.org/news/press-release-wame-recommendations-on-chatbots-and-generative-ai}
}

@article{conroy2023scientists,
  author = {Conroy, G.},
  title = {Scientists Used {ChatGPT} to Generate an Entire Paper from Scratch—But Is It Any Good?},
  journal = {Nature},
  volume = {619},
  pages = {443--444},
  year = {2023},
url = {https://www.nature.com/articles/d41586-023-02218-z}
}

@article{dergaa2023from,
  author = {Dergaa, I. and Chamari, K. and Zmijewski, P. and Ben Saad, H.},
  title = {From Human Writing to {Artificial Intelligence} Generated Text: Examining the Prospects and Potential Threats of {ChatGPT} in Academic Writing},
  journal = {Biology of Sport},
  volume = {40},
  number = {2},
  pages = {615--622},
  year = {2023},
  doi = {10.5114/biolsport.2023.125623}
}

@article{fyfe2023how,
  author = {Fyfe, P.},
  title = {How to Cheat on Your Final Paper: Assigning {AI} for Student Writing},
  journal = {{AI} \& Society},
  volume = {38},
  number = {4},
  pages = {1395--1405},
  year = {2023},
doi = {10.1007/s00146-022-01397-z}
}

@article{kasneci2023chat,
  author = {Kasneci, E. and Seßler, K. and Küchemann, S. and Bannert, M. and Dementieva, D. and Fischer, F. and Kasneci, G.},
  title = {{ChatGPT} for Good? On Opportunities and Challenges of Large Language Models for Education},
  journal = {Learning and Individual Differences},
  volume = {103},
  pages = {102274},
  year = {2023},
doi = {10.1016/j.lindif.2023.102274}
}

@article{lund2023chatting,
  author = {Lund, B.D. and Wang, T.},
  title = {Chatting About {ChatGPT}: How May {AI} and {GPT} Impact Academia and Libraries?},
  journal = {Library Hi Tech News},
  volume = {40},
  number = {3},
  pages = {26--29},
  year = {2023},
  doi = {10.1108/LHTN-01-2023-0009}
}

@article{noy2023experimental,
  author = {Noy, S. and Zhang, W.},
  title = {Experimental Evidence on the Productivity Effects of Generative {Artificial Intelligence}},
  journal = {Science},
  volume = {381},
  pages = {187--192},
  year = {2023},
doi = {10.1126/science.adh2586}
}

@article{rahman2023chatgpt,
  author = {Rahman, M. M. and Terano, H. J. and Rahman, M. N. and others},
  title = {{ChatGPT} and Academic Research: A Review and Recommendations Based on Practical Examples},
  journal = {Journal of Education, Management and Development Studies},
  volume = {3},
  number = {1},
  pages = {1--12},
  year = {2023},
url = {https://ssrn.com/abstract=4407462}
}

