@article{thomas2023impact,
  title={Impact and Perceived Value of the Revolutionary Advent of artificial intelligence in Research and Publishing among Researchers: A Survey-Based Descriptive Study},
  author={Thomas, Riya and Bhosale, Uttkarsha and Shukla, Kriti and Kapadia, Anupama},
  journal={Science Editing},
  volume={10},
  number={1},
  pages={27--34},
  year={2023},
  publisher={Korean Council of Science Editors},
doi={10.6087/kcse.294}
}

@article{abd2023artificial,
  title={Artificial intelligence's Development and Challenges in Scientific Writing},
  author={Abd-Elsalam, Kamel A and Abdel-Momen, Salah M},
  journal={Egyptian Journal of Agricultural Research},
  volume={101},
  number={3},
  pages={714--717},
  year={2023},
  publisher={Ministry of Agriculture and Land Reclamation. Agricultural Research Center (ARC)},
doi={10.21608/ejar.2023.220363.1414}
}

@article{hsu2023can,
  title={Can Generative Artificial Intelligence Write an Academic Journal Article? {Opportunities}, Challenges, and Implications},
  author={Hsu, Hsiao-Ping},
  journal={The Irish Journal of Technology Enhanced Learning},
  volume={7},
  number={2},
  pages={158--171},
  year={2023},
  publisher={Irish Learning Technology Association},
doi= {10.22554/ijtel.v7i2.152}
}


@article{thorp2023chatgpt,
  title = {{ChatGPT} is Fun, but Not an Author},
  author = {Thorp, Holden H.},
  journal = {Science},
  volume = {379},
  number = {6627},
  pages = {313},
  year = {2023},
  doi = {10.1126/science.adg7879},
  pmid = {36701446},

}

@article{storey2023ai,
  title = {{AI} Technology and Academic Writing: Knowing and Mastering the “Craft Skills”},
  author = {Storey, Valerie A.},
  journal = {International Journal of Adult Education and Technology (IJAET)},
  volume = {14},
  number = {1},
  pages = {1--15},
  year = {2023},
doi={10.4018/IJAET.325795}
}

@article{dubose2023ai,
  title = {{AI} in Academic Writing: Tool or Invader},
  author = {DuBose, Jonathan and Marshall, D.H.},
  journal = {Public Services Quarterly},
  volume = {19},
  pages = {125--130},
  year = {2023},
doi={10.1080/15228959.2023.2185338}
}

@inproceedings{mrabet2023chatgpt,
  title={{ChatGPT}: A Friend or a Foe?},
  author={Mrabet, Jihene and Studholme, Robert},
  booktitle={2023 International Conference on Computational Intelligence and Knowledge Economy ({ICCIKE})},
  pages={269--274},
  year={2023},
  organization={IEEE},
doi = {10.1109/ICCIKE58312.2023.10131713}
}

@article{caprioglio2023fake,
  title = {Fake Academic Writing: Ethics During Chatbot Era},
  author = {Caprioglio, Alberto and Paglia, Lorenzo},
  journal = {European Journal of Paediatric Dentistry},
  volume = {24},
  number = {2},
  pages = {88--89},
  year = {2023},
doi = {10.23804/ejpd.2023.24.02.01}
}

@misc{COPE2023,
  author       = {{Committee on Publication Ethics}},
  title        = {Authorship and {AI} Tools: {COPE} Position Statement},
  year         = {2023},
  organization = {COPE},
  note         = {Updated 13 Feb 2023. Available at: \url{https://publicationethics.org/cope-position-statements/ai-author}}
}

@article{Liu2020,
  author       = {Liu, X. and Cruz Rivera, S. and Moher, D. and Calvert, M. J. and Denniston, A. K. and {SPIRIT-AI} and {CONSORT-AI} Working Group},
  title        = {Reporting Guidelines for Clinical Trial Reports for Interventions Involving {Artificial Intelligence}: The {CONSORT-AI} Extension},
  journal      = {Nature Medicine},
  year         = {2020},
  volume       = {26},
  number       = {9},
  pages        = {1364--1374},
  doi          = {10.1038/s41591-020-1034-x}
}

@article{CruzRivera2020,
  author       = {Rivera, Samantha Cruz and Liu, Xiaoxuan and Chan, An-Wen and Denniston, Alastair K and Calvert, Melanie J and Ashrafian, Hutan and Beam, Andrew L and Collins, Gary S and Darzi, Ara and Deeks, Jonathan J and others},
  title        = {Guidelines for Clinical Trial Protocols for Interventions Involving Artificial Intelligence: The {SPIRIT-AI} Extension},
  journal      = {Nature Medicine},
  year         = {2020},
  volume       = {26},
  number       = {9},
  pages        = {1351--1363},
  doi          = {10.1038/s41591-020-1037-7}
}

@misc{ICMJE2023,
  author       = {ICMJE},
  title        = {Defining the Role of Authors and Contributors},
  year         = {2023},
  url          = {https://www.icmje.org/recommendations/browse/roles-and-responsibilities/defining-the-role-of-authors-and-contributors.html},
  note         = {Accessed: 2023-10-22}
}

@article{Flanagin2023,
  author       = {Flanagin, A. and Bibbins-Domingo, K. and Berkwits, M. and Christiansen, S. L.},
  title        = {Nonhuman “Authors” and Implications for the Integrity of Scientific Publication and Medical Knowledge},
  journal      = {JAMA},
  year         = {2023},
  volume       = {329},
  pages        = {637--639},
  doi          = {10.1001/jama.2023.1344}
}

@misc{WAME2023,
  author       = {WAME},
  title        = {Chatbots, Generative {AI}, and Scholarly Manuscripts. {WAME} Recommendations on Chatbots and Generative {Artificial Intelligence} in Relation to Scholarly Publications},
  year         = {2023},
  howpublished = {Press release},
  note         = {Released on 31 May 2023},
  url          = {https://www.wame.org/news/press-release-wame-recommendations-on-chatbots-and-generative-ai}
}

@article{Ji2023,
  author       = {Ji, Z. and Lee, N. and Frieske, R. and Yu, T. and Su, D. and Xu, Y. and Ishii, E. and Bang, Y. J. and Madotto, A. and Fung, P.},
  title        = {Survey of Hallucination in Natural Language Generation},
  journal      = {ACM Computing Survey},
  year         = {2023},
  volume       = {55},
  number       = {12},
  pages        = {1--38},
  doi          = {10.1145/3571730}
}

@article{Hutson2021,
  author       = {Hutson, M.},
  title        = {Robo-Writers: The Rise and Risks of Language-Generating {AI}},
  journal      = {Nature},
  year         = {2021},
  volume       = {591},
  number       = {7848},
  pages        = {22--25},
  doi          = {10.1038/d41586-021-00530-0}
}

@inproceedings{Basta2019,
  author       = {Basta, C. and Costa-Jussà, M. R. and Casas, N.},
  title        = {Evaluating the Underlying Gender Bias in Contextualized Word Embeddings},
  booktitle    = {Proceedings of the Workshop on Gender Bias in Natural Language Processing},
  year         = {2019},
  volume       = {1},
  pages        = {33--39},
  doi          = {10.18653/v1/W19-3805}
}

@misc{Founta2018,    
  author       = {Founta, A.-M. and Djouvas, C. and Chatzakou, D. and Leontiadis, I. and Blackburn, J. and Stringhini, G. and Vakali, A. and Sirivianos, M. and Kourtellis, N.},
  title        = {Large Scale Crowdsourcing and Characterization of {Twitter} Abusive Behavior},
  year         = {2018},
  note         = {arXiv:1802.00393 [cs.SI]},
  publisher    = {arXiv},
  doi          = {10.48550/arXiv.1802.00393},
  url          = {https://arxiv.org/abs/1802.00393}
}

@inproceedings{Hutchinson2020,
  author       = {Hutchinson, B. and Prabhakaran, V. and Denton, E. and Webster, K. and Zhong, Y. and Denuyl, S.},
  title        = {Social Biases in {NLP} Models as Barriers for Persons with Disabilities},
  booktitle    = {Proceedings of the Annual Meeting of the Association for Computational Linguistics},
  year         = {2020},
  volume       = {58},
  pages        = {5491--5501},
  doi          = {10.18653/v1/2020.acl-main.487}
}

@article{Anderson2023,
  author       = {Anderson, N. and Belavy, D. L. and Perle, S. M. and Hendricks, S. and Hespanhol, L. and Verhagen, E. and Memon, A. R.},
  title        = {{AI} Did Not Write This Manuscript, or Did It? {Can} We Trick the {AI} Text Detector into Generated Texts? {The} Potential Future of {ChatGPT} and {AI} in Sports \& Exercise Medicine Manuscript Generation},
  journal      = {BMJ Open Sport \& Exercise Medicine},
  year         = {2023},
  volume       = {9},
  number       = {1},
  pages        = {e001568},
  doi          = {10.1136/bmjsem-2022-001568}
}

@article{lund2023chatting,
  author = {Lund, B.D. and Wang, T.},
  title = {Chatting About {ChatGPT}: How May {AI} and {GPT} Impact Academia and Libraries?},
  journal = {Library Hi Tech News},
  volume = {40},
  number = {3},
  pages = {26--29},
  year = {2023},
  doi = {10.1108/LHTN-01-2023-0009}
}

@article{kasneci2023chat,
  author = {Kasneci, E. and Seßler, K. and Küchemann, S. and Bannert, M. and Dementieva, D. and Fischer, F. and Kasneci, G.},
  title = {{ChatGPT} for Good? On Opportunities and Challenges of Large Language Models for Education},
  journal = {Learning and Individual Differences},
  volume = {103},
  pages = {102274},
  year = {2023},
doi = {10.1016/j.lindif.2023.102274}
}

@article{DWIVEDI2023102642,
title = {Opinion Paper: “{So} What if {ChatGPT} Wrote It?” {Multidisciplinary} Perspectives on Opportunities, Challenges and Implications of Generative Conversational {AI} for Research, Practice and Policy},
journal = {International Journal of Information Management},
volume = {71},
pages = {102642},
year = {2023},
issn = {0268-4012},
doi = {https://doi.org/10.1016/j.ijinfomgt.2023.102642},
author = {Yogesh K. Dwivedi and Nir Kshetri and Laurie Hughes and Emma Louise Slade and Anand Jeyaraj and Arpan Kumar Kar and Abdullah M. Baabdullah and Alex Koohang and Vishnupriya Raghavan and Manju Ahuja and Hanaa Albanna and Mousa Ahmad Albashrawi and Adil S. Al-Busaidi and Janarthanan Balakrishnan and Yves Barlette and Sriparna Basu and Indranil Bose and Laurence Brooks and Dimitrios Buhalis and Lemuria Carter and Soumyadeb Chowdhury and Tom Crick and Scott W. Cunningham and Gareth H. Davies and Robert M. Davison and Rahul Dé and Denis Dennehy and Yanqing Duan and Rameshwar Dubey and Rohita Dwivedi and John S. Edwards and Carlos Flavián and Robin Gauld and Varun Grover and Mei-Chih Hu and Marijn Janssen and Paul Jones and Iris Junglas and Sangeeta Khorana and Sascha Kraus and Kai R. Larsen and Paul Latreille and Sven Laumer and F. Tegwen Malik and Abbas Mardani and Marcello Mariani and Sunil Mithas and Emmanuel Mogaji and Jeretta Horn Nord and Siobhan O’Connor and Fevzi Okumus and Margherita Pagani and Neeraj Pandey and Savvas Papagiannidis and Ilias O. Pappas and Nishith Pathak and Jan Pries-Heje and Ramakrishnan Raman and Nripendra P. Rana and Sven-Volker Rehm and Samuel Ribeiro-Navarrete and Alexander Richter and Frantz Rowe and Suprateek Sarker and Bernd Carsten Stahl and Manoj Kumar Tiwari and Wil {van der Aalst} and Viswanath Venkatesh and Giampaolo Viglia and Michael Wade and Paul Walton and Jochen Wirtz and Ryan Wright},
keywords = {Conversational Agent, Generative {AI}, {ChatGPT}, Large Language Models}
}

@article{fyfe2023how,
  author = {Fyfe, P.},
  title = {How to Cheat on Your Final Paper: Assigning {AI} for Student Writing},
  journal = {{AI} \& Society},
  volume = {38},
  number = {4},
  pages = {1395--1405},
  year = {2023},
doi = {10.1007/s00146-022-01397-z}
}

@article{dergaa2023from,
  author = {Dergaa, I. and Chamari, K. and Zmijewski, P. and Ben Saad, H.},
  title = {From Human Writing to {Artificial Intelligence} Generated Text: Examining the Prospects and Potential Threats of {ChatGPT} in Academic Writing},
  journal = {Biology of Sport},
  volume = {40},
  number = {2},
  pages = {615--622},
  year = {2023},
  doi = {10.5114/biolsport.2023.125623}
}

@article{rahman2023chatgpt,
  author = {Rahman, M. M. and Terano, H. J. and Rahman, M. N. and others},
  title = {{ChatGPT} and Academic Research: A Review and Recommendations Based on Practical Examples},
  journal = {Journal of Education, Management and Development Studies},
  volume = {3},
  number = {1},
  pages = {1--12},
  year = {2023},
url = {https://ssrn.com/abstract=4407462}
}

@article{conroy2023scientists,
  author = {Conroy, G.},
  title = {Scientists Used {ChatGPT} to Generate an Entire Paper from Scratch—But Is It Any Good?},
  journal = {Nature},
  volume = {619},
  pages = {443--444},
  year = {2023},
url = {https://www.nature.com/articles/d41586-023-02218-z}
}

@article{noy2023experimental,
  author = {Noy, S. and Zhang, W.},
  title = {Experimental Evidence on the Productivity Effects of Generative {Artificial Intelligence}},
  journal = {Science},
  volume = {381},
  pages = {187--192},
  year = {2023},
doi = {10.1126/science.adh2586}
}

@article{selim2024transformative,
  title={The transformative impact of {AI-powered} tools on academic writing: Perspectives of {EFL} university students},
  author={Selim, Abir Sabry Mohamed},
  journal={International Journal of English Linguistics},
  volume={14},
  number={1},
  pages={14},
  year={2024},
doi={10.5539/ijel.v14n1p14}
}

@article{ganjavi2024publishers,
  title={Publishers’ and journals’ instructions to authors on use of generative artificial intelligence in academic and scientific publishing: bibliometric analysis},
  author={Ganjavi, Conner and Eppler, Michael B and Pekcan, Asli and Biedermann, Brett and Abreu, Andre and Collins, Gary S and Gill, Inderbir S and Cacciamani, Giovanni E},
  journal={BMJ},
  volume={384},
  year={2024},
pages={e077192},
  publisher={British Medical Journal Publishing Group},
doi ={10.1136/bmj-2023-077192}
}
@article{zenni2023artificial,
  title={Artificial Intelligence text generators for overcoming language barriers in ecological research communication},
  author={{Zenni}, Rafael D and {Andrew}, Nigel R},
  journal={Austral Ecology},
  volume={48},
  number={7},
  pages={1225--1229},
  year={2023},
  publisher={Wiley Online Library},
doi = {10.1111/aec.13417}
}
@article{hwang2023chatgpt,
  title={Is {ChatGPT} a "fire of {Prometheus}" for non-native {English}-speaking researchers in academic writing?},
  author={{Hwang}, Sung Il and {Lim}, Joon Seo and {Lee}, Ro Woon and {Matsui}, Yusuke and {Iguchi}, Toshihiro and {Hiraki}, Takao and {Ahn}, Hyungwoo},
  journal={Korean Journal of Radiology},
  volume={24},
  number={10},
  pages={952},
  year={2023},
  publisher={Korean Society of Radiology},
doi ={10.3348/kjr.2023.0773}
}

@article{song2023enhancing,
  title={Enhancing academic writing skills and motivation: assessing the efficacy of {ChatGPT} in {AI}-assisted language learning for {EFL} students},
  author={{Song}, Cuiping and {Song}, Yanping},
  journal={Frontiers in Psychology},
  volume={14},
  pages={1260843},
  year={2023},
  publisher={Frontiers Media SA},
doi = {10.3389/fpsyg.2023.1260843}
}

@article{huang2024evaluating,
  title={Evaluating Media Knowledge Capabilities of Intelligent Search Dialogue Systems: {A} Case Study of {ChatGPT} and {New Bing}},
  author={{Huang}, Li-Yuan and {Zhang}, Xun and {Wang}, Qiang and {Chen}, Zhen-Song and {Liu}, Yang},
  journal={Journal of the Knowledge Economy},
  pages={1--24},
  year={2024},
  publisher={Springer},
doi= {10.1007/s13132-024-01755-w

}
}

@article{choi2021chatgpt,
  title={{ChatGPT} goes to law school},
  author={{Choi}, Jonathan H and {Hickman}, Kristin E and {Monahan}, Amy B and {Schwarcz}, Daniel},
  journal={Journal of Legal Education},
  volume={71},
  pages={387},
  year={2021},
  publisher={HeinOnline},
url = {https://collimateur.uqam.ca/wp-content/uploads/sites/11/2023/01/SSRN-id4335905.pdf}
}



@article{GREWAL2021229,
title = {{Artificial} Intelligence: The light and the darkness},
journal = {Journal of Business Research},
volume = {136},
pages = {229-236},
year = {2021},
issn = {0148-2963},
doi = {10.1016/j.jbusres.2021.07.043},
author = {Dhruv Grewal and Abhijit Guha and Cinthia B. Satornino and Elisa B. Schweiger}
}

@article{doi:10.1177/14413582231167882,
author = {Michael Jay Polonsky and Jeffrey D. Rotman},
title ={Should artificial intelligent Agents be Your Co-author? Arguments in Favour, Informed by {ChatGPT}},

journal = {Australasian Marketing Journal},
volume = {31},
number = {2},
pages = {91-96},
year = {2023},
doi = {10.1177/14413582231167882}
}

@article{Singh2015InternationalGS,
  title={International Graduate Students' Academic Writing Practices in {Malaysia}: Challenges and Solutions.},
  author={Manjet Kaur Mehar Singh},
  journal={Journal of International Students},
  year={2015},
  volume={5},
  pages={12-22},
  url={https://api.semanticscholar.org/CorpusID:1126382}
}

@article{Flowerdew2019TheLD,
  title={The linguistic disadvantage of scholars who write in {English} as an additional language: Myth or reality},
  author={John Flowerdew},
  journal={Language Teaching},
  year={2019},
  volume={52},
  pages={249 - 260},
  url={https://api.semanticscholar.org/CorpusID:195851995}
}

@article{giglio2023use,
  title={The use of Artificial Intelligence to improve the scientific writing of non-native English speakers},
  author={Giglio, Auro Del and Costa, Mateus Uerlei Pereira da},
  journal={Revista da Associa{\c{c}}{\~a}o M{\'e}dica Brasileira},
  volume={69},
  number={9},
  pages={e20230560},
  year={2023},
  publisher={SciELO Brasil},
doi ={10.1590/1806-9282.20230560}
}

@inproceedings{leacock2009user,
  title={User input and interactions on {Microsoft} Research {ESL} Assistant},
  author={Leacock, Claudia and Gamon, Michael and Brockett, Chris},
  booktitle={Proceedings of the Fourth Workshop on Innovative Use of NLP for Building Educational Applications},
  pages={73--81},
  year={2009},
url ={https://aclanthology.org/W09-2111.pdf}
}

@inproceedings{lim2012esl,
  title={{ESL} learning through writing pattern: Development of a web-based planning and writing supporting system for{ESL} learner},
  author={Lim, Jungtaek and Biocca, Frank},
  booktitle={2012 8th International Conference on Information Science and Digital Content Technology (ICIDT2012)},
  volume={3},
  pages={641--645},
  year={2012},
  organization={IEEE},
url ={https://ieeexplore.ieee.org/abstract/document/6269352}
}

@inproceedings{chen2012flow,
  title={FLOW: A first-language-oriented writing assistant system},
  author={Chen, Mei-Hua and Huang, Shih-Ting and Hsieh, Hung-Ting and Kao, Ting-Hui and Chang, Jason S},
  booktitle={Proceedings of the ACL 2012 system demonstrations},
  pages={157--162},
  year={2012},
url ={https://aclanthology.org/P12-3027.pdf}
}

@article{wohlert2020communication,
  title={Communication in international collaborative research teams.{A} review of the state of the art and open research questions},
  author={W{\"o}hlert, Romy},
  journal={SCM Studies in Communication and Media},
  volume={9},
  number={2},
  pages={151--217},
  year={2020},
  publisher={Nomos Verlagsgesellschaft mbH \& Co. KG},
doi ={10.5771/2192-4007-2020-2-151}
}

@article{Shachaf2008CulturalDA,
  title={Cultural diversity and information and communication technology impacts on global virtual teams: An exploratory study},
  author={Pnina Shachaf},
  journal={Information Management},
  year={2008},
  volume={45},
  pages={131-142},
  url={https://api.semanticscholar.org/CorpusID:205391222}
}

@article{Bjorvatn2019ComplexityAA,
  title={Complexity as a Driver of Media Choice: A Comparative Study of Domestic and International Teams},
  author={Torbj{\o}rn Bjorvatn and Andreas Erich Wald},
  journal={International Journal of Business Communication},
  year={2019},
doi={10.1177/2329488419874367}
}

@article{rahayu2020interaction,
  title={Interaction in collaborative writing between international and domestic students in an {Indonesian} university},
  author={Rahayu, Dwi},
  journal={Studies in English Language and Education},
  volume={7},
  number={1},
  pages={113--128},
  year={2020},
doi ={10.24815/siele.v7i1.15773}
}

@article{crawford2023artificial,
  title={Artificial intelligence and authorship editor policy: ChatGPT, {Bard Bing AI}, and beyond},
  author={Crawford, Joseph and Cowling, Michael and Ashton-Hay, Sally and Kelder, Jo-Anne and Middleton, Rebekkah},
  journal={Journal of University Teaching and Learning Practice},
  volume={20},
  number={5},
  pages={1--11},
  year={2023},
  publisher={Open Access Publishing Association (OAPA) Launceston, Tasmania},
url ={https://search.informit.org/doi/10.3316/informit.T2024112700020401244487741
}
}

@article{Hu06122024,
author = {Guangwei Hu},
title = {Challenges for enforcing editorial policies on {AI}-generated papers},
journal = {Accountability in Research},
volume = {31},
number = {7},
pages = {978--980},
year = {2024},
publisher = {Taylor \& Francis},
doi = {10.1080/08989621.2023.2184262},

    note ={PMID: 36840450},


}


@article{Mjovsk2023ArtificialIC,
 title = {Artificial Intelligence Can Generate Fraudulent but Authentic-Looking Scientific Medical Articles: {Pandora's} Box Has Been Opened},
 author = {Májovský, Martin and Černý, Martin and Kasal, Matěj and Komarc, Martin and Netuka, David},
 journal = {Journal of Medical Internet Research},
 year = {2023},
 volume = {25},
 pages = {e46924},
 doi = {10.2196/46924}
}


@misc{tate2023educational,
  author       = {Tate, Tamara and Doroudi, Shayan and Ritchie, Daniel and Xu, Ying and Warschauer, Mark},
  title        = {Educational Research and {AI}-Generated Writing: Confronting the Coming Tsunami},
  year         = {2023},
  month        = {1},
  doi          = {10.35542/osf.io/4mec3}
}
