@article{ho2020denoising,
  title={Denoising diffusion probabilistic models},
  author={Ho, Jonathan and Jain, Ajay and Abbeel, Pieter},
  journal={Advances in neural information processing systems},
  volume={33},
  pages={6840--6851},
  year={2020}
}

@article{karras2022elucidating,
  title={Elucidating the design space of diffusion-based generative models},
  author={Karras, Tero and Aittala, Miika and Aila, Timo and Laine, Samuli},
  journal={Advances in neural information processing systems},
  volume={35},
  pages={26565--26577},
  year={2022}
}

@article{kingma2021variational,
  title={Variational diffusion models},
  author={Kingma, Diederik and Salimans, Tim and Poole, Ben and Ho, Jonathan},
  journal={Advances in neural information processing systems},
  volume={34},
  pages={21696--21707},
  year={2021}
}

@inproceedings{liu2022pseudo,
    title={Pseudo Numerical Methods for Diffusion Models on Manifolds},
    author={Luping Liu and Yi Ren and Zhijie Lin and Zhou Zhao},
    booktitle={International Conference on Learning Representations},
    year={2022}
}

@inproceedings{liu2023unified,
  title={A unified sampling framework for solver searching of diffusion probabilistic models},
  author={Liu, Enshu and Ning, Xuefei and Yang, Huazhong and Wang, Yu},
  booktitle={The Twelfth International Conference on Learning Representations},
  year={2023}
}

@article{lu2022dpm,
  title={Dpm-solver: A fast {ODE} solver for diffusion probabilistic model sampling in around 10 steps},
  author={Lu, Cheng and Zhou, Yuhao and Bao, Fan and Chen, Jianfei and Li, Chongxuan and Zhu, Jun},
  journal={Advances in Neural Information Processing Systems},
  volume={35},
  pages={5775--5787},
  year={2022}
}

@article{lu2022dpmpp,
  title={Dpm-solver++: Fast solver for guided sampling of diffusion probabilistic models},
  author={Lu, Cheng and Zhou, Yuhao and Bao, Fan and Chen, Jianfei and Li, Chongxuan and Zhu, Jun},
  journal={arXiv preprint arXiv:2211.01095},
  year={2022}
}

@InProceedings{pmlr-v235-chen24bm,
  title = 	 {On the Trajectory Regularity of {ODE}-based Diffusion Sampling},
  author =       {Chen, Defang and Zhou, Zhenyu and Wang, Can and Shen, Chunhua and Lyu, Siwei},
  booktitle = 	 {Proceedings of the 41st International Conference on Machine Learning},
  pages = 	 {7905--7934},
  year = 	 {2024},
  editor = 	 {Salakhutdinov, Ruslan and Kolter, Zico and Heller, Katherine and Weller, Adrian and Oliver, Nuria and Scarlett, Jonathan and Berkenkamp, Felix},
  volume = 	 {235},
  series = 	 {Proceedings of Machine Learning Research},
  month = 	 {21--27 Jul},
  publisher =    {PMLR}
}

@InProceedings{sabour2024align,
title={Align Your Steps: Optimizing Sampling Schedules in Diffusion Models},
author={Amirmojtaba Sabour and Sanja Fidler and Karsten Kreis},
year={2024},
publisher={PMLR},
  volume = 	 {235},
  series = 	 {Proceedings of Machine Learning Research},
booktitle={Proceedings of the 41st International Conference on Machine Learning}
}

@inproceedings{shaul2023bespoke,
    year={2024},
  title={Bespoke Solvers for Generative Flow Models},
  author={Shaul, Neta and Perez, Juan and Chen, Ricky TQ and Thabet, Ali and Pumarola, Albert and Lipman, Yaron},
  booktitle={The Twelfth International Conference on Learning Representations}
}

@inproceedings{shaul2024bespoke,
  title={Bespoke non-stationary solvers for fast sampling of diffusion and flow models},
  author={Shaul, Neta and Singer, Uriel and Chen, Ricky TQ and Le, Matthew and Thabet, Ali and Pumarola, Albert and Lipman, Yaron},
  booktitle={Proceedings of the 41st International Conference on Machine Learning},
  pages={44603--44627},
  year={2024}
}

@article{song2020score,
  title={Score-based generative modeling through stochastic differential equations},
  author={Song, Yang and Sohl-Dickstein, Jascha and Kingma, Diederik P and Kumar, Abhishek and Ermon, Stefano and Poole, Ben},
journal={International Conference on Learning Representation},
  year={2021}
}

@article{tong2024learning,
  title={Learning to Discretize Denoising Diffusion {ODEs}},
  author={Tong, Vinh and Liu, Anji and Hoang, Trung-Dung and Broeck, Guy Van den and Niepert, Mathias},
  journal={arXiv preprint arXiv:2405.15506},
  year={2024}
}

@article{watson2021learning,
  title={Learning to efficiently sample from diffusion probabilistic models},
  author={Watson, Daniel and Ho, Jonathan and Norouzi, Mohammad and Chan, William},
  journal={arXiv preprint arXiv:2106.03802},
  year={2021}
}

@inproceedings{xue2024accelerating,
  title={Accelerating diffusion sampling with optimized time steps},
  author={Xue, Shuchen and Liu, Zhaoqiang and Chen, Fei and Zhang, Shifeng and Hu, Tianyang and Xie, Enze and Li, Zhenguo},
  booktitle={Proceedings of the IEEE/CVF Conference on Computer Vision and Pattern Recognition},
  pages={8292--8301},
  year={2024}
}

@inproceedings{zhang2022fast,
title={Fast Sampling of Diffusion Models with Exponential Integrator},
author={Zhang, Qinsheng and Chen, Yongxin},
booktitle={International Conference on Learning Representations},
year={2023},
}

@inproceedings{zhang2023accelerating,
title={On Accelerating Diffusion-Based Sampling Processes via Improved Integration Approximation},
author={Guoqiang Zhang and Kenta Niwa and W. Bastiaan Kleijn},
booktitle={The Twelfth International Conference on Learning Representations},
year={2024},
url={https://openreview.net/forum?id=ktJAF3lxbi}
}

@article{zhao2023unipc,
  title={{Unipc}: A unified predictor-corrector framework for fast sampling of diffusion models},
  author={Zhao, Wenliang and Bai, Lujia and Rao, Yongming and Zhou, Jie and Lu, Jiwen},
  journal={Advances in Neural Information Processing Systems},
  volume={36},
  pages={49842--49869},
  year={2023}
}

@article{zheng2023dpm,
  title={Dpm-solver-v3: Improved diffusion {ODE} solver with empirical model statistics},
  author={Zheng, Kaiwen and Lu, Cheng and Chen, Jianfei and Zhu, Jun},
  journal={Advances in Neural Information Processing Systems},
  volume={36},
  pages={55502--55542},
  year={2023}
}

@inproceedings{zhou2024fast,
  title={Fast {ODE}-based sampling for diffusion models in around 5 steps},
  author={Zhou, Zhenyu and Chen, Defang and Wang, Can and Chen, Chun},
  booktitle={Proceedings of the IEEE/CVF Conference on Computer Vision and Pattern Recognition},
  pages={7777--7786},
  year={2024}
}

