@inproceedings{zhang2023accelerating,
title={On Accelerating Diffusion-Based Sampling Processes via Improved Integration Approximation},
author={Guoqiang Zhang and Kenta Niwa and W. Bastiaan Kleijn},
booktitle={The Twelfth International Conference on Learning Representations},
year={2024},
url={https://openreview.net/forum?id=ktJAF3lxbi}
}

@inproceedings{ho2022classifier,
  title={Classifier-Free Diffusion Guidance},
  author={Ho, Jonathan and Salimans, Tim},
  booktitle={NeurIPS 2021 Workshop on Deep Generative Models and Downstream Applications}
}

@inproceedings{du2023reduce,
  title={Reduce, reuse, recycle: Compositional generation with energy-based diffusion models and mcmc},
  author={Du, Yilun and Durkan, Conor and Strudel, Robin and Tenenbaum, Joshua B and Dieleman, Sander and Fergus, Rob and Sohl-Dickstein, Jascha and Doucet, Arnaud and Grathwohl, Will Sussman},
  booktitle={International conference on machine learning},
  pages={8489--8510},
  year={2023},
  organization={PMLR}
}

@article{geng2024consistency,
  title={Consistency Models Made Easy},
  author={Geng, Zhengyang and Pokle, Ashwini and Luo, William and Lin, Justin and Kolter, J Zico},
  journal={arXiv preprint arXiv:2406.14548},
  year={2024}
}

@inproceedings{sohl2015deep,
  title={Deep unsupervised learning using nonequilibrium thermodynamics},
  author={Sohl-Dickstein, Jascha and Weiss, Eric and Maheswaranathan, Niru and Ganguli, Surya},
  booktitle={International conference on machine learning},
  pages={2256--2265},
  year={2015},
  organization={PMLR}
}

@article{ho2020denoising,
  title={Denoising diffusion probabilistic models},
  author={Ho, Jonathan and Jain, Ajay and Abbeel, Pieter},
  journal={Advances in neural information processing systems},
  volume={33},
  pages={6840--6851},
  year={2020}
}

@article{song2020score,
  title={Score-based generative modeling through stochastic differential equations},
  author={Song, Yang and Sohl-Dickstein, Jascha and Kingma, Diederik P and Kumar, Abhishek and Ermon, Stefano and Poole, Ben},
journal={International Conference on Learning Representation},
  year={2021}
}

@article{dhariwal2021diffusion,
  title={Diffusion models beat gans on image synthesis},
  author={Dhariwal, Prafulla and Nichol, Alexander},
  journal={Advances in neural information processing systems},
  volume={34},
  pages={8780--8794},
  year={2021}
}

@inproceedings{rombach2022high,
  title={High-resolution image synthesis with latent diffusion models},
  author={Rombach, Robin and Blattmann, Andreas and Lorenz, Dominik and Esser, Patrick and Ommer, Bj{\"o}rn},
  booktitle={Proceedings of the IEEE/CVF conference on computer vision and pattern recognition},
  pages={10684--10695},
  year={2022}
}


@InProceedings{nichol2021glide,
  title = 	 {Glide: Towards photorealistic image generation and editing with text-guided diffusion models},
  author =       {Nichol, Alex and Dhariwal, Prafulla and Ramesh, Aditya and Shyam, Pranav and Mishkin, Pamela and McGrew, Bob and Sutskever, Ilya and Chen, Mark},
  booktitle = 	 {Proceedings of the 39th International Conference on Machine Learning},
  year = 	 {2022},
  volume = 	 {162},
  series = 	 {Proceedings of Machine Learning Research},
  publisher =    {PMLR}
}

@article{wu2023ar,
  title={Ar-diffusion: Auto-regressive diffusion model for text generation},
  author={Wu, Tong and Fan, Zhihao and Liu, Xiao and Zheng, Hai-Tao and Gong, Yeyun and Jiao, Jian and Li, Juntao and Guo, Jian and Duan, Nan and Chen, Weizhu and others},
  journal={Advances in Neural Information Processing Systems},
  volume={36},
  pages={39957--39974},
  year={2023}
}

@article{li2022diffusion,
  title={Diffusion-lm improves controllable text generation},
  author={Li, Xiang and Thickstun, John and Gulrajani, Ishaan and Liang, Percy S and Hashimoto, Tatsunori B},
  journal={Advances in Neural Information Processing Systems},
  volume={35},
  pages={4328--4343},
  year={2022}
}

@article{gulrajani2024likelihood,
  title={Likelihood-based diffusion language models},
  author={Gulrajani, Ishaan and Hashimoto, Tatsunori B},
  journal={Advances in Neural Information Processing Systems},
  volume={36},
  year={2024}
}

@article{schneider2023archisound,
  title={Archisound: Audio generation with diffusion},
  author={Schneider, Flavio},
  journal={arXiv preprint arXiv:2301.13267},
  year={2023}
}

@article{kong2020diffwave,
  title={Diffwave: A versatile diffusion model for audio synthesis},
  author={Kong, Zhifeng and Ping, Wei and Huang, Jiaji and Zhao, Kexin and Catanzaro, Bryan},
  journal={International Conference on Learning Representation},
  year={2021}
}

@article{ho2022video,
  title={Video diffusion models},
  author={Ho, Jonathan and Salimans, Tim and Gritsenko, Alexey and Chan, William and Norouzi, Mohammad and Fleet, David J},
  journal={Advances in Neural Information Processing Systems},
  volume={35},
  pages={8633--8646},
  year={2022}
}

@article{chen2022sampling,
  title={Sampling is as easy as learning the score: theory for diffusion models with minimal data assumptions},
  author={Chen, Sitan and Chewi, Sinho and Li, Jerry and Li, Yuanzhi and Salim, Adil and Zhang, Anru R},
  journal={International Conference on Learning Representation},
  year={2023}
}

@article{song2020denoising,
  title={Denoising diffusion implicit models},
  author={Song, Jiaming and Meng, Chenlin and Ermon, Stefano},
  journal={International Conference on Learning Representation},
  year={2021}
}

@article{karras2022elucidating,
  title={Elucidating the design space of diffusion-based generative models},
  author={Karras, Tero and Aittala, Miika and Aila, Timo and Laine, Samuli},
  journal={Advances in neural information processing systems},
  volume={35},
  pages={26565--26577},
  year={2022}
}

@article{valevski2024diffusion,
  title={Diffusion Models Are Real-Time Game Engines},
  author={Valevski, Dani and Leviathan, Yaniv and Arar, Moab and Fruchter, Shlomi},
  journal={arXiv preprint arXiv:2408.14837},
  year={2024}
}

@article{salimans2022progressive,
  title={Progressive distillation for fast sampling of diffusion models},
  author={Salimans, Tim and Ho, Jonathan},
  journal={International Conference on Learning Representation},
  year={2022}
}

@inproceedings{meng2023distillation,
  title={On distillation of guided diffusion models},
  author={Meng, Chenlin and Rombach, Robin and Gao, Ruiqi and Kingma, Diederik and Ermon, Stefano and Ho, Jonathan and Salimans, Tim},
  booktitle={Proceedings of the IEEE/CVF Conference on Computer Vision and Pattern Recognition},
  pages={14297--14306},
  year={2023}
}

@inproceedings{song2023consistency,
  title={Consistency Models},
  author={Song, Yang and Dhariwal, Prafulla and Chen, Mark and Sutskever, Ilya},
  booktitle={International Conference on Machine Learning},
  pages={32211--32252},
  year={2023},
  organization={PMLR}
}

@article{song2023improved,
  title={Improved techniques for training consistency models},
  author={Song, Yang and Dhariwal, Prafulla},
  journal={International Conference on Learning Representation},
  year={2024}
}

@article{heek2024multistep,
  title={Multistep consistency models},
  author={Heek, Jonathan and Hoogeboom, Emiel and Salimans, Tim},
  journal={arXiv preprint arXiv:2403.06807},
  year={2024}
}

@article{chung2022diffusion,
  title={Diffusion posterior sampling for general noisy inverse problems},
  author={Chung, Hyungjin and Kim, Jeongsol and Mccann, Michael T and Klasky, Marc L and Ye, Jong Chul},
  journal={International Conference on Learning Representations},
  year={2023}
}

@article{xu2024consistency,
  title={Consistency Models Improve Diffusion Inverse Solvers},
  author={Xu, Tongda and Zhu, Ziran and He, Dailan and Wang, Yuanyuan and Sun, Ming and Li, Ning and Qin, Hongwei and Wang, Yan and Liu, Jingjing and Zhang, Ya-Qin},
  journal={arXiv preprint arXiv:2403.12063},
  year={2024}
}

@article{xu2024consistencymodeleffectiveposterior,
      title={Consistency Model is an Effective Posterior Sample Approximation for Diffusion Inverse Solvers}, 
      author={Tongda Xu and Ziran Zhu and Jian Li and Dailan He and Yuanyuan Wang and Ming Sun and Ling Li and Hongwei Qin and Yan Wang and Jingjing Liu and Ya-Qin Zhang},
      year={2024},
      journal={arxiv preprint arXiv:2403.12063},
      eprint={2403.12063},
      archivePrefix={arXiv},
      primaryClass={cs.CV},
}

@article{chi2024diffusionpolicy,
	author = {Cheng Chi and Zhenjia Xu and Siyuan Feng and Eric Cousineau and Yilun Du and Benjamin Burchfiel and Russ Tedrake and Shuran Song},
	title ={Diffusion Policy: Visuomotor Policy Learning via Action Diffusion},
	journal = {The International Journal of Robotics Research},
	year = {2024},
}

@article{tong2024learning,
  title={Learning to Discretize Denoising Diffusion {ODEs}},
  author={Tong, Vinh and Liu, Anji and Hoang, Trung-Dung and Broeck, Guy Van den and Niepert, Mathias},
  journal={arXiv preprint arXiv:2405.15506},
  year={2024}
}


@InProceedings{pmlr-v235-chen24bm,
  title = 	 {On the Trajectory Regularity of {ODE}-based Diffusion Sampling},
  author =       {Chen, Defang and Zhou, Zhenyu and Wang, Can and Shen, Chunhua and Lyu, Siwei},
  booktitle = 	 {Proceedings of the 41st International Conference on Machine Learning},
  pages = 	 {7905--7934},
  year = 	 {2024},
  editor = 	 {Salakhutdinov, Ruslan and Kolter, Zico and Heller, Katherine and Weller, Adrian and Oliver, Nuria and Scarlett, Jonathan and Berkenkamp, Felix},
  volume = 	 {235},
  series = 	 {Proceedings of Machine Learning Research},
  month = 	 {21--27 Jul},
  publisher =    {PMLR}
}

@InProceedings{sabour2024align,
title={Align Your Steps: Optimizing Sampling Schedules in Diffusion Models},
author={Amirmojtaba Sabour and Sanja Fidler and Karsten Kreis},
year={2024},
publisher={PMLR},
  volume = 	 {235},
  series = 	 {Proceedings of Machine Learning Research},
booktitle={Proceedings of the 41st International Conference on Machine Learning}
}

@article{watson2021learning,
  title={Learning to efficiently sample from diffusion probabilistic models},
  author={Watson, Daniel and Ho, Jonathan and Norouzi, Mohammad and Chan, William},
  journal={arXiv preprint arXiv:2106.03802},
  year={2021}
}

@article{lu2022dpmpp,
  title={Dpm-solver++: Fast solver for guided sampling of diffusion probabilistic models},
  author={Lu, Cheng and Zhou, Yuhao and Bao, Fan and Chen, Jianfei and Li, Chongxuan and Zhu, Jun},
  journal={arXiv preprint arXiv:2211.01095},
  year={2022}
}

@inproceedings{zhang2022fast,
title={Fast Sampling of Diffusion Models with Exponential Integrator},
author={Zhang, Qinsheng and Chen, Yongxin},
booktitle={International Conference on Learning Representations},
year={2023},
}

@article{lu2022dpm,
  title={Dpm-solver: A fast {ODE} solver for diffusion probabilistic model sampling in around 10 steps},
  author={Lu, Cheng and Zhou, Yuhao and Bao, Fan and Chen, Jianfei and Li, Chongxuan and Zhu, Jun},
  journal={Advances in Neural Information Processing Systems},
  volume={35},
  pages={5775--5787},
  year={2022}
}

@article{zhao2023unipc,
  title={{Unipc}: A unified predictor-corrector framework for fast sampling of diffusion models},
  author={Zhao, Wenliang and Bai, Lujia and Rao, Yongming and Zhou, Jie and Lu, Jiwen},
  journal={Advances in Neural Information Processing Systems},
  volume={36},
  pages={49842--49869},
  year={2023}
}

@inproceedings{liu2022pseudo,
    title={Pseudo Numerical Methods for Diffusion Models on Manifolds},
    author={Luping Liu and Yi Ren and Zhijie Lin and Zhou Zhao},
    booktitle={International Conference on Learning Representations},
    year={2022}
}

@article{zheng2023dpm,
  title={Dpm-solver-v3: Improved diffusion {ODE} solver with empirical model statistics},
  author={Zheng, Kaiwen and Lu, Cheng and Chen, Jianfei and Zhu, Jun},
  journal={Advances in Neural Information Processing Systems},
  volume={36},
  pages={55502--55542},
  year={2023}
}

@inproceedings{shaul2024bespoke,
  title={Bespoke non-stationary solvers for fast sampling of diffusion and flow models},
  author={Shaul, Neta and Singer, Uriel and Chen, Ricky TQ and Le, Matthew and Thabet, Ali and Pumarola, Albert and Lipman, Yaron},
  booktitle={Proceedings of the 41st International Conference on Machine Learning},
  pages={44603--44627},
  year={2024}
}

@inproceedings{xue2024accelerating,
  title={Accelerating diffusion sampling with optimized time steps},
  author={Xue, Shuchen and Liu, Zhaoqiang and Chen, Fei and Zhang, Shifeng and Hu, Tianyang and Xie, Enze and Li, Zhenguo},
  booktitle={Proceedings of the IEEE/CVF Conference on Computer Vision and Pattern Recognition},
  pages={8292--8301},
  year={2024}
}

@inproceedings{shaul2023bespoke,
    year={2024},
  title={Bespoke Solvers for Generative Flow Models},
  author={Shaul, Neta and Perez, Juan and Chen, Ricky TQ and Thabet, Ali and Pumarola, Albert and Lipman, Yaron},
  booktitle={The Twelfth International Conference on Learning Representations}
}

@inproceedings{zhou2024fast,
  title={Fast {ODE}-based sampling for diffusion models in around 5 steps},
  author={Zhou, Zhenyu and Chen, Defang and Wang, Can and Chen, Chun},
  booktitle={Proceedings of the IEEE/CVF Conference on Computer Vision and Pattern Recognition},
  pages={7777--7786},
  year={2024}
}

@inproceedings{zhan2023gaccelerating,
  title={On Accelerating Diffusion-Based Sampling Processes via Improved Integration Approximation},
  author={Zhang, Guoqiang and Niwa, Kenta and Kleijn, W Bastiaan},
  booktitle={The Twelfth International Conference on Learning Representations}
}

@inproceedings{liu2023unified,
  title={A unified sampling framework for solver searching of diffusion probabilistic models},
  author={Liu, Enshu and Ning, Xuefei and Yang, Huazhong and Wang, Yu},
  booktitle={The Twelfth International Conference on Learning Representations},
  year={2023}
}

@article{kingma2021variational,
  title={Variational diffusion models},
  author={Kingma, Diederik and Salimans, Tim and Poole, Ben and Ho, Jonathan},
  journal={Advances in neural information processing systems},
  volume={34},
  pages={21696--21707},
  year={2021}
}

@article{dockhorn2021score,
  title={Score-based generative modeling with critically-damped langevin diffusion},
  author={Dockhorn, Tim and Vahdat, Arash and Kreis, Karsten},
  journal={arXiv preprint arXiv:2112.07068},
  year={2021}
}

@article{hochbruck2010exponential,
  title={Exponential integrators},
  author={Hochbruck, Marlis and Ostermann, Alexander},
  journal={Acta Numerica},
  volume={19},
  pages={209--286},
  year={2010},
  publisher={Cambridge University Press}
}

@article{karras2024guiding,
  title={Guiding a Diffusion Model with a Bad Version of Itself},
  author={Karras, Tero and Aittala, Miika and Kynk{\"a}{\"a}nniemi, Tuomas and Lehtinen, Jaakko and Aila, Timo and Laine, Samuli},
  journal={arXiv preprint arXiv:2406.02507},
  year={2024}
}

@inproceedings{miyato2018spectral,
  title={Spectral Normalization for Generative Adversarial Networks},
  author={Miyato, Takeru and Kataoka, Toshiki and Koyama, Masanori and Yoshida, Yuichi},
  booktitle={International Conference on Learning Representations},
  year={2018}
}

@article{zhou2024simple,
  title={Simple and Fast Distillation of Diffusion Models},
  author={Zhou, Zhenyu and Chen, Defang and Wang, Can and Chen, Chun and Lyu, Siwei},
  journal={Advances in Neural Information Processing Systems},
  volume={37},
  pages={40831--40860},
  year={2025}
}


@article{lee2024truncated,
  title={Truncated Consistency Models},
  author={Lee, Sangyun and Xu, Yilun and Geffner, Tomas and Fanti, Giulia and Kreis, Karsten and Vahdat, Arash and Nie, Weili},
  journal={arXiv preprint arXiv:2410.14895},
  year={2024}
}


