@article{ben2010theory,
  title={A theory of learning from different domains},
  author={Ben-David, Shai and Blitzer, John and Crammer, Koby and Kulesza, Alex and Pereira, Fernando and Vaughan, Jennifer Wortman},
  journal={Machine learning},
  volume={79},
  pages={151--175},
  year={2010},
  publisher={Springer}
}

@inproceedings{finn2017model,
  title={Model-agnostic meta-learning for fast adaptation of deep networks},
  author={Finn, Chelsea and Abbeel, Pieter and Levine, Sergey},
  booktitle={International conference on machine learning},
  pages={1126--1135},
  year={2017},
  organization={PMLR}
}

@article{fu2021image,
  title={Image fusion based on generative adversarial network consistent with perception},
  author={Fu, Yu and Wu, Xiao-Jun and Durrani, Tariq},
  journal={Information Fusion},
  volume={72},
  pages={110--125},
  year={2021},
  publisher={Elsevier}
}

@article{gawlikowski2023handling,
  title={Handling unexpected inputs: incorporating source-wise out-of-distribution detection into SAR-optical data fusion for scene classification},
  author={Gawlikowski, Jakob and Saha, Sudipan and Niebling, Julia and Zhu, Xiao Xiang},
  journal={EURASIP Journal on Advances in Signal Processing},
  volume={2023},
  number={1},
  pages={47},
  year={2023},
  publisher={Springer}
}

@article{huang2023magan,
  title={MAGAN: Multiattention generative adversarial network for infrared and visible image fusion},
  author={Huang, Shuying and Song, Zixiang and Yang, Yong and Wan, Weiguo and Kong, Xiangkai},
  journal={IEEE Transactions on Instrumentation and Measurement},
  volume={72},
  pages={1--14},
  year={2023},
  publisher={IEEE}
}

@article{li2018densefuse,
  title={DenseFuse: A fusion approach to infrared and visible images},
  author={Li, Hui and Wu, Xiao-Jun},
  journal={IEEE Transactions on Image Processing},
  volume={28},
  number={5},
  pages={2614--2623},
  year={2018},
  publisher={IEEE}
}

@article{li2020attentionfgan,
  title={AttentionFGAN: Infrared and visible image fusion using attention-based generative adversarial networks},
  author={Li, Jing and Huo, Hongtao and Li, Chang and Wang, Renhua and Feng, Qi},
  journal={IEEE Transactions on Multimedia},
  volume={23},
  pages={1383--1396},
  year={2020},
  publisher={IEEE}
}

@article{li2021rfn,
  title={RFN-Nest: An end-to-end residual fusion network for infrared and visible images},
  author={Li, Hui and Wu, Xiao-Jun and Kittler, Josef},
  journal={Information Fusion},
  volume={73},
  pages={72--86},
  year={2021},
  publisher={Elsevier}
}

@article{liu2020bilevel,
  title={A bilevel integrated model with data-driven layer ensemble for multi-modality image fusion},
  author={Liu, Risheng and Liu, Jinyuan and Jiang, Zhiying and Fan, Xin and Luo, Zhongxuan},
  journal={IEEE Transactions on Image Processing},
  volume={30},
  pages={1261--1274},
  year={2020},
  publisher={IEEE}
}

@article{liu2021learning,
  title={Learning a deep multi-scale feature ensemble and an edge-attention guidance for image fusion},
  author={Liu, Jinyuan and Fan, Xin and Jiang, Ji and Liu, Risheng and Luo, Zhongxuan},
  journal={IEEE Transactions on Circuits and Systems for Video Technology},
  volume={32},
  number={1},
  pages={105--119},
  year={2021},
  publisher={IEEE}
}

@inproceedings{liu2022target,
  title={Target-aware dual adversarial learning and a multi-scenario multi-modality benchmark to fuse infrared and visible for object detection},
  author={Liu, Jinyuan and Fan, Xin and Huang, Zhanbo and Wu, Guanyao and Liu, Risheng and Zhong, Wei and Luo, Zhongxuan},
  booktitle={Proceedings of the IEEE/CVF conference on computer vision and pattern recognition},
  pages={5802--5811},
  year={2022}
}

@article{ma2019fusiongan,
  title={FusionGAN: A generative adversarial network for infrared and visible image fusion},
  author={Ma, Jiayi and Yu, Wei and Liang, Pengwei and Li, Chang and Jiang, Junjun},
  journal={Information fusion},
  volume={48},
  pages={11--26},
  year={2019},
  publisher={Elsevier}
}

@article{ma2022swinfusion,
  title={SwinFusion: Cross-domain long-range learning for general image fusion via swin transformer},
  author={Ma, Jiayi and Tang, Linfeng and Fan, Fan and Huang, Jun and Mei, Xiaoguang and Ma, Yong},
  journal={IEEE/CAA Journal of Automatica Sinica},
  volume={9},
  number={7},
  pages={1200--1217},
  year={2022},
  publisher={IEEE}
}

@article{pan2023understanding,
  title={Understanding the challenges when 3d semantic segmentation faces class imbalanced and ood data},
  author={Pan, Yancheng and Xie, Fan and Zhao, Huijing},
  journal={IEEE Transactions on Intelligent Transportation Systems},
  volume={24},
  number={7},
  pages={6955--6970},
  year={2023},
  publisher={IEEE}
}

@article{ren2021infrared,
  title={Infrared and visible image fusion based on variational auto-encoder and infrared feature compensation},
  author={Ren, Long and Pan, Zhibin and Cao, Jianzhong and Liao, Jiawen},
  journal={Infrared Physics \& Technology},
  volume={117},
  pages={103839},
  year={2021},
  publisher={Elsevier}
}

@inproceedings{sehwag2019analyzing,
  title={Analyzing the robustness of open-world machine learning},
  author={Sehwag, Vikash and Bhagoji, Arjun Nitin and Song, Liwei and Sitawarin, Chawin and Cullina, Daniel and Chiang, Mung and Mittal, Prateek},
  booktitle={Proceedings of the 12th ACM Workshop on Artificial Intelligence and Security},
  pages={105--116},
  year={2019}
}

@article{tang2022image,
  title={Image fusion in the loop of high-level vision tasks: A semantic-aware real-time infrared and visible image fusion network},
  author={Tang, Linfeng and Yuan, Jiteng and Ma, Jiayi},
  journal={Information Fusion},
  volume={82},
  pages={28--42},
  year={2022},
  publisher={Elsevier}
}

@article{tang2022ydtr,
  title={YDTR: Infrared and visible image fusion via Y-shape dynamic transformer},
  author={Tang, Wei and He, Fazhi and Liu, Yu},
  journal={IEEE Transactions on Multimedia},
  volume={25},
  pages={5413--5428},
  year={2022},
  publisher={IEEE}
}

@article{tang2023datfuse,
  title={DATFuse: Infrared and visible image fusion via dual attention transformer},
  author={Tang, Wei and He, Fazhi and Liu, Yu and Duan, Yansong and Si, Tongzhen},
  journal={IEEE Transactions on Circuits and Systems for Video Technology},
  volume={33},
  number={7},
  pages={3159--3172},
  year={2023},
  publisher={IEEE}
}

@article{tang2023tccfusion,
  title={TCCFusion: An infrared and visible image fusion method based on transformer and cross correlation},
  author={{Tang, Wei and He, Fazhi and Liu, Yu}},
  journal={Pattern Recognition},
  volume={137},
  pages={109295},
  year={2023},
  publisher={Elsevier}
}

@article{vaswani2017attention,
  title={Attention is all you need},
  author={Vaswani, Ashish and Shazeer, Noam and Parmar, Niki and Uszkoreit, Jakob and Jones, Llion and Gomez, Aidan N and Kaiser, {\L}ukasz and Polosukhin, Illia},
  journal={Advances in neural information processing systems},
  volume={30},
  year={2017}
}

@article{wang2022swinfuse,
  title={SwinFuse: A residual swin transformer fusion network for infrared and visible images},
  author={Wang, Zhishe and Chen, Yanlin and Shao, Wenyu and Li, Hui and Zhang, Lei},
  journal={IEEE Transactions on Instrumentation and Measurement},
  volume={71},
  pages={1--12},
  year={2022},
  publisher={IEEE}
}

@article{xian2024crose,
  title={CROSE: Low-light enhancement by CROss-SEnsor interaction for nighttime driving scenes},
  author={Xian, Xiaoyu and Zhou, Qi and Qin, Jinghui and Yang, Xiaojun and Tian, Yin and Shi, Yukai and Tian, Daxin},
  journal={Expert Systems with Applications},
  volume={248},
  pages={123470},
  year={2024},
  publisher={Elsevier}
}

@inproceedings{xu2019learning,
  title={Learning a Generative Model for Fusing Infrared and Visible Images via Conditional Generative Adversarial Network with Dual Discriminators.},
  author={Xu, Han and Liang, Pengwei and Yu, Wei and Jiang, Junjun and Ma, Jiayi},
  booktitle={IJCAI},
  pages={3954--3960},
  year={2019}
}

@article{yang2023reference,
  title={Reference-free low-light image enhancement by associating hierarchical wavelet representations},
  author={Yang, Xiaojun and Gong, Junhong and Wu, Lianpei and Yang, Zhijing and Shi, Yukai and Nie, Feiping},
  journal={Expert Systems with Applications},
  volume={213},
  pages={118920},
  year={2023},
  publisher={Elsevier}
}

@article{yao2023laplacian,
  title={Laplacian pyramid fusion network with hierarchical guidance for infrared and visible image fusion},
  author={Yao, Jiaxin and Zhao, Yongqiang and Bu, Yuanyang and Kong, Seong G and Chan, Jonathan Cheung-Wai},
  journal={IEEE Transactions on Circuits and Systems for Video Technology},
  volume={33},
  number={9},
  pages={4630--4644},
  year={2023},
  publisher={IEEE}
}

@article{yao2025color,
  title={Color-aware fusion of nighttime infrared and visible images},
  author={Yao, Jiaxin and Zhao, Yongqiang and Bu, Yuanyang and Kong, Seong G and Zhang, Xun},
  journal={Engineering Applications of Artificial Intelligence},
  volume={139},
  pages={109521},
  year={2025},
  publisher={Elsevier}
}

@article{zhang2020ifcnn,
  title={IFCNN: A general image fusion framework based on convolutional neural network},
  author={Zhang, Yu and Liu, Yu and Sun, Peng and Yan, Han and Zhao, Xiaolin and Zhang, Li},
  journal={Information Fusion},
  volume={54},
  pages={99--118},
  year={2020},
  publisher={Elsevier}
}

@article{zhang2021sdnet,
  title={SDNet: A versatile squeeze-and-decomposition network for real-time image fusion},
  author={Zhang, Hao and Ma, Jiayi},
  journal={International Journal of Computer Vision},
  volume={129},
  number={10},
  pages={2761--2785},
  year={2021},
  publisher={Springer}
}

@inproceedings{zhao2023cddfuse,
  title={Cddfuse: Correlation-driven dual-branch feature decomposition for multi-modality image fusion},
  author={Zhao, Zixiang and Bai, Haowen and Zhang, Jiangshe and Zhang, Yulun and Xu, Shuang and Lin, Zudi and Timofte, Radu and Van Gool, Luc},
  booktitle={Proceedings of the IEEE/CVF conference on computer vision and pattern recognition},
  pages={5906--5916},
  year={2023}
}

@article{zhou2022domain,
  title={Domain generalization: A survey},
  author={Zhou, Kaiyang and Liu, Ziwei and Qiao, Yu and Xiang, Tao and Loy, Chen Change},
  journal={IEEE Transactions on Pattern Analysis and Machine Intelligence},
  volume={45},
  number={4},
  pages={4396--4415},
  year={2022},
  publisher={IEEE}
}

