@article{xu2020u2fusion,
  title={U2Fusion: A unified unsupervised image fusion network},
  author={Xu, Han and Ma, Jiayi and Jiang, Junjun and Guo, Xiaojie and Ling, Haibin},
  journal={IEEE Transactions on Pattern Analysis and Machine Intelligence},
  volume={44},
  number={1},
  pages={502--518},
  year={2020},
  publisher={IEEE}
}

@article{ma2022swinfusion,
  title={SwinFusion: Cross-domain long-range learning for general image fusion via swin transformer},
  author={Ma, Jiayi and Tang, Linfeng and Fan, Fan and Huang, Jun and Mei, Xiaoguang and Ma, Yong},
  journal={IEEE/CAA Journal of Automatica Sinica},
  volume={9},
  number={7},
  pages={1200--1217},
  year={2022},
  publisher={IEEE}
}

@article{gao2022dcdr,
  title={DCDR-GAN: A densely connected disentangled representation generative adversarial network for infrared and visible image fusion},
  author={Gao, Yuan and Ma, Shiwei and Liu, Jingjing},
  journal={IEEE Transactions on Circuits and Systems for Video Technology},
  volume={33},
  number={2},
  pages={549--561},
  year={2022},
  publisher={IEEE}
}

@article{zhao2023tufusion,
  author={Zhao, Yangyang and Zheng, Qingchun and Zhu, Peihao and Zhang, Xu and Ma, Wenpeng},
  journal={IEEE Transactions on Circuits and Systems for Video Technology}, 
  title={TUFusion: A Transformer-Based Universal Fusion Algorithm for Multimodal Images}, 
  year={2024},
  volume={34},
  number={3},
  pages={1712-1725},
}


@article{zhou2024decoupled,
  title={Decoupled variational retinex for reconstruction and fusion of underwater shallow depth-of-field image with parallax and moving objects},
  author={Zhou, Jingchun and Wang, Shiyin and Zhang, Dehuan and Jiang, Qiuping and Jiang, Kui and Lin, Yi},
  journal={Information Fusion},
  pages={102494},
  year={2024},
  publisher={Elsevier}
}


@article{nie2020multi,
  title={Multi-source information exchange encoding with PCNN for medical image fusion},
  author={Nie, Rencan and Cao, Jinde and Zhou, Dongming and Qian, Wenhua},
  journal={IEEE Transactions on Circuits and Systems for Video Technology},
  volume={31},
  number={3},
  pages={986--1000},
  year={2020},
  publisher={IEEE}
}

@article{mu2023learning,
  title={Learning to Search a Lightweight Generalized Network for Medical Image Fusion},
  author={Mu, Pan and Wu, Guanyao and Liu, Jinyuan and Zhang, Yuduo and Fan, Xin and Liu, Risheng},
  journal={IEEE Transactions on Circuits and Systems for Video Technology},
  year={2023},
  publisher={IEEE}
}

@article{li2022learning,
  title={Learning a coordinated network for detail-refinement multiexposure image fusion},
  author={Li, Jiawei and Liu, Jinyuan and Zhou, Shihua and Zhang, Qiang and Kasabov, Nikola K},
  journal={IEEE Transactions on Circuits and Systems for Video Technology},
  volume={33},
  number={2},
  pages={713--727},
  year={2022},
  publisher={IEEE}
}

@inproceedings{qu2022transmef,
  title={Transmef: A transformer-based multi-exposure image fusion framework using self-supervised multi-task learning},
  author={Qu, Linhao and Liu, Shaolei and Wang, Manning and Song, Zhijian},
  booktitle={Proceedings of the AAAI conference on artificial intelligence},
  volume={36},
  number={2},
  pages={2126--2134},
  year={2022}
}

@article{qiao2023boosting,
  title={Boosting Robust Multi-focus Image Fusion with Frequency Mask and Hyperdimensional Computing},
  author={Qiao, Lihong and Wu, Shixin and Xiao, Bin and Shu, Yucheng and Luan, Xiao and Lu, Sicheng and Li, Weisheng and Gao, Xinbo},
  journal={IEEE Transactions on Circuits and Systems for Video Technology},
  year={2023},
  publisher={IEEE}
}

@inproceedings{bandara2022hypertransformer,
  title={Hypertransformer: A textural and spectral feature fusion transformer for pansharpening},
  author={Bandara, Wele Gedara Chaminda and Patel, Vishal M},
  booktitle={Proceedings of the IEEE/CVF conference on computer vision and pattern recognition},
  pages={1767--1777},
  year={2022}
}

@article{roy2023multimodal,
  title={Multimodal fusion transformer for remote sensing image classification},
  author={Roy, Swalpa Kumar and Deria, Ankur and Hong, Danfeng and Rasti, Behnood and Plaza, Antonio and Chanussot, Jocelyn},
  journal={IEEE Transactions on Geoscience and Remote Sensing},
  volume={61},
  pages={1--20},
  year={2023},
  publisher={IEEE}
}

@article{wu2023dcfusion,
  title={DCFusion: A dual-frequency cross-enhanced fusion network for infrared and visible image fusion},
  author={Wu, Dan and Han, Mina and Yang, Yang and Zhao, Shan and Rao, Yujing and Li, Hao and Lin, Xing and Zhou, Chengjiang and Bai, Haicheng},
  journal={IEEE Transactions on Instrumentation and Measurement},
  volume={72},
  pages={1--15},
  year={2023},
  publisher={IEEE}
}

@article{zhang2023visible,
  title={Visible and infrared image fusion using deep learning},
  author={Zhang, Xingchen and Demiris, Yiannis},
  journal={IEEE Transactions on Pattern Analysis and Machine Intelligence},
  volume={45},
  number={8},
  pages={10535--10554},
  year={2023},
  publisher={IEEE}
}

@inproceedings{braso2020learning,
  title={Learning a neural solver for multiple object tracking},
  author={Bras{\'o}, Guillem and Leal-Taix{\'e}, Laura},
  booktitle={Proceedings of the IEEE/CVF conference on computer vision and pattern recognition},
  pages={6247--6257},
  year={2020}
}

@article{bhatnagar2015novel,
  title={A novel image fusion framework for night-vision navigation and surveillance},
  author={Bhatnagar, Gaurav and Liu, Zheng},
  journal={Signal, Image and Video Processing},
  volume={9},
  pages={165--175},
  year={2015},
  publisher={Springer}
}

@article{paramanandham2018infrared,
  title={Infrared and visible image fusion using discrete cosine transform and swarm intelligence for surveillance applications},
  author={Paramanandham, Nirmala and Rajendiran, Kishore},
  journal={Infrared Physics \& Technology},
  volume={88},
  pages={13--22},
  year={2018},
  publisher={Elsevier}
}

@article{li2020ivfusenet,
  title={IVFuseNet: Fusion of infrared and visible light images for depth prediction},
  author={Li, Yuqi and Zhao, Haitao and Hu, Zhengwei and Wang, Qianqian and Chen, Yuru},
  journal={Information Fusion},
  volume={58},
  pages={1--12},
  year={2020},
  publisher={Elsevier}
}

@article{wang2021cgfnet,
  title={CGFNet: Cross-guided fusion network for RGB-T salient object detection},
  author={Wang, Jie and Song, Kechen and Bao, Yanqi and Huang, Liming and Yan, Yunhui},
  journal={IEEE Transactions on Circuits and Systems for Video Technology},
  volume={32},
  number={5},
  pages={2949--2961},
  year={2021},
  publisher={IEEE}
}

@article{zhou2021ecffnet,
  title={ECFFNet: Effective and consistent feature fusion network for RGB-T salient object detection},
  author={Zhou, Wujie and Guo, Qinling and Lei, Jingsheng and Yu, Lu and Hwang, Jenq-Neng},
  journal={IEEE Transactions on Circuits and Systems for Video Technology},
  volume={32},
  number={3},
  pages={1224--1235},
  year={2021},
  publisher={IEEE}
}


@article{li2011performance,
  title={Performance comparison of different multi-resolution transforms for image fusion},
  author={Li, Shutao and Yang, Bin and Hu, Jianwen},
  journal={Information Fusion},
  volume={12},
  number={2},
  pages={74--84},
  year={2011},
  publisher={Elsevier}
}

@article{liu2016image,
  title={Image fusion with convolutional sparse representation},
  author={Liu, Yu and Chen, Xun and Ward, Rabab K and Wang, Z Jane},
  journal={IEEE signal processing letters},
  volume={23},
  number={12},
  pages={1882--1886},
  year={2016},
  publisher={IEEE}
}

@article{zong2017medical,
  title={Medical image fusion based on sparse representation of classified image patches},
  author={Zong, Jing-jing and Qiu, Tian-shuang},
  journal={Biomedical Signal Processing and Control},
  volume={34},
  pages={195--205},
  year={2017},
  publisher={Elsevier}
}

@article{xing2021hyperspectral,
  title={Hyperspectral and multispectral image fusion via variational tensor subspace decomposition},
  author={Xing, Yinghui and Zhang, Yan and Yang, Shuyuan and Zhang, Yanning},
  journal={IEEE Geoscience and Remote Sensing Letters},
  volume={19},
  pages={1--5},
  year={2021},
  publisher={IEEE}
}

@inproceedings{xu2020fusiondn,
  title={Fusiondn: A unified densely connected network for image fusion},
  author={Xu, Han and Ma, Jiayi and Le, Zhuliang and Jiang, Junjun and Guo, Xiaojie},
  booktitle={Proceedings of the AAAI conference on artificial intelligence},
  volume={34},
  number={07},
  pages={12484--12491},
  year={2020}
}

@article{liu2020bilevel,
  title={A bilevel integrated model with data-driven layer ensemble for multi-modality image fusion},
  author={Liu, Risheng and Liu, Jinyuan and Jiang, Zhiying and Fan, Xin and Luo, Zhongxuan},
  journal={IEEE Transactions on Image Processing},
  volume={30},
  pages={1261--1274},
  year={2020},
  publisher={IEEE}
}

@article{li2018densefuse,
  title={DenseFuse: A fusion approach to infrared and visible images},
  author={Li, Hui and Wu, Xiao-Jun},
  journal={IEEE Transactions on Image Processing},
  volume={28},
  number={5},
  pages={2614--2623},
  year={2018},
  publisher={IEEE}
}

@article{li2021rfn,
  title={RFN-Nest: An end-to-end residual fusion network for infrared and visible images},
  author={Li, Hui and Wu, Xiao-Jun and Kittler, Josef},
  journal={Information Fusion},
  volume={73},
  pages={72--86},
  year={2021},
  publisher={Elsevier}
}

@article{zhang2020ifcnn,
  title={IFCNN: A general image fusion framework based on convolutional neural network},
  author={Zhang, Yu and Liu, Yu and Sun, Peng and Yan, Han and Zhao, Xiaolin and Zhang, Li},
  journal={Information Fusion},
  volume={54},
  pages={99--118},
  year={2020},
  publisher={Elsevier}
}

@article{zhang2021sdnet,
  title={SDNet: A versatile squeeze-and-decomposition network for real-time image fusion},
  author={Zhang, Hao and Ma, Jiayi},
  journal={International Journal of Computer Vision},
  volume={129},
  number={10},
  pages={2761--2785},
  year={2021},
  publisher={Springer}
}

@article{ma2020infrared,
  title={Infrared and visible image fusion via detail preserving adversarial learning},
  author={Ma, Jiayi and Liang, Pengwei and Yu, Wei and Chen, Chen and Guo, Xiaojie and Wu, Jia and Jiang, Junjun},
  journal={Information Fusion},
  volume={54},
  pages={85--98},
  year={2020},
  publisher={Elsevier}
}

@article{yang2021infrared,
  title={Infrared and visible image fusion via texture conditional generative adversarial network},
  author={Yang, Yong and Liu, Jiaxiang and Huang, Shuying and Wan, Weiguo and Wen, Wenying and Guan, Juwei},
  journal={IEEE Transactions on Circuits and Systems for Video Technology},
  volume={31},
  number={12},
  pages={4771--4783},
  year={2021},
  publisher={IEEE}
}

@inproceedings{zhao2023cddfuse,
  title={Cddfuse: Correlation-driven dual-branch feature decomposition for multi-modality image fusion},
  author={Zhao, Zixiang and Bai, Haowen and Zhang, Jiangshe and Zhang, Yulun and Xu, Shuang and Lin, Zudi and Timofte, Radu and Van Gool, Luc},
  booktitle={Proceedings of the IEEE/CVF conference on computer vision and pattern recognition},
  pages={5906--5916},
  year={2023}
}

@article{jiang2024mutual,
  title={Mutual retinex: Combining transformer and cnn for image enhancement},
  author={Jiang, Kui and Wang, Qiong and An, Zhaoyi and Wang, Zheng and Zhang, Cong and Lin, Chia-Wen},
  journal={IEEE Transactions on Emerging Topics in Computational Intelligence},
  year={2024},
  publisher={IEEE}
}

@article{li2022deep,
  title={Deep ranking exemplar-based dynamic scene deblurring},
  author={Li, Yaowei and Pan, Jinshan and Luo, Ye and Lu, Jianwei},
  journal={IEEE Transactions on Image Processing},
  volume={31},
  pages={2245--2256},
  year={2022},
  publisher={IEEE}
}

@inproceedings{chen2023learning,
  title={Learning a sparse transformer network for effective image deraining},
  author={Chen, Xiang and Li, Hao and Li, Mingqiang and Pan, Jinshan},
  booktitle={Proceedings of the IEEE/CVF Conference on Computer Vision and Pattern Recognition},
  pages={5896--5905},
  year={2023}
}

@article{chen2024towards,
  title={Towards Ultra-High-Definition Image Deraining: A Benchmark and An Efficient Method},
  author={Chen, Hongming and Chen, Xiang and Wu, Chen and Zheng, Zhuoran and Pan, Jinshan and Fu, Xianping},
  journal={arXiv preprint arXiv:2405.17074},
  year={2024}
}

@article{xiao2024ttst,
  title={TTST: A top-k token selective transformer for remote sensing image super-resolution},
  author={Xiao, Yi and Yuan, Qiangqiang and Jiang, Kui and He, Jiang and Lin, Chia-Wen and Zhang, Liangpei},
  journal={IEEE Transactions on Image Processing},
  year={2024},
  publisher={IEEE}
}

@article{tang2022image,
  title={Image fusion in the loop of high-level vision tasks: A semantic-aware real-time infrared and visible image fusion network},
  author={Tang, Linfeng and Yuan, Jiteng and Ma, Jiayi},
  journal={Information Fusion},
  volume={82},
  pages={28--42},
  year={2022},
  publisher={Elsevier}
}

@article{fu2021image,
  title={Image fusion based on generative adversarial network consistent with perception},
  author={Fu, Yu and Wu, Xiao-Jun and Durrani, Tariq},
  journal={Information Fusion},
  volume={72},
  pages={110--125},
  year={2021},
  publisher={Elsevier}
}

@inproceedings{liu2022target,
  title={Target-aware dual adversarial learning and a multi-scenario multi-modality benchmark to fuse infrared and visible for object detection},
  author={Liu, Jinyuan and Fan, Xin and Huang, Zhanbo and Wu, Guanyao and Liu, Risheng and Zhong, Wei and Luo, Zhongxuan},
  booktitle={Proceedings of the IEEE/CVF conference on computer vision and pattern recognition},
  pages={5802--5811},
  year={2022}
}

@article{ma2019fusiongan,
  title={FusionGAN: A generative adversarial network for infrared and visible image fusion},
  author={Ma, Jiayi and Yu, Wei and Liang, Pengwei and Li, Chang and Jiang, Junjun},
  journal={Information fusion},
  volume={48},
  pages={11--26},
  year={2019},
  publisher={Elsevier}
}

@inproceedings{xu2019learning,
  title={Learning a Generative Model for Fusing Infrared and Visible Images via Conditional Generative Adversarial Network with Dual Discriminators.},
  author={Xu, Han and Liang, Pengwei and Yu, Wei and Jiang, Junjun and Ma, Jiayi},
  booktitle={IJCAI},
  pages={3954--3960},
  year={2019}
}

@article{huang2023magan,
  title={MAGAN: Multiattention generative adversarial network for infrared and visible image fusion},
  author={Huang, Shuying and Song, Zixiang and Yang, Yong and Wan, Weiguo and Kong, Xiangkai},
  journal={IEEE Transactions on Instrumentation and Measurement},
  volume={72},
  pages={1--14},
  year={2023},
  publisher={IEEE}
}

@article{li2020attentionfgan,
  title={AttentionFGAN: Infrared and visible image fusion using attention-based generative adversarial networks},
  author={Li, Jing and Huo, Hongtao and Li, Chang and Wang, Renhua and Feng, Qi},
  journal={IEEE Transactions on Multimedia},
  volume={23},
  pages={1383--1396},
  year={2020},
  publisher={IEEE}
}



@article{vaswani2017attention,
  title={Attention is all you need},
  author={Vaswani, Ashish and Shazeer, Noam and Parmar, Niki and Uszkoreit, Jakob and Jones, Llion and Gomez, Aidan N and Kaiser, {\L}ukasz and Polosukhin, Illia},
  journal={Advances in neural information processing systems},
  volume={30},
  year={2017}
}

@article{wang2022swinfuse,
  title={SwinFuse: A residual swin transformer fusion network for infrared and visible images},
  author={Wang, Zhishe and Chen, Yanlin and Shao, Wenyu and Li, Hui and Zhang, Lei},
  journal={IEEE Transactions on Instrumentation and Measurement},
  volume={71},
  pages={1--12},
  year={2022},
  publisher={IEEE}
}

@article{tang2022ydtr,
  title={YDTR: Infrared and visible image fusion via Y-shape dynamic transformer},
  author={Tang, Wei and He, Fazhi and Liu, Yu},
  journal={IEEE Transactions on Multimedia},
  volume={25},
  pages={5413--5428},
  year={2022},
  publisher={IEEE}
}

@article{tang2023tccfusion,
  title={TCCFusion: An infrared and visible image fusion method based on transformer and cross correlation},
  author={{Tang, Wei and He, Fazhi and Liu, Yu}},
  journal={Pattern Recognition},
  volume={137},
  pages={109295},
  year={2023},
  publisher={Elsevier}
}


@article{tang2023datfuse,
  title={DATFuse: Infrared and visible image fusion via dual attention transformer},
  author={Tang, Wei and He, Fazhi and Liu, Yu and Duan, Yansong and Si, Tongzhen},
  journal={IEEE Transactions on Circuits and Systems for Video Technology},
  volume={33},
  number={7},
  pages={3159--3172},
  year={2023},
  publisher={IEEE}
}

@article{tang2023divfusion,
  title={DIVFusion: Darkness-free infrared and visible image fusion},
  author={Tang, Linfeng and Xiang, Xinyu and Zhang, Hao and Gong, Meiqi and Ma, Jiayi},
  journal={Information Fusion},
  volume={91},
  pages={477--493},
  year={2023},
  publisher={Elsevier}
}

@article{yue2023dif,
  title={Dif-fusion: Towards high color fidelity in infrared and visible image fusion with diffusion models},
  author={Yue, Jun and Fang, Leyuan and Xia, Shaobo and Deng, Yue and Ma, Jiayi},
  journal={IEEE Transactions on Image Processing},
  year={2023},
  publisher={IEEE}
}

@inproceedings{meng2024comofusion,
  title={CoMoFusion: Fast and High-Quality Fusion of Infrared and Visible Image with Consistency Model},
  author={Meng, Zhiming and Li, Hui and Zhang, Zeyang and Shen, Zhongwei and Yu, Yunlong and Song, Xiaoning and Wu, Xiaojun},
  booktitle={Chinese Conference on Pattern Recognition and Computer Vision (PRCV)},
  pages={539--553},
  year={2024},
  organization={Springer}
}

@article{chen2024lenfusion,
  title={LENFusion: A Joint Low-Light Enhancement and Fusion Network for Nighttime Infrared and Visible Image Fusion},
  author={Chen, Jun and Yang, Liling and Liu, Wei and Tian, Xin and Ma, Jiayi},
  journal={IEEE Transactions on Instrumentation and Measurement},
  year={2024},
  publisher={IEEE}
}

@article{yao2024navigating,
  title={Navigating Uncertainty: Semantic-Powered Image Enhancement and Fusion},
  author={Yao, Jiaxin and Zhao, Yongqiang and Kong, Seong G and Zhang, Xun},
  journal={IEEE Signal Processing Letters},
  year={2024},
  publisher={IEEE}
}

@article{ren2021infrared,
  title={Infrared and visible image fusion based on variational auto-encoder and infrared feature compensation},
  author={Ren, Long and Pan, Zhibin and Cao, Jianzhong and Liao, Jiawen},
  journal={Infrared Physics \& Technology},
  volume={117},
  pages={103839},
  year={2021},
  publisher={Elsevier}
}

@article{liu2021learning,
  title={Learning a deep multi-scale feature ensemble and an edge-attention guidance for image fusion},
  author={Liu, Jinyuan and Fan, Xin and Jiang, Ji and Liu, Risheng and Luo, Zhongxuan},
  journal={IEEE Transactions on Circuits and Systems for Video Technology},
  volume={32},
  number={1},
  pages={105--119},
  year={2021},
  publisher={IEEE}
}

@inproceedings{ZhaoDIDFuse2020,
  author    = {Zixiang Zhao and
               Shuang Xu and
               Chunxia Zhang and
               Junmin Liu and
               Jiangshe Zhang and
               Pengfei Li},
  title     = {DIDFuse: Deep Image Decomposition for Infrared and Visible Image Fusion},
  booktitle = {{IJCAI}},
  pages     = {970--976},
  publisher = {ijcai.org},
  year      = {2020}
}

@inproceedings{huang2022reconet,
  title={Reconet: Recurrent correction network for fast and efficient multi-modality image fusion},
  author={Huang, Zhanbo and Liu, Jinyuan and Fan, Xin and Liu, Risheng and Zhong, Wei and Luo, Zhongxuan},
  booktitle={European conference on computer Vision},
  pages={539--555},
  year={2022},
  organization={Springer}
}

@inproceedings{liang2022fusion,
  title={Fusion from decomposition: A self-supervised decomposition approach for image fusion},
  author={Liang, Pengwei and Jiang, Junjun and Liu, Xianming and Ma, Jiayi},
  booktitle={European Conference on Computer Vision},
  pages={719--735},
  year={2022},
  organization={Springer}
}

@article{tang2022piafusion,
  title={PIAFusion: A progressive infrared and visible image fusion network based on illumination aware},
  author={Tang, Linfeng and Yuan, Jiteng and Zhang, Hao and Jiang, Xingyu and Ma, Jiayi},
  journal={Information Fusion},
  volume={83},
  pages={79--92},
  year={2022},
  publisher={Elsevier}
}

@inproceedings{miller2021accuracy,
  title={Accuracy on the line: on the strong correlation between out-of-distribution and in-distribution generalization},
  author={Miller, John P and Taori, Rohan and Raghunathan, Aditi and Sagawa, Shiori and Koh, Pang Wei and Shankar, Vaishaal and Liang, Percy and Carmon, Yair and Schmidt, Ludwig},
  booktitle={International conference on machine learning},
  pages={7721--7735},
  year={2021},
  organization={PMLR}
}

@inproceedings{
hendrycks2018benchmarking,
title={Benchmarking Neural Network Robustness to Common Corruptions and Perturbations},
author={Dan Hendrycks and Thomas Dietterich},
booktitle={International Conference on Learning Representations},
year={2019},
}

@inproceedings{sehwag2019analyzing,
  title={Analyzing the robustness of open-world machine learning},
  author={Sehwag, Vikash and Bhagoji, Arjun Nitin and Song, Liwei and Sitawarin, Chawin and Cullina, Daniel and Chiang, Mung and Mittal, Prateek},
  booktitle={Proceedings of the 12th ACM Workshop on Artificial Intelligence and Security},
  pages={105--116},
  year={2019}
}

@article{koopman2017autonomous,
  title={Autonomous vehicle safety: An interdisciplinary challenge},
  author={Koopman, Philip and Wagner, Michael},
  journal={IEEE Intelligent Transportation Systems Magazine},
  volume={9},
  number={1},
  pages={90--96},
  year={2017},
  publisher={IEEE}
}

@article{pan2023understanding,
  title={Understanding the challenges when 3d semantic segmentation faces class imbalanced and ood data},
  author={Pan, Yancheng and Xie, Fan and Zhao, Huijing},
  journal={IEEE Transactions on Intelligent Transportation Systems},
  volume={24},
  number={7},
  pages={6955--6970},
  year={2023},
  publisher={IEEE}
}

@article{zhou2022domain,
  title={Domain generalization: A survey},
  author={Zhou, Kaiyang and Liu, Ziwei and Qiao, Yu and Xiang, Tao and Loy, Chen Change},
  journal={IEEE Transactions on Pattern Analysis and Machine Intelligence},
  volume={45},
  number={4},
  pages={4396--4415},
  year={2022},
  publisher={IEEE}
}


@article{ben2010theory,
  title={A theory of learning from different domains},
  author={Ben-David, Shai and Blitzer, John and Crammer, Koby and Kulesza, Alex and Pereira, Fernando and Vaughan, Jennifer Wortman},
  journal={Machine learning},
  volume={79},
  pages={151--175},
  year={2010},
  publisher={Springer}
}

@inproceedings{finn2017model,
  title={Model-agnostic meta-learning for fast adaptation of deep networks},
  author={Finn, Chelsea and Abbeel, Pieter and Levine, Sergey},
  booktitle={International conference on machine learning},
  pages={1126--1135},
  year={2017},
  organization={PMLR}
}

@article{gawlikowski2023handling,
  title={Handling unexpected inputs: incorporating source-wise out-of-distribution detection into SAR-optical data fusion for scene classification},
  author={Gawlikowski, Jakob and Saha, Sudipan and Niebling, Julia and Zhu, Xiao Xiang},
  journal={EURASIP Journal on Advances in Signal Processing},
  volume={2023},
  number={1},
  pages={47},
  year={2023},
  publisher={Springer}
}

@inproceedings{liu2023data,
  title={A data-centric solution to nonhomogeneous dehazing via vision transformer},
  author={Liu, Yangyi and Liu, Huan and Li, Liangyan and Wu, Zijun and Chen, Jun},
  booktitle={Proceedings of the IEEE/CVF Conference on Computer Vision and Pattern Recognition},
  pages={1406--1415},
  year={2023}
}

@article{bai2022msr,
  title={MSR: Making Self-supervised learning Robust to Aggressive Augmentations},
  author={Bai, Yingbin and Yang, Erkun and Wang, Zhaoqing and Du, Yuxuan and Han, Bo and Deng, Cheng and Wang, Dadong and Liu, Tongliang},
  journal={arXiv preprint arXiv:2206.01999},
  year={2022}
}

@inproceedings{zamir2022restormer,
  title={Restormer: Efficient transformer for high-resolution image restoration},
  author={Zamir, Syed Waqas and Arora, Aditya and Khan, Salman and Hayat, Munawar and Khan, Fahad Shahbaz and Yang, Ming-Hsuan},
  booktitle={Proceedings of the IEEE/CVF conference on computer vision and pattern recognition},
  pages={5728--5739},
  year={2022}
}

@article{toet2017tno,
  title={The TNO multiband image data collection},
  author={Toet, Alexander},
  journal={Data in brief},
  volume={15},
  pages={249--251},
  year={2017},
  publisher={Elsevier}
}

@article{shi2024nitedr,
  title={NiteDR: Nighttime Image De-Raining with Cross-View Sensor Cooperative Learning for Dynamic Driving Scenes},
  author={Shi, Cidan and Fang, Lihuang and Wu, Han and Xian, Xiaoyu and Shi, Yukai and Lin, Liang},
  journal={IEEE Transactions on Multimedia},
  year={2024},
  publisher={IEEE}
}
@article{yao2025color,
  title={Color-aware fusion of nighttime infrared and visible images},
  author={Yao, Jiaxin and Zhao, Yongqiang and Bu, Yuanyang and Kong, Seong G and Zhang, Xun},
  journal={Engineering Applications of Artificial Intelligence},
  volume={139},
  pages={109521},
  year={2025},
  publisher={Elsevier}
}
@article{yao2023laplacian,
  title={Laplacian pyramid fusion network with hierarchical guidance for infrared and visible image fusion},
  author={Yao, Jiaxin and Zhao, Yongqiang and Bu, Yuanyang and Kong, Seong G and Chan, Jonathan Cheung-Wai},
  journal={IEEE Transactions on Circuits and Systems for Video Technology},
  volume={33},
  number={9},
  pages={4630--4644},
  year={2023},
  publisher={IEEE}
}
@article{xian2024crose,
  title={CROSE: Low-light enhancement by CROss-SEnsor interaction for nighttime driving scenes},
  author={Xian, Xiaoyu and Zhou, Qi and Qin, Jinghui and Yang, Xiaojun and Tian, Yin and Shi, Yukai and Tian, Daxin},
  journal={Expert Systems with Applications},
  volume={248},
  pages={123470},
  year={2024},
  publisher={Elsevier}
}
@article{yang2023reference,
  title={Reference-free low-light image enhancement by associating hierarchical wavelet representations},
  author={Yang, Xiaojun and Gong, Junhong and Wu, Lianpei and Yang, Zhijing and Shi, Yukai and Nie, Feiping},
  journal={Expert Systems with Applications},
  volume={213},
  pages={118920},
  year={2023},
  publisher={Elsevier}
}