@article{bengio2021flow,
  title={Flow network based generative models for non-iterative diverse candidate generation},
  author={Bengio, Emmanuel and Jain, Moksh and Korablyov, Maksym and Precup, Doina and Bengio, Yoshua},
  journal={Advances in Neural Information Processing Systems},
  volume={34},
  pages={27381--27394},
  year={2021}
}

@article{bengio2023gflownet,
  title={Gflownet foundations},
  author={Bengio, Yoshua and Lahlou, Salem and Deleu, Tristan and Hu, Edward J and Tiwari, Mo and Bengio, Emmanuel},
  journal={The Journal of Machine Learning Research},
  volume={24},
  number={1},
  pages={10006--10060},
  year={2023},
  publisher={JMLRORG}
}

@inproceedings{blacktraining,
  title={Training Diffusion Models with Reinforcement Learning},
  author={Black, Kevin and Janner, Michael and Du, Yilun and Kostrikov, Ilya and Levine, Sergey},
  year={2024},
  booktitle={The Twelfth International Conference on Learning Representations}
}

@inproceedings{clarkdirectly,
  title={Directly Fine-Tuning Diffusion Models on Differentiable Rewards},
  author={Clark, Kevin and Vicol, Paul and Swersky, Kevin and Fleet, David J},
  booktitle={The Twelfth International Conference on Learning Representations},
  year={2024}
}

@article{fan2024reinforcement,
  title={Reinforcement learning for fine-tuning text-to-image diffusion models},
  author={Fan, Ying and Watkins, Olivia and Du, Yuqing and Liu, Hao and Ryu, Moonkyung and Boutilier, Craig and Abbeel, Pieter and Ghavamzadeh, Mohammad and Lee, Kangwook and Lee, Kimin},
  journal={Advances in Neural Information Processing Systems},
  volume={36},
  year={2024}
}

@article{hao2024optimizing,
  title={Optimizing prompts for text-to-image generation},
  author={Hao, Yaru and Chi, Zewen and Dong, Li and Wei, Furu},
  journal={Advances in Neural Information Processing Systems},
  volume={36},
  year={2024}
}

@article{he2024looking,
  title={Looking Backward: Retrospective Backward Synthesis for Goal-Conditioned GFlowNets},
  author={He, Haoran and Chang, Can and Xu, Huazhe and Pan, Ling},
  journal={arXiv preprint arXiv:2406.01150},
  year={2024}
}

@inproceedings{huamortizing,
  title={Amortizing intractable inference in large language models},
  author={Hu, Edward J and Jain, Moksh and Elmoznino, Eric and Kaddar, Younesse and Lajoie, Guillaume and Bengio, Yoshua and Malkin, Nikolay},
  booktitle={The Twelfth International Conference on Learning Representations},
  year={2024}
}

@inproceedings{kimlocal,
  title={Local Search GFlowNets},
  author={Kim, Minsu and Yun, Taeyoung and Bengio, Emmanuel and Zhang, Dinghuai and Bengio, Yoshua and Ahn, Sungsoo and Park, Jinkyoo},
  booktitle={The Twelfth International Conference on Learning Representations}
}

@inproceedings{lau2024qgfn,
  title={Qgfn: Controllable greediness with action values},
  author={Lau, Elaine and Lu, Stephen Zhewen and Pan, Ling and Precup, Doina and Bengio, Emmanuel},
  booktitle={Advances in neural information processing systems},
  year={2024}
}

@article{lee2024learning,
  title={Learning diverse attacks on large language models for robust red-teaming and safety tuning},
  author={Lee, Seanie and Kim, Minsu and Cherif, Lynn and Dobre, David and Lee, Juho and Hwang, Sung Ju and Kawaguchi, Kenji and Gidel, Gauthier and Bengio, Yoshua and Malkin, Nikolay and others},
  journal={arXiv preprint arXiv:2405.18540},
  year={2024}
}

@misc{liu2024efficientdiversitypreservingdiffusionalignment,
      title={Efficient Diversity-Preserving Diffusion Alignment via Gradient-Informed GFlowNets}, 
      author={Zhen Liu and Tim Z. Xiao and Weiyang Liu and Yoshua Bengio and Dinghuai Zhang},
      year={2024},
      eprint={2412.07775},
      archivePrefix={arXiv},
      primaryClass={cs.LG},
      url={https://arxiv.org/abs/2412.07775}, 
}

@article{ouyang2022training,
  title={Training language models to follow instructions with human feedback},
  author={Ouyang, Long and Wu, Jeffrey and Jiang, Xu and Almeida, Diogo and Wainwright, Carroll and Mishkin, Pamela and Zhang, Chong and Agarwal, Sandhini and Slama, Katarina and Ray, Alex and others},
  journal={Advances in neural information processing systems},
  volume={35},
  pages={27730--27744},
  year={2022}
}

@inproceedings{pan2023generative,
  title={Generative Augmented Flow Networks},
  author={Pan, Ling and Zhang, Dinghuai and Courville, Aaron and Huang, Longbo and Bengio, Yoshua},
  booktitle={The Eleventh International Conference on Learning Representations},
  year={2023},
}

@inproceedings{pan2023stochastic,
  title={Stochastic generative flow networks},
  author={Pan, Ling and Zhang, Dinghuai and Jain, Moksh and Huang, Longbo and Bengio, Yoshua},
  booktitle={Uncertainty in Artificial Intelligence},
  pages={1628--1638},
  year={2023},
  organization={PMLR}
}

@inproceedings{pan2024pre,
  title={Pre-Training and Fine-Tuning Generative Flow Networks},
  author={Pan, Ling and Jain, Moksh and Madan, Kanika and Bengio, Yoshua},
  booktitle={The Twelfth International Conference on Learning Representations},
  year={2024}
}

@article{prabhudesai2023aligning,
  title={Aligning text-to-image diffusion models with reward backpropagation},
  author={Prabhudesai, Mihir and Goyal, Anirudh and Pathak, Deepak and Fragkiadaki, Katerina},
  journal={arXiv preprint arXiv:2310.03739},
  year={2023}
}

@article{ramesh2022hierarchical,
  title={Hierarchical Text-Conditional Image Generation with CLIP Latents},
  author={Ramesh, Aditya and Dhariwal, Prafulla and Nichol, Alex and Chu, Casey and Chen, Mark},
  journal={arXiv preprint arXiv:2204.06125},
  year={2022}
}

@article{saharia2022photorealistic,
  title={Photorealistic text-to-image diffusion models with deep language understanding},
  author={Saharia, Chitwan and Chan, William and Saxena, Saurabh and Li, Lala and Whang, Jay and Denton, Emily L and Ghasemipour, Kamyar and Gontijo Lopes, Raphael and Karagol Ayan, Burcu and Salimans, Tim and others},
  journal={Advances in neural information processing systems},
  volume={35},
  pages={36479--36494},
  year={2022}
}

@article{wang2024discrete,
  title={On Discrete Prompt Optimization for Diffusion Models},
  author={Wang, Ruochen and Liu, Ting and Hsieh, Cho-Jui and Gong, Boqing},
  journal={arXiv preprint arXiv:2407.01606},
  year={2024}
}

@article{zhang2024improving,
  title={Improving GFlowNets for Text-to-Image Diffusion Alignment},
  author={Zhang, Dinghuai and Zhang, Yizhe and Gu, Jiatao and Zhang, Ruixiang and Susskind, Josh and Jaitly, Navdeep and Zhai, Shuangfei},
  journal={arXiv preprint arXiv:2406.00633},
  year={2024}
}

@inproceedings{zhangrobust,
  title={Robust Scheduling with GFlowNets},
  author={Zhang, David W and Rainone, Corrado and Peschl, Markus and Bondesan, Roberto},
  booktitle={The Eleventh International Conference on Learning Representations},
  year={2023}
}

