@String(PAMI = {IEEE Trans. Pattern Anal. Mach. Intell.})
@String(IJCV = {Int. J. Comput. Vis.})
@String(CVPR= {IEEE Conf. Comput. Vis. Pattern Recog.})
@String(ICCV= {Int. Conf. Comput. Vis.})
@String(ECCV= {Eur. Conf. Comput. Vis.})
@String(NIPS= {Adv. Neural Inform. Process. Syst.})
@String(ICPR = {Int. Conf. Pattern Recog.})
@String(BMVC= {Brit. Mach. Vis. Conf.})
@String(TOG= {ACM Trans. Graph.})
@String(TIP  = {IEEE Trans. Image Process.})
@String(TVCG  = {IEEE Trans. Vis. Comput. Graph.})
@String(TMM  = {IEEE Trans. Multimedia})
@String(ACMMM= {ACM Int. Conf. Multimedia})
@String(ICME = {Int. Conf. Multimedia and Expo})
@String(ICASSP=	{ICASSP})
@String(ICIP = {IEEE Int. Conf. Image Process.})
@String(ACCV  = {ACCV})
@String(ICLR = {Int. Conf. Learn. Represent.})
@String(IJCAI = {IJCAI})
@String(PR   = {Pattern Recognition})
@String(AAAI = {AAAI})
@String(CVPRW= {IEEE Conf. Comput. Vis. Pattern Recog. Worksh.})
@String(CSVT = {IEEE Trans. Circuit Syst. Video Technol.})

@String(SPL	= {IEEE Sign. Process. Letters})
@String(VR   = {Vis. Res.})
@String(JOV	 = {J. Vis.})
@String(TVC  = {The Vis. Comput.})
@String(JCST  = {J. Comput. Sci. Tech.})
@String(CGF  = {Comput. Graph. Forum})
@String(CVM = {Computational Visual Media})


@String(PAMI  = {IEEE TPAMI})
@String(IJCV  = {IJCV})
@String(CVPR  = {CVPR})
@String(ICCV  = {ICCV})
@String(ECCV  = {ECCV})
@String(NIPS  = {NeurIPS})
@String(ICPR  = {ICPR})
@String(BMVC  =	{BMVC})
@String(TOG   = {ACM TOG})
@String(TIP   = {IEEE TIP})
@String(TVCG  = {IEEE TVCG})
@String(TCSVT = {IEEE TCSVT})
@String(TMM   =	{IEEE TMM})
@String(ACMMM = {ACM MM})
@String(ICME  =	{ICME})
@String(ICASSP=	{ICASSP})
@String(ICIP  = {ICIP})
@String(ACCV  = {ACCV})
@String(ICLR  = {ICLR})
@String(IJCAI = {IJCAI})
@String(PR = {PR})
@String(AAAI = {AAAI})
@String(CVPRW= {CVPRW})
@String(CSVT = {IEEE TCSVT})


@misc{liu2024efficientdiversitypreservingdiffusionalignment,
      title={Efficient Diversity-Preserving Diffusion Alignment via Gradient-Informed GFlowNets}, 
      author={Zhen Liu and Tim Z. Xiao and Weiyang Liu and Yoshua Bengio and Dinghuai Zhang},
      year={2024},
      eprint={2412.07775},
      archivePrefix={arXiv},
      primaryClass={cs.LG},
      url={https://arxiv.org/abs/2412.07775}, 
}
@article{ho2020denoising,
  title={Denoising diffusion probabilistic models},
  author={Ho, Jonathan and Jain, Ajay and Abbeel, Pieter},
  journal={Advances in neural information processing systems},
  volume={33},
  pages={6840--6851},
  year={2020}
}

@inproceedings{sohl2015deep,
  title={Deep unsupervised learning using nonequilibrium thermodynamics},
  author={Sohl-Dickstein, Jascha and Weiss, Eric and Maheswaranathan, Niru and Ganguli, Surya},
  booktitle={International conference on machine learning},
  pages={2256--2265},
  year={2015},
  organization={PMLR}
}

@inproceedings{radford2021learning,
  title={Learning transferable visual models from natural language supervision},
  author={Radford, Alec and Kim, Jong Wook and Hallacy, Chris and Ramesh, Aditya and Goh, Gabriel and Agarwal, Sandhini and Sastry, Girish and Askell, Amanda and Mishkin, Pamela and Clark, Jack and others},
  booktitle={International conference on machine learning},
  pages={8748--8763},
  year={2021},
  organization={PMLR}
}

@article{raffel2020exploring,
  title={Exploring the limits of transfer learning with a unified text-to-text transformer},
  author={Raffel, Colin and Shazeer, Noam and Roberts, Adam and Lee, Katherine and Narang, Sharan and Matena, Michael and Zhou, Yanqi and Li, Wei and Liu, Peter J},
  journal={Journal of machine learning research},
  volume={21},
  number={140},
  pages={1--67},
  year={2020}
}

@article{ramesh2022hierarchical,
  title={Hierarchical Text-Conditional Image Generation with CLIP Latents},
  author={Ramesh, Aditya and Dhariwal, Prafulla and Nichol, Alex and Chu, Casey and Chen, Mark},
  journal={arXiv preprint arXiv:2204.06125},
  year={2022}
}

@inproceedings{rombach2022high,
  title={High-resolution image synthesis with latent diffusion models},
  author={Rombach, Robin and Blattmann, Andreas and Lorenz, Dominik and Esser, Patrick and Ommer, Bj{\"o}rn},
  booktitle={Proceedings of the IEEE/CVF conference on computer vision and pattern recognition},
  pages={10684--10695},
  year={2022}
}

@article{saharia2022photorealistic,
  title={Photorealistic text-to-image diffusion models with deep language understanding},
  author={Saharia, Chitwan and Chan, William and Saxena, Saurabh and Li, Lala and Whang, Jay and Denton, Emily L and Ghasemipour, Kamyar and Gontijo Lopes, Raphael and Karagol Ayan, Burcu and Salimans, Tim and others},
  journal={Advances in neural information processing systems},
  volume={35},
  pages={36479--36494},
  year={2022}
}

@article{ouyang2022training,
  title={Training language models to follow instructions with human feedback},
  author={Ouyang, Long and Wu, Jeffrey and Jiang, Xu and Almeida, Diogo and Wainwright, Carroll and Mishkin, Pamela and Zhang, Chong and Agarwal, Sandhini and Slama, Katarina and Ray, Alex and others},
  journal={Advances in neural information processing systems},
  volume={35},
  pages={27730--27744},
  year={2022}
}

@article{fan2024reinforcement,
  title={Reinforcement learning for fine-tuning text-to-image diffusion models},
  author={Fan, Ying and Watkins, Olivia and Du, Yuqing and Liu, Hao and Ryu, Moonkyung and Boutilier, Craig and Abbeel, Pieter and Ghavamzadeh, Mohammad and Lee, Kangwook and Lee, Kimin},
  journal={Advances in Neural Information Processing Systems},
  volume={36},
  year={2024}
}
@Article{	  zhang2022unifying,
  title		= {Unifying generative models with {GFlowNets} and beyond},
  author	= {Dinghuai Zhang and Ricky T. Q. Chen and Nikolay Malkin and
		  Yoshua Bengio},
  journal	= {arXiv preprint arXiv:2209.02606v2},
  year		= {2022}
}
@Article{	  lahlou2023cgfn,
  title		= {A theory of continuous generative flow networks},
  author	= {Salem Lahlou and Tristan Deleu and Pablo Lemos and
		  Dinghuai Zhang and Alexandra Volokhova and Alex
		  Hern\'{a}ndez-Garc\'{i}a and L\'{e}na N\'{e}hale Ezzine and
		  Yoshua Bengio and Nikolay Malkin},
  journal	= {International Conference on Machine Learning (ICML)},
  year		= {2023}
}
@Misc{		  zhou2024phylogfn,
  title		= {PhyloGFN: Phylogenetic inference with generative flow
		  networks},
  author	= {Mingyang Zhou and Zichao Yan and Elliot Layne and Nikolay
		  Malkin and Dinghuai Zhang and Moksh Jain and Mathieu
		  Blanchette and Yoshua Bengio},
  year		= {2024},
  eprint	= {2310.08774},
  archiveprefix	= {arXiv},
  primaryclass	= {q-bio.PE}
}
@Article{	  deleu2022bayesian,
  title		= {Bayesian Structure Learning with Generative Flow
		  Networks},
  author	= {Deleu, Tristan and G\'{o}is, Ant\'{o}nio and Emezue, Chris
		  and Rankawat, Mansi and Lacoste-Julien, Simon and Bauer,
		  Stefan and Bengio, Yoshua},
  journal	= {Uncertainty in Artificial Intelligence (UAI)},
  year		= {2022}
}
@InProceedings{	  zhang2022generative,
  title		= {Generative flow networks for discrete probabilistic
		  modeling},
  author	= {Zhang, Dinghuai and Malkin, Nikolay and Liu, Zhen and
		  Volokhova, Alexandra and Courville, Aaron and Bengio,
		  Yoshua},
  booktitle	= {International Conference on Machine Learning},
  year		= {2022}
}
@Article{	  zhang2023distributional,
  title		= {Distributional GFlowNets with Quantile Flows},
  author	= {Dinghuai Zhang and L. Pan and Ricky T. Q. Chen and Aaron
		  C. Courville and Yoshua Bengio},
  journal	= {arXiv preprint arXiv:2302.05793},
  year		= {2023}
}
@Article{	  zhang2024diffusion,
  title		= {Diffusion Generative Flow Samplers: Improving learning
		  signals through partial trajectory optimization},
  author	= {Dinghuai Zhang and Ricky Tian Qi Chen and Cheng-Hao Liu
		  and Aaron C. Courville and Yoshua Bengio},
  journal	= {ArXiv},
  year		= {2023},
  volume	= {abs/2310.02679}
}
@inproceedings{blacktraining,
  title={Training Diffusion Models with Reinforcement Learning},
  author={Black, Kevin and Janner, Michael and Du, Yilun and Kostrikov, Ilya and Levine, Sergey},
  year={2024},
  booktitle={The Twelfth International Conference on Learning Representations}
}

@article{zhang2024improving,
  title={Improving GFlowNets for Text-to-Image Diffusion Alignment},
  author={Zhang, Dinghuai and Zhang, Yizhe and Gu, Jiatao and Zhang, Ruixiang and Susskind, Josh and Jaitly, Navdeep and Zhai, Shuangfei},
  journal={arXiv preprint arXiv:2406.00633},
  year={2024}
}

@article{prabhudesai2023aligning,
  title={Aligning text-to-image diffusion models with reward backpropagation},
  author={Prabhudesai, Mihir and Goyal, Anirudh and Pathak, Deepak and Fragkiadaki, Katerina},
  journal={arXiv preprint arXiv:2310.03739},
  year={2023}
}

@inproceedings{clarkdirectly,
  title={Directly Fine-Tuning Diffusion Models on Differentiable Rewards},
  author={Clark, Kevin and Vicol, Paul and Swersky, Kevin and Fleet, David J},
  booktitle={The Twelfth International Conference on Learning Representations},
  year={2024}
}

@article{uehara2024fine,
  title={Fine-tuning of continuous-time diffusion models as entropy-regularized control},
  author={Uehara, Masatoshi and Zhao, Yulai and Black, Kevin and Hajiramezanali, Ehsan and Scalia, Gabriele and Diamant, Nathaniel Lee and Tseng, Alex M and Biancalani, Tommaso and Levine, Sergey},
  journal={arXiv preprint arXiv:2402.15194},
  year={2024}
}

@article{domingo2024adjoint,
  title={Adjoint Matching: Fine-tuning Flow and Diffusion Generative Models with Memoryless Stochastic Optimal Control},
  author={Domingo-Enrich, Carles and Drozdzal, Michal and Karrer, Brian and Chen, Ricky TQ},
  journal={arXiv preprint arXiv:2409.08861},
  year={2024}
}

@article{hao2024optimizing,
  title={Optimizing prompts for text-to-image generation},
  author={Hao, Yaru and Chi, Zewen and Dong, Li and Wei, Furu},
  journal={Advances in Neural Information Processing Systems},
  volume={36},
  year={2024}
}

@article{kim2023multiprompter,
  title={MultiPrompter: Cooperative Prompt Optimization with Multi-Agent Reinforcement Learning},
  author={Kim, Dong-Ki and Sohn, Sungryull and Logeswaran, Lajanugen and Shim, Dongsub and Lee, Honglak},
  journal={arXiv preprint arXiv:2310.16730},
  year={2023}
}

@article{wang2024discrete,
  title={On Discrete Prompt Optimization for Diffusion Models},
  author={Wang, Ruochen and Liu, Ting and Hsieh, Cho-Jui and Gong, Boqing},
  journal={arXiv preprint arXiv:2407.01606},
  year={2024}
}

@inproceedings{huamortizing,
  title={Amortizing intractable inference in large language models},
  author={Hu, Edward J and Jain, Moksh and Elmoznino, Eric and Kaddar, Younesse and Lajoie, Guillaume and Bengio, Yoshua and Malkin, Nikolay},
  booktitle={The Twelfth International Conference on Learning Representations},
  year={2024}
}

@article{lee2024learning,
  title={Learning diverse attacks on large language models for robust red-teaming and safety tuning},
  author={Lee, Seanie and Kim, Minsu and Cherif, Lynn and Dobre, David and Lee, Juho and Hwang, Sung Ju and Kawaguchi, Kenji and Gidel, Gauthier and Bengio, Yoshua and Malkin, Nikolay and others},
  journal={arXiv preprint arXiv:2405.18540},
  year={2024}
}

@article{bengio2023gflownet,
  title={Gflownet foundations},
  author={Bengio, Yoshua and Lahlou, Salem and Deleu, Tristan and Hu, Edward J and Tiwari, Mo and Bengio, Emmanuel},
  journal={The Journal of Machine Learning Research},
  volume={24},
  number={1},
  pages={10006--10060},
  year={2023},
  publisher={JMLRORG}
}

@article{bengio2021flow,
  title={Flow network based generative models for non-iterative diverse candidate generation},
  author={Bengio, Emmanuel and Jain, Moksh and Korablyov, Maksym and Precup, Doina and Bengio, Yoshua},
  journal={Advances in Neural Information Processing Systems},
  volume={34},
  pages={27381--27394},
  year={2021}
}

@article{malkin2022trajectory,
  title={Trajectory balance: Improved credit assignment in gflownets},
  author={Malkin, Nikolay and Jain, Moksh and Bengio, Emmanuel and Sun, Chen and Bengio, Yoshua},
  journal={Advances in Neural Information Processing Systems},
  volume={35},
  pages={5955--5967},
  year={2022}
}

@inproceedings{pan2023better,
  title={Better training of gflownets with local credit and incomplete trajectories},
  author={Pan, Ling and Malkin, Nikolay and Zhang, Dinghuai and Bengio, Yoshua},
  booktitle={International Conference on Machine Learning},
  pages={26878--26890},
  year={2023},
  organization={PMLR}
}

@article{ho2022classifier,
  title={Classifier-free diffusion guidance},
  author={Ho, Jonathan and Salimans, Tim},
  journal={arXiv preprint arXiv:2207.12598},
  year={2022}
}

@article{dhariwal2021diffusion,
  title={Diffusion models beat gans on image synthesis},
  author={Dhariwal, Prafulla and Nichol, Alexander},
  journal={Advances in neural information processing systems},
  volume={34},
  pages={8780--8794},
  year={2021}
}

@inproceedings{
jang2024learning,
title={Learning Energy Decompositions for Partial Inference in {GF}lowNets},
author={Hyosoon Jang and Minsu Kim and Sungsoo Ahn},
booktitle={The Twelfth International Conference on Learning Representations},
year={2024},
url={https://openreview.net/forum?id=P15CHILQlg}
}

@article{radford2019language,
  title={Language models are unsupervised multitask learners},
  author={Radford, Alec and Wu, Jeffrey and Child, Rewon and Luan, David and Amodei, Dario and Sutskever, Ilya and others},
  journal={OpenAI blog},
  volume={1},
  number={8},
  pages={9},
  year={2019}
}

@article{schulman2017proximal,
  title={Proximal policy optimization algorithms},
  author={Schulman, John and Wolski, Filip and Dhariwal, Prafulla and Radford, Alec and Klimov, Oleg},
  journal={arXiv preprint arXiv:1707.06347},
  year={2017}
}

@article{lu2022dpm,
  title={Dpm-solver: A fast ode solver for diffusion probabilistic model sampling in around 10 steps},
  author={Lu, Cheng and Zhou, Yuhao and Bao, Fan and Chen, Jianfei and Li, Chongxuan and Zhu, Jun},
  journal={Advances in Neural Information Processing Systems},
  volume={35},
  pages={5775--5787},
  year={2022}
}

@inproceedings{nikishin2022primacy,
  title={The primacy bias in deep reinforcement learning},
  author={Nikishin, Evgenii and Schwarzer, Max and D’Oro, Pierluca and Bacon, Pierre-Luc and Courville, Aaron},
  booktitle={International conference on machine learning},
  pages={16828--16847},
  year={2022},
  organization={PMLR}
}

@inproceedings{zhangconfronting,
  title={Confronting Reward Overoptimization for Diffusion Models: A Perspective of Inductive and Primacy Biases},
  author={Zhang, Ziyi and Zhang, Sen and Zhan, Yibing and Luo, Yong and Wen, Yonggang and Tao, Dacheng},
  booktitle={Forty-first International Conference on Machine Learning},
  year={2024}
}

@inproceedings{wang2023diffusiondb,
  title={DiffusionDB: A Large-scale Prompt Gallery Dataset for Text-to-Image Generative Models},
  author={Wang, Zijie and Montoya, Evan and Munechka, David and Yang, Haoyang and Hoover, Benjamin and Chau, Polo},
  booktitle={Annual Meeting of the Association for Computational Linguistics},
  year={2023}
}

@article{chen2015microsoft,
  title={Microsoft coco captions: Data collection and evaluation server},
  author={Chen, Xinlei and Fang, Hao and Lin, Tsung-Yi and Vedantam, Ramakrishna and Gupta, Saurabh and Doll{\'a}r, Piotr and Zitnick, C Lawrence},
  journal={arXiv preprint arXiv:1504.00325},
  year={2015}
}

@article{xu2024imagereward,
  title={Imagereward: Learning and evaluating human preferences for text-to-image generation},
  author={Xu, Jiazheng and Liu, Xiao and Wu, Yuchen and Tong, Yuxuan and Li, Qinkai and Ding, Ming and Tang, Jie and Dong, Yuxiao},
  journal={Advances in Neural Information Processing Systems},
  volume={36},
  year={2024}
}

@article{wu2023human,
  title={Human preference score v2: A solid benchmark for evaluating human preferences of text-to-image synthesis},
  author={Wu, Xiaoshi and Hao, Yiming and Sun, Keqiang and Chen, Yixiong and Zhu, Feng and Zhao, Rui and Li, Hongsheng},
  journal={arXiv preprint arXiv:2306.09341},
  year={2023}
}

@article{luo2023lcm,
  title={Lcm-lora: A universal stable-diffusion acceleration module},
  author={Luo, Simian and Tan, Yiqin and Patil, Suraj and Gu, Daniel and von Platen, Patrick and Passos, Apolin{\'a}rio and Huang, Longbo and Li, Jian and Zhao, Hang},
  journal={arXiv preprint arXiv:2311.05556},
  year={2023}
}

@article{thakur2024unified,
  title={A unified module for accelerating stable-diffusion: Lcm-lora},
  author={Thakur, Ayush and Vashisth, Rashmi},
  journal={arXiv preprint arXiv:2403.16024},
  year={2024}
}

@inproceedings{podellsdxl,
  title={SDXL: Improving Latent Diffusion Models for High-Resolution Image Synthesis},
  author={Podell, Dustin and English, Zion and Lacey, Kyle and Blattmann, Andreas and Dockhorn, Tim and M{\"u}ller, Jonas and Penna, Joe and Rombach, Robin},
  booktitle={The Twelfth International Conference on Learning Representations},
  year={2024}
}

@inproceedings{shen2023towards,
  title={Towards understanding and improving gflownet training},
  author={Shen, Max W and Bengio, Emmanuel and Hajiramezanali, Ehsan and Loukas, Andreas and Cho, Kyunghyun and Biancalani, Tommaso},
  booktitle={International Conference on Machine Learning},
  pages={30956--30975},
  year={2023},
  organization={PMLR}
}

@article{kim2024adaptive,
  title={Adaptive teachers for amortized samplers},
  author={Kim, Minsu and Choi, Sanghyeok and Yun, Taeyoung and Bengio, Emmanuel and Feng, Leo and Rector-Brooks, Jarrid and Ahn, Sungsoo and Park, Jinkyoo and Malkin, Nikolay and Bengio, Yoshua},
  journal={arXiv preprint arXiv:2410.01432},
  year={2024}
}

@inproceedings{sokar2023dormant,
  title={The dormant neuron phenomenon in deep reinforcement learning},
  author={Sokar, Ghada and Agarwal, Rishabh and Castro, Pablo Samuel and Evci, Utku},
  booktitle={International Conference on Machine Learning},
  pages={32145--32168},
  year={2023},
  organization={PMLR}
}

@article{betker2023improving,
  title={Improving image generation with better captions},
  author={Betker, James and Goh, Gabriel and Jing, Li and Brooks, Tim and Wang, Jianfeng and Li, Linjie and Ouyang, Long and Zhuang, Juntang and Lee, Joyce and Guo, Yufei and others},
  journal={Computer Science. https://cdn. openai. com/papers/dall-e-3. pdf},
  volume={2},
  number={3},
  pages={8},
  year={2023}
}

@article{richter2020vargrad,
  title={VarGrad: a low-variance gradient estimator for variational inference},
  author={Richter, Lorenz and Boustati, Ayman and N{\"u}sken, Nikolas and Ruiz, Francisco and Akyildiz, Omer Deniz},
  journal={Advances in Neural Information Processing Systems},
  volume={33},
  pages={13481--13492},
  year={2020}
}

@article{kim2024ant,
  title={Ant colony sampling with gflownets for combinatorial optimization},
  author={Kim, Minsu and Choi, Sanghyeok and Kim, Hyeonah and Son, Jiwoo and Park, Jinkyoo and Bengio, Yoshua},
  journal={arXiv preprint arXiv:2403.07041},
  year={2024}
}
@Article{	  zhang2023lettf,
  title		= {Let the Flows Tell: Solving Graph Combinatorial
		  Optimization Problems with GFlowNets},
  author	= {Dinghuai Zhang and Hanjun Dai and Nikolay Malkin and Aaron
		  C. Courville and Yoshua Bengio and Ling Pan},
  journal	= {ArXiv},
  year		= {2023},
  volume	= {abs/2305.17010}
}
@inproceedings{zhangrobust,
  title={Robust Scheduling with GFlowNets},
  author={Zhang, David W and Rainone, Corrado and Peschl, Markus and Bondesan, Roberto},
  booktitle={The Eleventh International Conference on Learning Representations},
  year={2023}
}

@misc{lexica,
  title = {The state of the art AI image generation engine.},
  howpublished = {\url{https://lexica.art/}},
  note = {Accessed: 2024-11-15}
}

@misc{laion,
  title = {LAION-Aesthetics},
  howpublished = {\url{https://laion.ai/blog/laion-aesthetics/}},
  note = {Accessed: 2024-11-15}
}

@article{kwon2024gdpo,
  title={GDPO: Learning to Directly Align Language Models with Diversity Using GFlowNets},
  author={Kwon, Oh Joon and Matsunaga, Daiki E and Kim, Kee-Eung},
  journal={arXiv preprint arXiv:2410.15096},
  year={2024}
}

@inproceedings{kumarimplicit,
  title={Implicit Under-Parameterization Inhibits Data-Efficient Deep Reinforcement Learning},
  author={Kumar, Aviral and Agarwal, Rishabh and Ghosh, Dibya and Levine, Sergey},
  booktitle={International Conference on Learning Representations},
  year={2021}
}

@inproceedings{lyleunderstanding,
  title={Understanding and Preventing Capacity Loss in Reinforcement Learning},
  author={Lyle, Clare and Rowland, Mark and Dabney, Will},
  booktitle={International Conference on Learning Representations},
  year={2022}
}

@misc{gupta2024progressive,
      title={Progressive Knowledge Distillation Of Stable Diffusion XL Using Layer Level Loss}, 
      author={Yatharth Gupta and Vishnu V. Jaddipal and Harish Prabhala and Sayak Paul and Patrick Von Platen},
      year={2024},
      eprint={2401.02677},
      archivePrefix={arXiv},
      primaryClass={cs.CV}
}

@inproceedings{sauer2025adversarial,
  title={Adversarial diffusion distillation},
  author={Sauer, Axel and Lorenz, Dominik and Blattmann, Andreas and Rombach, Robin},
  booktitle={European Conference on Computer Vision},
  pages={87--103},
  year={2025},
  organization={Springer}
}

@inproceedings{esser2024scaling,
  title={Scaling rectified flow transformers for high-resolution image synthesis},
  author={Esser, Patrick and Kulal, Sumith and Blattmann, Andreas and Entezari, Rahim and M{\"u}ller, Jonas and Saini, Harry and Levi, Yam and Lorenz, Dominik and Sauer, Axel and Boesel, Frederic and others},
  booktitle={Forty-first International Conference on Machine Learning},
  year={2024}
}

@techreport{livingston1966brain,
  title={Brain mechanisms in conditioning and learning},
  author={Livingston, Robert B},
  year={1966}
}

@article{mateos2019impact,
  title={The impact of studying brain plasticity},
  author={Mateos-Aparicio, Pedro and Rodr{\'\i}guez-Moreno, Antonio},
  journal={Frontiers in cellular neuroscience},
  volume={13},
  pages={66},
  year={2019},
  publisher={Frontiers Media SA}
}

@article{zhao2024probabilistic,
  title={Probabilistic inference in language models via twisted sequential monte carlo},
  author={Zhao, Stephen and Brekelmans, Rob and Makhzani, Alireza and Grosse, Roger},
  journal={arXiv preprint arXiv:2404.17546},
  year={2024}
}

@inproceedings{kim2024learning,
  title={Learning to Scale Logits for Temperature-Conditional GFlowNets},
  author={Kim, Minsu and Ko, Joohwan and Yun, Taeyoung and Zhang, Dinghuai and Pan, Ling and Kim, Woo Chang and Park, Jinkyoo and Bengio, Emmanuel and Bengio, Yoshua},
  booktitle={Forty-first International Conference on Machine Learning},
  year={2024}
}

@article{nachum2017bridging,
  title={Bridging the gap between value and policy based reinforcement learning},
  author={Nachum, Ofir and Norouzi, Mohammad and Xu, Kelvin and Schuurmans, Dale},
  journal={Advances in neural information processing systems},
  volume={30},
  year={2017}
}

@inproceedings{tiapkin2024generative,
  title={Generative flow networks as entropy-regularized rl},
  author={Tiapkin, Daniil and Morozov, Nikita and Naumov, Alexey and Vetrov, Dmitry P},
  booktitle={International Conference on Artificial Intelligence and Statistics},
  pages={4213--4221},
  year={2024},
  organization={PMLR}
}

@article{deleu2024discrete,
  title={Discrete probabilistic inference as control in multi-path environments},
  author={Deleu, Tristan and Nouri, Padideh and Malkin, Nikolay and Precup, Doina and Bengio, Yoshua},
  journal={arXiv preprint arXiv:2402.10309},
  year={2024}
}

@article{he2024rectifying,
  title={Rectifying Reinforcement Learning for Reward Matching},
  author={He, Haoran and Bengio, Emmanuel and Cai, Qingpeng and Pan, Ling},
  journal={arXiv preprint arXiv:2406.02213},
  year={2024}
}

@inproceedings{pan2023stochastic,
  title={Stochastic generative flow networks},
  author={Pan, Ling and Zhang, Dinghuai and Jain, Moksh and Huang, Longbo and Bengio, Yoshua},
  booktitle={Uncertainty in Artificial Intelligence},
  pages={1628--1638},
  year={2023},
  organization={PMLR}
}

@article{he2024looking,
  title={Looking Backward: Retrospective Backward Synthesis for Goal-Conditioned GFlowNets},
  author={He, Haoran and Chang, Can and Xu, Huazhe and Pan, Ling},
  journal={arXiv preprint arXiv:2406.01150},
  year={2024}
}

@article{lyle2024disentangling,
  title={Disentangling the causes of plasticity loss in neural networks},
  author={Lyle, Clare and Zheng, Zeyu and Khetarpal, Khimya and van Hasselt, Hado and Pascanu, Razvan and Martens, James and Dabney, Will},
  journal={arXiv preprint arXiv:2402.18762},
  year={2024}
}

@article{liu2024neuroplastic,
  title={Neuroplastic Expansion in Deep Reinforcement Learning},
  author={Liu, Jiashun and Obando-Ceron, Johan and Courville, Aaron and Pan, Ling},
  journal={arXiv preprint arXiv:2410.07994},
  year={2024}
}

@article{venkatraman2024amortizing,
  title={Amortizing intractable inference in diffusion models for vision, language, and control},
  author={Venkatraman, Siddarth and Jain, Moksh and Scimeca, Luca and Kim, Minsu and Sendera, Marcin and Hasan, Mohsin and Rowe, Luke and Mittal, Sarthak and Lemos, Pablo and Bengio, Emmanuel and others},
  journal={Advances in neural information processing systems},
  year={2024}
}

@inproceedings{pan2023generative,
  title={Generative Augmented Flow Networks},
  author={Pan, Ling and Zhang, Dinghuai and Courville, Aaron and Huang, Longbo and Bengio, Yoshua},
  booktitle={The Eleventh International Conference on Learning Representations},
  year={2023},
}

@inproceedings{zhang2023let,
  title={Let the flows tell: Solving graph combinatorial problems with gflownets},
  author={Zhang, Dinghuai and Dai, Hanjun and Malkin, Nikolay and Courville, Aaron C and Bengio, Yoshua and Pan, Ling},
  booktitle={Advances in neural information processing systems},
  volume={36},
  pages={11952--11969},
  year={2023}
}

@inproceedings{pan2024pre,
  title={Pre-Training and Fine-Tuning Generative Flow Networks},
  author={Pan, Ling and Jain, Moksh and Madan, Kanika and Bengio, Yoshua},
  booktitle={The Twelfth International Conference on Learning Representations},
  year={2024}
}

@inproceedings{lau2024qgfn,
  title={Qgfn: Controllable greediness with action values},
  author={Lau, Elaine and Lu, Stephen Zhewen and Pan, Ling and Precup, Doina and Bengio, Emmanuel},
  booktitle={Advances in neural information processing systems},
  year={2024}
}

@inproceedings{kimlocal,
  title={Local Search GFlowNets},
  author={Kim, Minsu and Yun, Taeyoung and Bengio, Emmanuel and Zhang, Dinghuai and Bengio, Yoshua and Ahn, Sungsoo and Park, Jinkyoo},
  booktitle={The Twelfth International Conference on Learning Representations}
}

@inproceedings{peebles2023scalable,
  title={Scalable diffusion models with transformers},
  author={Peebles, William and Xie, Saining},
  booktitle={Proceedings of the IEEE/CVF International Conference on Computer Vision},
  pages={4195--4205},
  year={2023}
}

@inproceedings{dsample,
  title={Sample-Efficient Reinforcement Learning by Breaking the Replay Ratio Barrier},
  author={D'Oro, Pierluca and Schwarzer, Max and Nikishin, Evgenii and Bacon, Pierre-Luc and Bellemare, Marc G and Courville, Aaron},
  booktitle={The Eleventh International Conference on Learning Representations},
  year={2023},
}

@article{abraham2005memory,
  title={Memory retention--the synaptic stability versus plasticity dilemma},
  author={Abraham, Wickliffe C and Robins, Anthony},
  journal={Trends in neurosciences},
  volume={28},
  number={2},
  pages={73--78},
  year={2005},
  publisher={Elsevier}
}

@article{wang2020minilmv2,
  title={Minilmv2: Multi-head self-attention relation distillation for compressing pretrained transformers},
  author={Wang, Wenhui and Bao, Hangbo and Huang, Shaohan and Dong, Li and Wei, Furu},
  journal={arXiv preprint arXiv:2012.15828},
  year={2020}
}

@inproceedings{li2022blip,
  title={Blip: Bootstrapping language-image pre-training for unified vision-language understanding and generation},
  author={Li, Junnan and Li, Dongxu and Xiong, Caiming and Hoi, Steven},
  booktitle={International conference on machine learning},
  pages={12888--12900},
  year={2022},
  organization={PMLR}
}

@article{liu2022pseudo,
  title={Pseudo numerical methods for diffusion models on manifolds},
  author={Liu, Luping and Ren, Yi and Lin, Zhijie and Zhao, Zhou},
  journal={arXiv preprint arXiv:2202.09778},
  year={2022}
}

@inproceedings{szegedy2016rethinking,
  title={Rethinking the inception architecture for computer vision},
  author={Szegedy, Christian and Vanhoucke, Vincent and Ioffe, Sergey and Shlens, Jon and Wojna, Zbigniew},
  booktitle={Proceedings of the IEEE conference on computer vision and pattern recognition},
  pages={2818--2826},
  year={2016}
}

@article{fu2023dreamsim,
  title={Dreamsim: Learning new dimensions of human visual similarity using synthetic data},
  author={Fu, Stephanie and Tamir, Netanel and Sundaram, Shobhita and Chai, Lucy and Zhang, Richard and Dekel, Tali and Isola, Phillip},
  journal={arXiv preprint arXiv:2306.09344},
  year={2023}
}
