@inproceedings{langley00,
 author    = {P. Langley},
 title     = {Crafting Papers on Machine Learning},
 year      = {2000},
 pages     = {1207--1216},
 editor    = {Pat Langley},
 booktitle     = {Proceedings of the 17th International Conference
              on Machine Learning (ICML 2000)},
 address   = {Stanford, CA},
 publisher = {Morgan Kaufmann}
}

@TechReport{mitchell80,
  author = 	 "T. M. Mitchell",
  title = 	 "The Need for Biases in Learning Generalizations",
  institution =  "Computer Science Department, Rutgers University",
  year = 	 "1980",
  address =	 "New Brunswick, MA",
}

@phdthesis{kearns89,
  author = {M. J. Kearns},
  title =  {Computational Complexity of Machine Learning},
  school = {Department of Computer Science, Harvard University},
  year =   {1989}
}

@Book{MachineLearningI,
  editor = 	 "R. S. Michalski and J. G. Carbonell and T.
		  M. Mitchell",
  title = 	 "Machine Learning: An Artificial Intelligence
		  Approach, Vol. I",
  publisher = 	 "Tioga",
  year = 	 "1983",
  address =	 "Palo Alto, CA"
}

@Book{DudaHart2nd,
  author =       "R. O. Duda and P. E. Hart and D. G. Stork",
  title =        "Pattern Classification",
  publisher =    "John Wiley and Sons",
  edition =      "2nd",
  year =         "2000"
}

@misc{anonymous,
  title= {Suppressed for Anonymity},
  author= {Author, N. N.},
  year= {2021}
}

@InCollection{Newell81,
  author =       "A. Newell and P. S. Rosenbloom",
  title =        "Mechanisms of Skill Acquisition and the Law of
                  Practice", 
  booktitle =    "Cognitive Skills and Their Acquisition",
  pages =        "1--51",
  publisher =    "Lawrence Erlbaum Associates, Inc.",
  year =         "1981",
  editor =       "J. R. Anderson",
  chapter =      "1",
  address =      "Hillsdale, NJ"
}

@inproceedings{zhang2025itercomp,
  title={IterComp: Iterative Composition-Aware Feedback Learning from Model Gallery for Text-to-Image Generation},
  author={Zhang, Xinchen and Yang, Ling and Li, Guohao and Cai, Yaqi and Xie, Jiake and  Tang, Yong and Yang, Yujiu and Wang, Mengdi and Cui, Bin},
  booktitle={International Conference on Learning Representations},
  year={2025}
}

@Article{Samuel59,
  author = 	 "A. L. Samuel",
  title = 	 "Some Studies in Machine Learning Using the Game of
		  Checkers",
  journal =	 "IBM Journal of Research and Development",
  year =	 "1959",
  volume =	 "3",
  number =	 "3",
  pages =	 "211--229"
}
@String(PAMI = {IEEE Trans. Pattern Anal. Mach. Intell.})
@String(IJCV = {Int. J. Comput. Vis.})
@String(CVPR= {IEEE Conf. Comput. Vis. Pattern Recog.})
@String(ICCV= {Int. Conf. Comput. Vis.})
@String(ECCV= {Eur. Conf. Comput. Vis.})
@String(NIPS= {Adv. Neural Inform. Process. Syst.})
@String(ICPR = {Int. Conf. Pattern Recog.})
@String(BMVC= {Brit. Mach. Vis. Conf.})
@String(TOG= {ACM Trans. Graph.})
@String(TIP  = {IEEE Trans. Image Process.})
@String(TVCG  = {IEEE Trans. Vis. Comput. Graph.})
@String(TMM  = {IEEE Trans. Multimedia})
@String(ACMMM= {ACM Int. Conf. Multimedia})
@String(ICME = {Int. Conf. Multimedia and Expo})
@String(ICASSP=	{ICASSP})
@String(ICIP = {IEEE Int. Conf. Image Process.})
@String(ACCV  = {ACCV})
@String(ICLR = {Int. Conf. Learn. Represent.})
@String(IJCAI = {IJCAI})
@String(PR   = {Pattern Recognition})
@String(AAAI = {AAAI})
@String(CVPRW= {IEEE Conf. Comput. Vis. Pattern Recog. Worksh.})
@String(CSVT = {IEEE Trans. Circuit Syst. Video Technol.})

@String(SPL	= {IEEE Sign. Process. Letters})
@String(VR   = {Vis. Res.})
@String(JOV	 = {J. Vis.})
@String(TVC  = {The Vis. Comput.})
@String(JCST  = {J. Comput. Sci. Tech.})
@String(CGF  = {Comput. Graph. Forum})
@String(CVM = {Computational Visual Media})


@String(PAMI  = {IEEE TPAMI})
@String(IJCV  = {IJCV})
@String(CVPR  = {CVPR})
@String(ICCV  = {ICCV})
@String(ECCV  = {ECCV})
@String(NIPS  = {NeurIPS})
@String(ICPR  = {ICPR})
@String(BMVC  =	{BMVC})
@String(TOG   = {ACM TOG})
@String(TIP   = {IEEE TIP})
@String(TVCG  = {IEEE TVCG})
@String(TCSVT = {IEEE TCSVT})
@String(TMM   =	{IEEE TMM})
@String(ACMMM = {ACM MM})
@String(ICME  =	{ICME})
@String(ICASSP=	{ICASSP})
@String(ICIP  = {ICIP})
@String(ACCV  = {ACCV})
@String(ICLR  = {ICLR})
@String(IJCAI = {IJCAI})
@String(PR = {PR})
@String(AAAI = {AAAI})
@String(CVPRW= {CVPRW})
@String(CSVT = {IEEE TCSVT})



@misc{Authors14,
 author = {FirstName LastName},
 title = {The frobnicatable foo filter},
 note = {Face and Gesture submission ID 324. Supplied as supplemental material {\tt fg324.pdf}},
 year = 2014
}

@misc{Authors14b,
 author = {FirstName LastName},
 title = {Frobnication tutorial},
 note = {Supplied as supplemental material {\tt tr.pdf}},
 year = 2014
}

@article{Alpher02,
author = {FirstName Alpher},
title = {Frobnication},
journal = PAMI,
volume = 12,
number = 1,
pages = {234--778},
year = 2002
}

@article{Alpher03,
author = {FirstName Alpher and  FirstName Fotheringham-Smythe},
title = {Frobnication revisited},
journal = {Journal of Foo},
volume = 13,
number = 1,
pages = {234--778},
year = 2003
}

@article{Alpher04,
author = {FirstName Alpher and FirstName Fotheringham-Smythe and FirstName Gamow},
title = {Can a machine frobnicate?},
journal = {Journal of Foo},
volume = 14,
number = 1,
pages = {234--778},
year = 2004
}

@inproceedings{Alpher05,
author = {FirstName Alpher and FirstName Gamow},
title = {Can a computer frobnicate?},
booktitle = CVPR,
pages = {234--778},
year = 2005
}


@article{ho2020denoising,
  title={Denoising diffusion probabilistic models},
  author={Ho, Jonathan and Jain, Ajay and Abbeel, Pieter},
  journal={Advances in neural information processing systems},
  volume={33},
  pages={6840--6851},
  year={2020}
}
@article{yang2024semantic,
  title={Semantic Score Distillation Sampling for Compositional Text-to-3D Generation},
  author={Yang, Ling and Zhang, Zixiang and Han, Junlin and Zeng, Bohan and Li, Runjia and Torr, Philip and Zhang, Wentao},
  journal={arXiv preprint arXiv:2410.09009},
  year={2024}
}
@article{yang2024improving,
  title={Improving diffusion-based image synthesis with context prediction},
  author={Yang, Ling and Liu, Jingwei and Hong, Shenda and Zhang, Zhilong and Huang, Zhilin and Cai, Zheming and Zhang, Wentao and Cui, Bin},
  journal={Advances in Neural Information Processing Systems},
  volume={36},
  year={2024}
}

@inproceedings{yang2024mastering,
  title={Mastering text-to-image diffusion: Recaptioning, planning, and generating with multimodal llms},
  author={Yang, Ling and Yu, Zhaochen and Meng, Chenlin and Xu, Minkai and Ermon, Stefano and Bin, CUI},
  booktitle={International Conference on Machine Learning},
  year={2024}
}
@inproceedings{sohl2015deep,
  title={Deep unsupervised learning using nonequilibrium thermodynamics},
  author={Sohl-Dickstein, Jascha and Weiss, Eric and Maheswaranathan, Niru and Ganguli, Surya},
  booktitle={International conference on machine learning},
  pages={2256--2265},
  year={2015},
  organization={PMLR}
}
@article{song2020score,
  title={Score-based generative modeling through stochastic differential equations},
  author={Song, Yang and Sohl-Dickstein, Jascha and Kingma, Diederik P and Kumar, Abhishek and Ermon, Stefano and Poole, Ben},
  journal={arXiv preprint arXiv:2011.13456},
  year={2020}
}
@article{ramesh2022hierarchical,
  title={Hierarchical text-conditional image generation with clip latents},
  author={Ramesh, Aditya and Dhariwal, Prafulla and Nichol, Alex and Chu, Casey and Chen, Mark},
  journal={arXiv preprint arXiv:2204.06125},
  volume={1},
  number={2},
  pages={3},
  year={2022}
}
@article{podell2023sdxl,
  title={Sdxl: Improving latent diffusion models for high-resolution image synthesis},
  author={Podell, Dustin and English, Zion and Lacey, Kyle and Blattmann, Andreas and Dockhorn, Tim and M{\"u}ller, Jonas and Penna, Joe and Rombach, Robin},
  journal={arXiv preprint arXiv:2307.01952},
  year={2023}
}

@inproceedings{rombach2022high,
  title={High-resolution image synthesis with latent diffusion models},
  author={Rombach, Robin and Blattmann, Andreas and Lorenz, Dominik and Esser, Patrick and Ommer, Bj{\"o}rn},
  booktitle={Proceedings of the IEEE/CVF conference on computer vision and pattern recognition},
  pages={10684--10695},
  year={2022}
}
@inproceedings{esser2024scaling,
  title={Scaling rectified flow transformers for high-resolution image synthesis},
  author={Esser, Patrick and Kulal, Sumith and Blattmann, Andreas and Entezari, Rahim and M{\"u}ller, Jonas and Saini, Harry and Levi, Yam and Lorenz, Dominik and Sauer, Axel and Boesel, Frederic and others},
  booktitle={Forty-first International Conference on Machine Learning},
  year={2024}
}
@inproceedings{liu2023zero,
  title={Zero-1-to-3: Zero-shot one image to 3d object},
  author={Liu, Ruoshi and Wu, Rundi and Van Hoorick, Basile and Tokmakov, Pavel and Zakharov, Sergey and Vondrick, Carl},
  booktitle={Proceedings of the IEEE/CVF international conference on computer vision},
  pages={9298--9309},
  year={2023}
}
@article{poole2022dreamfusion,
  title={Dreamfusion: Text-to-3d using 2d diffusion},
  author={Poole, Ben and Jain, Ajay and Barron, Jonathan T and Mildenhall, Ben},
  journal={arXiv preprint arXiv:2209.14988},
  year={2022}
}
@article{ho2022imagen,
  title={Imagen video: High definition video generation with diffusion models},
  author={Ho, Jonathan and Chan, William and Saharia, Chitwan and Whang, Jay and Gao, Ruiqi and Gritsenko, Alexey and Kingma, Diederik P and Poole, Ben and Norouzi, Mohammad and Fleet, David J and others},
  journal={arXiv preprint arXiv:2210.02303},
  year={2022}
}
@inproceedings{blattmann2023align,
  title={Align your latents: High-resolution video synthesis with latent diffusion models},
  author={Blattmann, Andreas and Rombach, Robin and Ling, Huan and Dockhorn, Tim and Kim, Seung Wook and Fidler, Sanja and Kreis, Karsten},
  booktitle={Proceedings of the IEEE/CVF Conference on Computer Vision and Pattern Recognition},
  pages={22563--22575},
  year={2023}
}
@article{blattmann2023stable,
  title={Stable video diffusion: Scaling latent video diffusion models to large datasets},
  author={Blattmann, Andreas and Dockhorn, Tim and Kulal, Sumith and Mendelevitch, Daniel and Kilian, Maciej and Lorenz, Dominik and Levi, Yam and English, Zion and Voleti, Vikram and Letts, Adam and others},
  journal={arXiv preprint arXiv:2311.15127},
  year={2023}
}
@article{chen2024videocrafter2,
  title={Videocrafter2: Overcoming data limitations for high-quality video diffusion models},
  author={Chen, Haoxin and Zhang, Yong and Cun, Xiaodong and Xia, Menghan and Wang, Xintao and Weng, Chao and Shan, Ying},
  journal={arXiv preprint arXiv:2401.09047},
  year={2024}
}
@article{tian2024videotetris,
  title={VideoTetris: Towards Compositional Text-to-Video Generation},
  author={Tian, Ye and Yang, Ling and Yang, Haotian and Gao, Yuan and Deng, Yufan and Chen, Jingmin and Wang, Xintao and Yu, Zhaochen and Tao, Xin and Wan, Pengfei and others},
  journal={arXiv preprint arXiv:2406.04277},
  year={2024}
}
@article{yang2024cogvideox,
  title={Cogvideox: Text-to-video diffusion models with an expert transformer},
  author={Yang, Zhuoyi and Teng, Jiayan and Zheng, Wendi and Ding, Ming and Huang, Shiyu and Xu, Jiazheng and Yang, Yuanming and Hong, Wenyi and Zhang, Xiaohan and Feng, Guanyu and others},
  journal={arXiv preprint arXiv:2408.06072},
  year={2024}
}
@misc{genmo2024mochi,
      title={Mochi},
      author={Genmo Team},
      year={2024},
      howpublished = {\url{https://www.genmo.ai/ ,}},
}
@misc{flux,
      title={FLUX},
      author={Black Forest Lab},
      year={2024},
      howpublished = {\url{https://blackforestlabs.ai/ ,}},
}
@article{ho2022classifier,
  title={Classifier-free diffusion guidance},
  author={Ho, Jonathan and Salimans, Tim},
  journal={arXiv preprint arXiv:2207.12598},
  year={2022}
}
@article{salimans2022progressive,
  title={Progressive distillation for fast sampling of diffusion models},
  author={Salimans, Tim and Ho, Jonathan},
  journal={arXiv preprint arXiv:2202.00512},
  year={2022}
}
@inproceedings{sauer2025adversarial,
  title={Adversarial diffusion distillation},
  author={Sauer, Axel and Lorenz, Dominik and Blattmann, Andreas and Rombach, Robin},
  booktitle={European Conference on Computer Vision},
  pages={87--103},
  year={2025},
  organization={Springer}
}
@article{lin2024sdxl,
  title={Sdxl-lightning: Progressive adversarial diffusion distillation},
  author={Lin, Shanchuan and Wang, Anran and Yang, Xiao},
  journal={arXiv preprint arXiv:2402.13929},
  year={2024}
}
@article{sauer2024fast,
  title={Fast high-resolution image synthesis with latent adversarial diffusion distillation},
  author={Sauer, Axel and Boesel, Frederic and Dockhorn, Tim and Blattmann, Andreas and Esser, Patrick and Rombach, Robin},
  journal={arXiv preprint arXiv:2403.12015},
  year={2024}
}
@inproceedings{yin2024one,
  title={One-step diffusion with distribution matching distillation},
  author={Yin, Tianwei and Gharbi, Micha{\"e}l and Zhang, Richard and Shechtman, Eli and Durand, Fredo and Freeman, William T and Park, Taesung},
  booktitle={Proceedings of the IEEE/CVF Conference on Computer Vision and Pattern Recognition},
  pages={6613--6623},
  year={2024}
}
@article{luo2024diff,
  title={Diff-instruct: A universal approach for transferring knowledge from pre-trained diffusion models},
  author={Luo, Weijian and Hu, Tianyang and Zhang, Shifeng and Sun, Jiacheng and Li, Zhenguo and Zhang, Zhihua},
  journal={Advances in Neural Information Processing Systems},
  volume={36},
  year={2024}
}
@article{luo2024diff+,
  title={Diff-Instruct++: Training One-step Text-to-image Generator Model to Align with Human Preferences},
  author={Luo, Weijian},
  journal={arXiv preprint arXiv:2410.18881},
  year={2024}
}
@article{yin2024improved,
  title={Improved Distribution Matching Distillation for Fast Image Synthesis},
  author={Yin, Tianwei and Gharbi, Micha{\"e}l and Park, Taesung and Zhang, Richard and Shechtman, Eli and Durand, Fredo and Freeman, William T},
  journal={arXiv preprint arXiv:2405.14867},
  year={2024}
}
@article{salimans2024multistep,
  title={Multistep Distillation of Diffusion Models via Moment Matching},
  author={Salimans, Tim and Mensink, Thomas and Heek, Jonathan and Hoogeboom, Emiel},
  journal={arXiv preprint arXiv:2406.04103},
  year={2024}
}
@article{ren2024hyper,
  title={Hyper-sd: Trajectory segmented consistency model for efficient image synthesis},
  author={Ren, Yuxi and Xia, Xin and Lu, Yanzuo and Zhang, Jiacheng and Wu, Jie and Xie, Pan and Wang, Xing and Xiao, Xuefeng},
  journal={arXiv preprint arXiv:2404.13686},
  year={2024}
}
@article{song2023consistency,
  title={Consistency models},
  author={Song, Yang and Dhariwal, Prafulla and Chen, Mark and Sutskever, Ilya},
  journal={arXiv preprint arXiv:2303.01469},
  year={2023}
}
@article{kim2023consistency,
  title={Consistency trajectory models: Learning probability flow ode trajectory of diffusion},
  author={Kim, Dongjun and Lai, Chieh-Hsin and Liao, Wei-Hsiang and Murata, Naoki and Takida, Yuhta and Uesaka, Toshimitsu and He, Yutong and Mitsufuji, Yuki and Ermon, Stefano},
  journal={arXiv preprint arXiv:2310.02279},
  year={2023}
}
@article{zheng2024trajectory,
  title={Trajectory consistency distillation},
  author={Zheng, Jianbin and Hu, Minghui and Fan, Zhongyi and Wang, Chaoyue and Ding, Changxing and Tao, Dacheng and Cham, Tat-Jen},
  journal={arXiv preprint arXiv:2402.19159},
  year={2024}
}
@inproceedings{meng2023distillation,
  title={On distillation of guided diffusion models},
  author={Meng, Chenlin and Rombach, Robin and Gao, Ruiqi and Kingma, Diederik and Ermon, Stefano and Ho, Jonathan and Salimans, Tim},
  booktitle={Proceedings of the IEEE/CVF Conference on Computer Vision and Pattern Recognition},
  pages={14297--14306},
  year={2023}
}
@article{mao2024osv,
  title={Osv: One step is enough for high-quality image to video generation},
  author={Mao, Xiaofeng and Jiang, Zhengkai and Wang, Fu-Yun and Zhu, Wenbing and Zhang, Jiangning and Chen, Hao and Chi, Mingmin and Wang, Yabiao},
  journal={arXiv preprint arXiv:2409.11367},
  year={2024}
}
@article{yuan2024ditfastattn,
  title={DiTFastAttn: Attention Compression for Diffusion Transformer Models},
  author={Yuan, Zhihang and Lu, Pu and Zhang, Hanling and Ning, Xuefei and Zhang, Linfeng and Zhao, Tianchen and Yan, Shengen and Dai, Guohao and Wang, Yu},
  journal={arXiv preprint arXiv:2406.08552},
  year={2024}
}
@article{lv2024fastercache,
  title={FasterCache: Training-Free Video Diffusion Model Acceleration with High Quality},
  author={Lv, Zhengyao and Si, Chenyang and Song, Junhao and Yang, Zhenyu and Qiao, Yu and Liu, Ziwei and Wong, Kwan-Yee K},
  journal={arXiv preprint arXiv:2410.19355},
  year={2024}
}
@article{chen2024toward,
  title={Toward Guidance-Free AR Visual Generation via Condition Contrastive Alignment},
  author={Chen, Huayu and Su, Hang and Sun, Peize and Zhu, Jun},
  journal={arXiv preprint arXiv:2410.09347},
  year={2024}
}
@article{xia2024rectified,
  title={Rectified Diffusion Guidance for Conditional Generation},
  author={Xia, Mengfei and Xue, Nan and Shen, Yujun and Yi, Ran and Gong, Tieliang and Liu, Yong-Jin},
  journal={arXiv preprint arXiv:2410.18737},
  year={2024}
}
@article{cideron2024diversity,
  title={Diversity-Rewarded CFG Distillation},
  author={Cideron, Geoffrey and Agostinelli, Andrea and Ferret, Johan and Girgin, Sertan and Elie, Romuald and Bachem, Olivier and Perrin, Sarah and Ram{\'e}, Alexandre},
  journal={arXiv preprint arXiv:2410.06084},
  year={2024}
}
@article{sauer2023adversarial,
  title={Adversarial diffusion distillation},
  author={Sauer, Axel and Lorenz, Dominik and Blattmann, Andreas and Rombach, Robin},
  journal={arXiv preprint arXiv:2311.17042},
  year={2023}
}

@inproceedings{zhou2024score,
  title={Score identity distillation: Exponentially fast distillation of pretrained diffusion models for one-step generation},
  author={Zhou, Mingyuan and Zheng, Huangjie and Wang, Zhendong and Yin, Mingzhang and Huang, Hai},
  booktitle={ICML},
  year={2024}
}
@article{wang2024phased,
  title={Phased Consistency Model},
  author={Wang, Fu-Yun and Huang, Zhaoyang and Bergman, Alexander William and Shen, Dazhong and Gao, Peng and Lingelbach, Michael and Sun, Keqiang and Bian, Weikang and Song, Guanglu and Liu, Yu and others},
  journal={arXiv preprint arXiv:2405.18407},
  year={2024}
}
@article{wang2023videolcm,
  title={Videolcm: Video latent consistency model},
  author={Wang, Xiang and Zhang, Shiwei and Zhang, Han and Liu, Yu and Zhang, Yingya and Gao, Changxin and Sang, Nong},
  journal={arXiv preprint arXiv:2312.09109},
  year={2023}
}
@article{wang2024animatelcm,
  title={Animatelcm: Accelerating the animation of personalized diffusion models and adapters with decoupled consistency learning},
  author={Wang, Fu-Yun and Huang, Zhaoyang and Shi, Xiaoyu and Bian, Weikang and Song, Guanglu and Liu, Yu and Li, Hongsheng},
  journal={arXiv preprint arXiv:2402.00769},
  year={2024}
}
@article{zhang2024sf,
  title={SF-V: Single Forward Video Generation Model},
  author={Zhang, Zhixing and Li, Yanyu and Wu, Yushu and Xu, Yanwu and Kag, Anil and Skorokhodov, Ivan and Menapace, Willi and Siarohin, Aliaksandr and Cao, Junli and Metaxas, Dimitris and others},
  journal={arXiv preprint arXiv:2406.04324},
  year={2024}
}
@article{song2023improved,
  title={Improved techniques for training consistency models},
  author={Song, Yang and Dhariwal, Prafulla},
  journal={arXiv preprint arXiv:2310.14189},
  year={2023}
}
@article{heek2024multistep,
  title={Multistep consistency models},
  author={Heek, Jonathan and Hoogeboom, Emiel and Salimans, Tim},
  journal={arXiv preprint arXiv:2403.06807},
  year={2024}
}

@article{yan2024perflow,
  title={Perflow: Piecewise rectified flow as universal plug-and-play accelerator},
  author={Yan, Hanshu and Liu, Xingchao and Pan, Jiachun and Liew, Jun Hao and Liu, Qiang and Feng, Jiashi},
  journal={arXiv preprint arXiv:2405.07510},
  year={2024}
}
@article{kingma2021variational,
  title={Variational diffusion models},
  author={Kingma, Diederik and Salimans, Tim and Poole, Ben and Ho, Jonathan},
  journal={Advances in neural information processing systems},
  volume={34},
  pages={21696--21707},
  year={2021}
}
@article{bradley2024classifier,
  title={Classifier-free guidance is a predictor-corrector},
  author={Bradley, Arwen and Nakkiran, Preetum},
  journal={arXiv preprint arXiv:2408.09000},
  year={2024}
}
@article{masoudnia2014mixture,
  title={Mixture of experts: a literature survey},
  author={Masoudnia, Saeed and Ebrahimpour, Reza},
  journal={Artificial Intelligence Review},
  volume={42},
  pages={275--293},
  year={2014},
  publisher={Springer}
}
@article{zhou2022mixture,
  title={Mixture-of-experts with expert choice routing},
  author={Zhou, Yanqi and Lei, Tao and Liu, Hanxiao and Du, Nan and Huang, Yanping and Zhao, Vincent and Dai, Andrew M and Le, Quoc V and Laudon, James and others},
  journal={Advances in Neural Information Processing Systems},
  volume={35},
  pages={7103--7114},
  year={2022}
}
@article{fei2024scaling,
  title={Scaling diffusion transformers to 16 billion parameters},
  author={Fei, Zhengcong and Fan, Mingyuan and Yu, Changqian and Li, Debang and Huang, Junshi},
  journal={arXiv preprint arXiv:2407.11633},
  year={2024}
}
@inproceedings{peebles2023scalable,
  title={Scalable diffusion models with transformers},
  author={Peebles, William and Xie, Saining},
  booktitle={Proceedings of the IEEE/CVF International Conference on Computer Vision},
  pages={4195--4205},
  year={2023}
}
@misc{pan2023journeydb,
  title={JourneyDB: A Benchmark for Generative Image Understanding}, 
  author={Junting Pan and Keqiang Sun and Yuying Ge and Hao Li and Haodong Duan
          and Xiaoshi Wu and Renrui Zhang and Aojun Zhou and Zipeng Qin 
          and Yi Wang and Jifeng Dai and Yu Qiao and Hongsheng Li},
  year={2023},
  eprint={2307.00716},
  archivePrefix={arXiv},
  primaryClass={cs.CV}
}
@article{nan2024openvid,
  title={OpenVid-1M: A Large-Scale High-Quality Dataset for Text-to-video Generation},
  author={Nan, Kepan and Xie, Rui and Zhou, Penghao and Fan, Tiehan and Yang, Zhenheng and Chen, Zhijie and Li, Xiang and Yang, Jian and Tai, Ying},
  journal={arXiv preprint arXiv:2407.02371},
  year={2024}
}
@misc{yang2024vript,
      title={Vript: A Video Is Worth Thousands of Words}, 
      author={Dongjie Yang and Suyuan Huang and Chengqiang Lu and Xiaodong Han and Haoxin Zhang and Yan Gao and Yao Hu and Hai Zhao},
      year={2024},
      eprint={2406.06040},
      archivePrefix={arXiv},
      primaryClass={cs.CV}
}

@inproceedings{chen2024panda70m,
  title     = {Panda-70M: Captioning 70M Videos with Multiple Cross-Modality Teachers},
  author    = {Chen, Tsai-Shien and Siarohin, Aliaksandr and Menapace, Willi and Deyneka, Ekaterina and Chao, Hsiang-wei and Jeon, Byung Eun and Fang, Yuwei and Lee, Hsin-Ying and Ren, Jian and Yang, Ming-Hsuan and Tulyakov, Sergey},
  booktitle = {Proceedings of the IEEE/CVF Conference on Computer Vision and Pattern Recognition},
  year      = {2024}
}
@inproceedings{radford2021learning,
  title={Learning transferable visual models from natural language supervision},
  author={Radford, Alec and Kim, Jong Wook and Hallacy, Chris and Ramesh, Aditya and Goh, Gabriel and Agarwal, Sandhini and Sastry, Girish and Askell, Amanda and Mishkin, Pamela and Clark, Jack and others},
  booktitle={International conference on machine learning},
  pages={8748--8763},
  year={2021},
  organization={PMLR}
}

@article{xu2024imagereward,
  title={Imagereward: Learning and evaluating human preferences for text-to-image generation},
  author={Xu, Jiazheng and Liu, Xiao and Wu, Yuchen and Tong, Yuxuan and Li, Qinkai and Ding, Ming and Tang, Jie and Dong, Yuxiao},
  journal={Advances in Neural Information Processing Systems},
  volume={36},
  year={2024}
}
@article{kirstain2023pick,
  title={Pick-a-pic: An open dataset of user preferences for text-to-image generation},
  author={Kirstain, Yuval and Polyak, Adam and Singer, Uriel and Matiana, Shahbuland and Penna, Joe and Levy, Omer},
  journal={Advances in Neural Information Processing Systems},
  volume={36},
  pages={36652--36663},
  year={2023}
}
@inproceedings{zhang2024learning,
  title={Learning Multi-dimensional Human Preference for Text-to-Image Generation},
  author={Zhang, Sixian and Wang, Bohan and Wu, Junqiang and Li, Yan and Gao, Tingting and Zhang, Di and Wang, Zhongyuan},
  booktitle={Proceedings of the IEEE/CVF Conference on Computer Vision and Pattern Recognition},
  pages={8018--8027},
  year={2024}
}
@inproceedings{huang2024vbench,
  title={Vbench: Comprehensive benchmark suite for video generative models},
  author={Huang, Ziqi and He, Yinan and Yu, Jiashuo and Zhang, Fan and Si, Chenyang and Jiang, Yuming and Zhang, Yuanhan and Wu, Tianxing and Jin, Qingyang and Chanpaisit, Nattapol and others},
  booktitle={Proceedings of the IEEE/CVF Conference on Computer Vision and Pattern Recognition},
  pages={21807--21818},
  year={2024}
}
@article{chen2023pixart,
  title={Pixart-alpha: Fast training of diffusion transformer for photorealistic text-to-image synthesis},
  author={Chen, Junsong and Yu, Jincheng and Ge, Chongjian and Yao, Lewei and Xie, Enze and Wu, Yue and Wang, Zhongdao and Kwok, James and Luo, Ping and Lu, Huchuan and others},
  journal={arXiv preprint arXiv:2310.00426},
  year={2023}
}
@article{castillo2023adaptive,
  title={Adaptive guidance: Training-free acceleration of conditional diffusion models},
  author={Castillo, Angela and Kohler, Jonas and P{\'e}rez, Juan C and P{\'e}rez, Juan Pablo and Pumarola, Albert and Ghanem, Bernard and Arbel{\'a}ez, Pablo and Thabet, Ali},
  journal={arXiv preprint arXiv:2312.12487},
  year={2023}
}
@article{huang2023t2i,
  title={T2i-compbench: A comprehensive benchmark for open-world compositional text-to-image generation},
  author={Huang, Kaiyi and Sun, Kaiyue and Xie, Enze and Li, Zhenguo and Liu, Xihui},
  journal={Advances in Neural Information Processing Systems},
  volume={36},
  pages={78723--78747},
  year={2023}
}
@article{hps,
  title={Human preference score v2: A solid benchmark for evaluating human preferences of text-to-image synthesis},
  author={Wu, Xiaoshi and Hao, Yiming and Sun, Keqiang and Chen, Yixiong and Zhu, Feng and Zhao, Rui and Li, Hongsheng},
  journal={arXiv preprint arXiv:2306.09341},
  year={2023}
}
@article{sun2024t2v,
  title={T2V-CompBench: A Comprehensive Benchmark for Compositional Text-to-video Generation},
  author={Sun, Kaiyue and Huang, Kaiyi and Liu, Xian and Wu, Yue and Xu, Zihan and Li, Zhenguo and Liu, Xihui},
  journal={arXiv preprint arXiv:2407.14505},
  year={2024}
}

@inproceedings{
black2024training,
title={Training Diffusion Models with Reinforcement Learning},
author={Kevin Black and Michael Janner and Yilun Du and Ilya Kostrikov and Sergey Levine},
booktitle={The Twelfth International Conference on Learning Representations},
year={2024},
}
@inproceedings{wallace2024diffusion,
  title={Diffusion model alignment using direct preference optimization},
  author={Wallace, Bram and Dang, Meihua and Rafailov, Rafael and Zhou, Linqi and Lou, Aaron and Purushwalkam, Senthil and Ermon, Stefano and Xiong, Caiming and Joty, Shafiq and Naik, Nikhil},
  booktitle={Proceedings of the IEEE/CVF Conference on Computer Vision and Pattern Recognition},
  pages={8228--8238},
  year={2024}
}
@inproceedings{wallace2023end,
  title={End-to-end diffusion latent optimization improves classifier guidance},
  author={Wallace, Bram and Gokul, Akash and Ermon, Stefano and Naik, Nikhil},
  booktitle={Proceedings of the IEEE/CVF International Conference on Computer Vision},
  pages={7280--7290},
  year={2023}
}
@inproceedings{bansal2023universal,
  title={Universal guidance for diffusion models},
  author={Bansal, Arpit and Chu, Hong-Min and Schwarzschild, Avi and Sengupta, Soumyadip and Goldblum, Micah and Geiping, Jonas and Goldstein, Tom},
  booktitle={Proceedings of the IEEE/CVF Conference on Computer Vision and Pattern Recognition},
  pages={843--852},
  year={2023}
}
@article{prabhudesai2023aligning,
  title={Aligning text-to-image diffusion models with reward backpropagation},
  author={Prabhudesai, Mihir and Goyal, Anirudh and Pathak, Deepak and Fragkiadaki, Katerina},
  journal={arXiv preprint arXiv:2310.03739},
  year={2023}
}
@inproceedings{
clark2024directly,
title={Directly Fine-Tuning Diffusion Models on Differentiable Rewards},
author={Kevin Clark and Paul Vicol and Kevin Swersky and David J. Fleet},
booktitle={The Twelfth International Conference on Learning Representations},
year={2024},
}

@inproceedings{zhang2024realcompo,
  title={Realcompo: Balancing realism and compositionality improves text-to-image diffusion models},
  author={Zhang, Xinchen and Yang, Ling and Cai, Yaqi and Yu, Zhaochen and Wang, Kai-Ni and Tian, Ye and Xu, Minkai and Tang, Yong and Yang, Yujiu and Bin, CUI and others},
  booktitle={The Thirty-eighth Annual Conference on Neural Information Processing Systems},
  year={2024}
}
@article{zhang2024itercomp,
  title={Itercomp: Iterative composition-aware feedback learning from model gallery for text-to-image generation},
  author={Zhang, Xinchen and Yang, Ling and Li, Guohao and Cai, Yaqi and Xie, Jiake and Tang, Yong and Yang, Yujiu and Wang, Mengdi and Cui, Bin},
  journal={arXiv preprint arXiv:2410.07171},
  year={2024}
}
@article{wang2024rectified,
  title={Rectified diffusion: Straightness is not your need in rectified flow},
  author={Wang, Fu-Yun and Yang, Ling and Huang, Zhaoyang and Wang, Mengdi and Li, Hongsheng},
  journal={arXiv preprint arXiv:2410.07303},
  year={2024}
}
@article{yang2024consistency,
  title={Consistency flow matching: Defining straight flows with velocity consistency},
  author={Yang, Ling and Zhang, Zixiang and Zhang, Zhilong and Liu, Xingchao and Xu, Minkai and Zhang, Wentao and Meng, Chenlin and Ermon, Stefano and Cui, Bin},
  journal={arXiv preprint arXiv:2407.02398},
  year={2024}
}
@article{tian2024videotetris,
  title={VideoTetris: Towards Compositional Text-to-Video Generation},
  author={Tian, Ye and Yang, Ling and Yang, Haotian and Gao, Yuan and Deng, Yufan and Chen, Jingmin and Wang, Xintao and Yu, Zhaochen and Tao, Xin and Wan, Pengfei and others},
  journal={arXiv preprint arXiv:2406.04277},
  year={2024}
}
@inproceedings{yang2024structure,
  title={Structure-Guided Adversarial Training of Diffusion Models},
  author={Yang, Ling and Qian, Haotian and Zhang, Zhilong and Liu, Jingwei and Cui, Bin},
  booktitle={Proceedings of the IEEE/CVF Conference on Computer Vision and Pattern Recognition},
  pages={7256--7266},
  year={2024}
}
@article{yang2024improving,
  title={Improving diffusion-based image synthesis with context prediction},
  author={Yang, Ling and Liu, Jingwei and Hong, Shenda and Zhang, Zhilong and Huang, Zhilin and Cai, Zheming and Zhang, Wentao and Cui, Bin},
  journal={Advances in Neural Information Processing Systems},
  volume={36},
  year={2024}
}
@inproceedings{yang2024mastering,
  title={Mastering text-to-image diffusion: Recaptioning, planning, and generating with multimodal llms},
  author={Yang, Ling and Yu, Zhaochen and Meng, Chenlin and Xu, Minkai and Ermon, Stefano and Bin, CUI},
  booktitle={Forty-first International Conference on Machine Learning},
  year={2024}
}
@article{yeh2024training,
  title={Training-free Diffusion Model Alignment with Sampling Demons},
  author={Yeh, Po-Hung and Lee, Kuang-Huei and Chen, Jun-Cheng},
  journal={arXiv preprint arXiv:2410.05760},
  year={2024}
}
@article{kim2024free,
  title={{Free$^{2}$Guide}: Gradient-Free Path Integral Control for Enhancing Text-to-Video Generation with Large Vision-Language Models},
  author={Kim, Jaemin and Kim, Bryan S and Ye, Jong Chul},
  journal={arXiv preprint arXiv:2411.17041},
  year={2024}
}
@inproceedings{liu2022flow,
  title={Flow Straight and Fast: Learning to Generate and Transfer Data with Rectified Flow},
  author={Liu, Xingchao and Gong, Chengyue and others},
  booktitle={The Eleventh International Conference on Learning Representations},
  year={2022}
}

@inproceedings{hoogeboom2022blurring,
  title={Blurring Diffusion Models},
  author={Hoogeboom, Emiel and Salimans, Tim},
  booktitle={The Eleventh International Conference on Learning Representations},
  year={2022}
}
@inproceedings{dockhorn2021score,
  title     = {Score-Based Generative Modeling with Critically-Damped Langevin Diffusion},
  author    = {Dockhorn, Tim and Vahdat, Arash and Kreis, Karsten},
  booktitle = {International Conference on Learning Representations},
  year      = {2021}
}
@inproceedings{lee2021priorgrad,
  title={PriorGrad: Improving Conditional Denoising Diffusion Models with Data-Dependent Adaptive Prior},
  author={Lee, Sang-gil and Kim, Heeseung and Shin, Chaehun and Tan, Xu and Liu, Chang and Meng, Qi and Qin, Tao and Chen, Wei and Yoon, Sungroh and Liu, Tie-Yan},
  booktitle={International Conference on Learning Representations},
  year={2021}
}
@article{karras2022elucidating,
  title={Elucidating the design space of diffusion-based generative models},
  author={Karras, Tero and Aittala, Miika and Aila, Timo and Laine, Samuli},
  journal={Advances in Neural Information Processing Systems},
  volume={35},
  pages={26565--26577},
  year={2022}
}
@inproceedings{popov2021grad,
  title={Grad-tts: A diffusion probabilistic model for text-to-speech},
  author={Popov, Vadim and Vovk, Ivan and Gogoryan, Vladimir and Sadekova, Tasnima and Kudinov, Mikhail},
  booktitle={International Conference on Machine Learning},
  pages={8599--8608},
  year={2021},
  organization={PMLR}
}
@inproceedings{zhang2021diffusion,
  title     = {Diffusion Normalizing Flow},
  author    = {Zhang, Qinsheng and Chen, Yongxin},
  booktitle = NIPS,
  volume    = {34},
  pages     = {16280--16291},
  year      = {2021}
}
@article{kim2022maximum,
  title={Maximum Likelihood Training of Implicit Nonlinear Diffusion Model},
  author={Kim, Dongjun and Na, Byeonghu and Kwon, Se Jung and Lee, Dongsoo and Kang, Wanmo and Moon, Il-chul},
  journal={Advances in Neural Information Processing Systems},
  volume={35},
  pages={32270--32284},
  year={2022}
}
@article{fan2024reinforcement,
  title={Reinforcement learning for fine-tuning text-to-image diffusion models},
  author={Fan, Ying and Watkins, Olivia and Du, Yuqing and Liu, Hao and Ryu, Moonkyung and Boutilier, Craig and Abbeel, Pieter and Ghavamzadeh, Mohammad and Lee, Kangwook and Lee, Kimin},
  journal={Advances in Neural Information Processing Systems},
  volume={36},
  year={2024}
}
@inproceedings{ueharafeedback,
  title={Feedback Efficient Online Fine-Tuning of Diffusion Models},
  author={Uehara, Masatoshi and Zhao, Yulai and Black, Kevin and Hajiramezanali, Ehsan and Scalia, Gabriele and Diamant, Nathaniel Lee and Tseng, Alex M and Levine, Sergey and Biancalani, Tommaso},
  booktitle={Forty-first International Conference on Machine Learning},
  year={2024}
}
@article{rafailov2024direct,
  title={Direct preference optimization: Your language model is secretly a reward model},
  author={Rafailov, Rafael and Sharma, Archit and Mitchell, Eric and Manning, Christopher D and Ermon, Stefano and Finn, Chelsea},
  journal={Advances in Neural Information Processing Systems},
  volume={36},
  year={2024}
}
@inproceedings{yang2024using,
  title={Using human feedback to fine-tune diffusion models without any reward model},
  author={Yang, Kai and Tao, Jian and Lyu, Jiafei and Ge, Chunjiang and Chen, Jiaxin and Shen, Weihan and Zhu, Xiaolong and Li, Xiu},
  booktitle={Proceedings of the IEEE/CVF Conference on Computer Vision and Pattern Recognition},
  pages={8941--8951},
  year={2024}
}
@inproceedings{yang2024cross,
  title={Cross-modal contextualized diffusion models for text-guided visual generation and editing},
  author={Yang, Ling and Zhang, Zhilong and Yu, Zhaochen and Liu, Jingwei and Xu, Minkai and Ermon, Stefano and Bin, CUI},
  booktitle={The Twelfth International Conference on Learning Representations},
  year={2024}
}
@inproceedings{
pan2024modelbased,
title={Model-based Diffusion for Trajectory Optimization},
author={Chaoyi Pan and Zeji Yi and Guanya Shi and Guannan Qu},
booktitle={The Thirty-eighth Annual Conference on Neural Information Processing Systems},
year={2024},
}

@article{huang2024symbolic,
  title={Symbolic music generation with non-differentiable rule guided diffusion},
  author={Huang, Yujia and Ghatare, Adishree and Liu, Yuanzhe and Hu, Ziniu and Zhang, Qinsheng and Sastry, Chandramouli S and Gururani, Siddharth and Oore, Sageev and Yue, Yisong},
  journal={arXiv preprint arXiv:2402.14285},
  year={2024}
}
@article{huang2024self,
  title={Self-Improvement in Language Models: The Sharpening Mechanism},
  author={Huang, Audrey and Block, Adam and Foster, Dylan J and Rohatgi, Dhruv and Zhang, Cyril and Simchowitz, Max and Ash, Jordan T and Krishnamurthy, Akshay},
  journal={arXiv preprint arXiv:2412.01951},
  year={2024}
}
@article{gao2024rebel,
  title={Rebel: Reinforcement learning via regressing relative rewards},
  author={Gao, Zhaolin and Chang, Jonathan D and Zhan, Wenhao and Oertell, Owen and Swamy, Gokul and Brantley, Kiant{\'e} and Joachims, Thorsten and Bagnell, J Andrew and Lee, Jason D and Sun, Wen},
  journal={arXiv preprint arXiv:2404.16767},
  year={2024}
}
@misc{flux2023,
    author={Black Forest Labs},
    title={FLUX},
    year={2023},
    howpublished={\url{https://github.com/black-forest-labs/flux}},
}
@article{saharia2022photorealistic,
  title={Photorealistic text-to-image diffusion models with deep language understanding},
  author={Saharia, Chitwan and Chan, William and Saxena, Saurabh and Li, Lala and Whang, Jay and Denton, Emily L and Ghasemipour, Kamyar and Gontijo Lopes, Raphael and Karagol Ayan, Burcu and Salimans, Tim and others},
  journal={Advances in neural information processing systems},
  volume={35},
  pages={36479--36494},
  year={2022}
}
@misc {zk_2024,
	author       = { {zk} },
	title        = { text-to-image-2M },
	year         = 2024,
	url          = { https://huggingface.co/datasets/jackyhate/text-to-image-2M },
	doi          = { 10.57967/hf/3066 },
	publisher    = { Hugging Face }
}
@misc{pokeman,
    author={lambdalabs},
    title={pokeman-blip-captions},
    year={2023},
    url={https://huggingface.co/datasets/lambdalabs/pokemon-blip-captions}
}
@article{ma2025inference,
  title={Inference-Time Scaling for Diffusion Models beyond Scaling Denoising Steps},
  author={Ma, Nanye and Tong, Shangyuan and Jia, Haolin and Hu, Hexiang and Su, Yu-Chuan and Zhang, Mingda and Yang, Xuan and Li, Yandong and Jaakkola, Tommi and Jia, Xuhui and others},
  journal={arXiv preprint arXiv:2501.09732},
  year={2025}
}
@article{wang2022diffusiondb,
  title={Diffusiondb: A large-scale prompt gallery dataset for text-to-image generative models},
  author={Wang, Zijie J and Montoya, Evan and Munechika, David and Yang, Haoyang and Hoover, Benjamin and Chau, Duen Horng},
  journal={arXiv preprint arXiv:2210.14896},
  year={2022}
}
