@inproceedings{dockhorn2021score,
  title     = {Score-Based Generative Modeling with Critically-Damped Langevin Diffusion},
  author    = {Dockhorn, Tim and Vahdat, Arash and Kreis, Karsten},
  booktitle = {International Conference on Learning Representations},
  year      = {2021}
}

@article{fan2024reinforcement,
  title={Reinforcement learning for fine-tuning text-to-image diffusion models},
  author={Fan, Ying and Watkins, Olivia and Du, Yuqing and Liu, Hao and Ryu, Moonkyung and Boutilier, Craig and Abbeel, Pieter and Ghavamzadeh, Mohammad and Lee, Kangwook and Lee, Kimin},
  journal={Advances in Neural Information Processing Systems},
  volume={36},
  year={2024}
}

@inproceedings{hoogeboom2022blurring,
  title={Blurring Diffusion Models},
  author={Hoogeboom, Emiel and Salimans, Tim},
  booktitle={The Eleventh International Conference on Learning Representations},
  year={2022}
}

@article{huang2024symbolic,
  title={Symbolic music generation with non-differentiable rule guided diffusion},
  author={Huang, Yujia and Ghatare, Adishree and Liu, Yuanzhe and Hu, Ziniu and Zhang, Qinsheng and Sastry, Chandramouli S and Gururani, Siddharth and Oore, Sageev and Yue, Yisong},
  journal={arXiv preprint arXiv:2402.14285},
  year={2024}
}

@article{karras2022elucidating,
  title={Elucidating the design space of diffusion-based generative models},
  author={Karras, Tero and Aittala, Miika and Aila, Timo and Laine, Samuli},
  journal={Advances in Neural Information Processing Systems},
  volume={35},
  pages={26565--26577},
  year={2022}
}

@article{kim2022maximum,
  title={Maximum Likelihood Training of Implicit Nonlinear Diffusion Model},
  author={Kim, Dongjun and Na, Byeonghu and Kwon, Se Jung and Lee, Dongsoo and Kang, Wanmo and Moon, Il-chul},
  journal={Advances in Neural Information Processing Systems},
  volume={35},
  pages={32270--32284},
  year={2022}
}

@article{kim2024free,
  title={{Free$^{2}$Guide}: Gradient-Free Path Integral Control for Enhancing Text-to-Video Generation with Large Vision-Language Models},
  author={Kim, Jaemin and Kim, Bryan S and Ye, Jong Chul},
  journal={arXiv preprint arXiv:2411.17041},
  year={2024}
}

@article{kingma2021variational,
  title={Variational diffusion models},
  author={Kingma, Diederik and Salimans, Tim and Poole, Ben and Ho, Jonathan},
  journal={Advances in neural information processing systems},
  volume={34},
  pages={21696--21707},
  year={2021}
}

@inproceedings{lee2021priorgrad,
  title={PriorGrad: Improving Conditional Denoising Diffusion Models with Data-Dependent Adaptive Prior},
  author={Lee, Sang-gil and Kim, Heeseung and Shin, Chaehun and Tan, Xu and Liu, Chang and Meng, Qi and Qin, Tao and Chen, Wei and Yoon, Sungroh and Liu, Tie-Yan},
  booktitle={International Conference on Learning Representations},
  year={2021}
}

@inproceedings{liu2022flow,
  title={Flow Straight and Fast: Learning to Generate and Transfer Data with Rectified Flow},
  author={Liu, Xingchao and Gong, Chengyue and others},
  booktitle={The Eleventh International Conference on Learning Representations},
  year={2022}
}

@article{ma2025inference,
  title={Inference-Time Scaling for Diffusion Models beyond Scaling Denoising Steps},
  author={Ma, Nanye and Tong, Shangyuan and Jia, Haolin and Hu, Hexiang and Su, Yu-Chuan and Zhang, Mingda and Yang, Xuan and Li, Yandong and Jaakkola, Tommi and Jia, Xuhui and others},
  journal={arXiv preprint arXiv:2501.09732},
  year={2025}
}

@inproceedings{popov2021grad,
  title={Grad-tts: A diffusion probabilistic model for text-to-speech},
  author={Popov, Vadim and Vovk, Ivan and Gogoryan, Vladimir and Sadekova, Tasnima and Kudinov, Mikhail},
  booktitle={International Conference on Machine Learning},
  pages={8599--8608},
  year={2021},
  organization={PMLR}
}

@inproceedings{ueharafeedback,
  title={Feedback Efficient Online Fine-Tuning of Diffusion Models},
  author={Uehara, Masatoshi and Zhao, Yulai and Black, Kevin and Hajiramezanali, Ehsan and Scalia, Gabriele and Diamant, Nathaniel Lee and Tseng, Alex M and Levine, Sergey and Biancalani, Tommaso},
  booktitle={Forty-first International Conference on Machine Learning},
  year={2024}
}

@inproceedings{wallace2024diffusion,
  title={Diffusion model alignment using direct preference optimization},
  author={Wallace, Bram and Dang, Meihua and Rafailov, Rafael and Zhou, Linqi and Lou, Aaron and Purushwalkam, Senthil and Ermon, Stefano and Xiong, Caiming and Joty, Shafiq and Naik, Nikhil},
  booktitle={Proceedings of the IEEE/CVF Conference on Computer Vision and Pattern Recognition},
  pages={8228--8238},
  year={2024}
}

@article{xu2024imagereward,
  title={Imagereward: Learning and evaluating human preferences for text-to-image generation},
  author={Xu, Jiazheng and Liu, Xiao and Wu, Yuchen and Tong, Yuxuan and Li, Qinkai and Ding, Ming and Tang, Jie and Dong, Yuxiao},
  journal={Advances in Neural Information Processing Systems},
  volume={36},
  year={2024}
}

@article{yang2024consistency,
  title={Consistency flow matching: Defining straight flows with velocity consistency},
  author={Yang, Ling and Zhang, Zixiang and Zhang, Zhilong and Liu, Xingchao and Xu, Minkai and Zhang, Wentao and Meng, Chenlin and Ermon, Stefano and Cui, Bin},
  journal={arXiv preprint arXiv:2407.02398},
  year={2024}
}

@inproceedings{yang2024cross,
  title={Cross-modal contextualized diffusion models for text-guided visual generation and editing},
  author={Yang, Ling and Zhang, Zhilong and Yu, Zhaochen and Liu, Jingwei and Xu, Minkai and Ermon, Stefano and Bin, CUI},
  booktitle={The Twelfth International Conference on Learning Representations},
  year={2024}
}

@inproceedings{yang2024using,
  title={Using human feedback to fine-tune diffusion models without any reward model},
  author={Yang, Kai and Tao, Jian and Lyu, Jiafei and Ge, Chunjiang and Chen, Jiaxin and Shen, Weihan and Zhu, Xiaolong and Li, Xiu},
  booktitle={Proceedings of the IEEE/CVF Conference on Computer Vision and Pattern Recognition},
  pages={8941--8951},
  year={2024}
}

@article{yeh2024training,
  title={Training-free Diffusion Model Alignment with Sampling Demons},
  author={Yeh, Po-Hung and Lee, Kuang-Huei and Chen, Jun-Cheng},
  journal={arXiv preprint arXiv:2410.05760},
  year={2024}
}

@inproceedings{zhang2021diffusion,
  title     = {Diffusion Normalizing Flow},
  author    = {Zhang, Qinsheng and Chen, Yongxin},
  booktitle = NIPS,
  volume    = {34},
  pages     = {16280--16291},
  year      = {2021}
}

@article{zhang2024itercomp,
  title={Itercomp: Iterative composition-aware feedback learning from model gallery for text-to-image generation},
  author={Zhang, Xinchen and Yang, Ling and Li, Guohao and Cai, Yaqi and Xie, Jiake and Tang, Yong and Yang, Yujiu and Wang, Mengdi and Cui, Bin},
  journal={arXiv preprint arXiv:2410.07171},
  year={2024}
}

@inproceedings{zhang2025itercomp,
  title={IterComp: Iterative Composition-Aware Feedback Learning from Model Gallery for Text-to-Image Generation},
  author={Zhang, Xinchen and Yang, Ling and Li, Guohao and Cai, Yaqi and Xie, Jiake and  Tang, Yong and Yang, Yujiu and Wang, Mengdi and Cui, Bin},
  booktitle={International Conference on Learning Representations},
  year={2025}
}

