@article{ashley2016towardsprecisionmedicine,
  title={Towards precision medicine},
  author={Ashley, Euan A},
  journal={Nature Reviews Genetics},
  volume={17},
  number={9},
  pages={507--522},
  year={2016},
  publisher={Nature Publishing Group UK London}
}

@article{cano2020gwastofunction,
  title={From GWAS to function: using functional genomics to identify the mechanisms underlying complex diseases},
  author={Cano-Gamez, Eddie and Trynka, Gosia},
  journal={Frontiers in genetics},
  volume={11},
  pages={424},
  year={2020},
  publisher={Frontiers Media SA}
}

@article{chaisson2015geneticdenovo,
  title={Genetic variation and the de novo assembly of human genomes},
  author={Chaisson, Mark JP and Wilson, Richard K and Eichler, Evan E},
  journal={Nature Reviews Genetics},
  volume={16},
  number={11},
  pages={627--640},
  year={2015},
  publisher={Nature Publishing Group UK London}
}

@article{gage2016gwascantellus,
  title={G= E: What GWAS can tell us about the environment},
  author={Gage, Suzanne H and Davey Smith, George and Ware, Jennifer J and Flint, Jonathan and Munafo, Marcus R},
  journal={PLoS genetics},
  volume={12},
  number={2},
  pages={e1005765},
  year={2016},
  publisher={Public Library of Science San Francisco, CA USA}
}

@article{ginsburg2009genomicpersonalized,
  title={Genomic and personalized medicine: foundations and applications},
  author={Ginsburg, Geoffrey S and Willard, Huntington F},
  journal={Translational research},
  volume={154},
  number={6},
  pages={277--287},
  year={2009},
  publisher={Elsevier}
}

@article{mansouri2020newdnacompression,
  title={A new lossless DNA compression algorithm based on a single-block encoding scheme},
  author={Mansouri, Deloula and Yuan, Xiaohui and Saidani, Abdeldjalil},
  journal={Algorithms},
  volume={13},
  number={4},
  pages={99},
  year={2020},
  publisher={MDPI}
}

@article{offit2011personalizedmedicine,
  title={Personalized medicine: new genomics, old lessons},
  author={Offit, Kenneth},
  journal={Human genetics},
  volume={130},
  pages={3--14},
  year={2011},
  publisher={Springer}
}

@article{silva2020efficientdnann,
  title={Efficient DNA sequence compression with neural networks},
  author={Silva, Milton and Pratas, Diogo and Pinho, Armando J},
  journal={GigaScience},
  volume={9},
  number={11},
  pages={giaa119},
  year={2020},
  publisher={Oxford University Press}
}

@article{varshney2021designingfuturecrops,
  title={Designing future crops: genomics-assisted breeding comes of age},
  author={Varshney, Rajeev K and Bohra, Abhishek and Yu, Jianming and Graner, Andreas and Zhang, Qifa and Sorrells, Mark E},
  journal={Trends in Plant Science},
  volume={26},
  number={6},
  pages={631--649},
  year={2021},
  publisher={Elsevier}
}

