@article{stephens2015bigdatagenomics,
  title={Big data: astronomical or genomical?},
  author={Stephens, Zachary D and Lee, Skylar Y and Faghri, Faraz and Campbell, Roy H and Zhai, Chengxiang and Efron, Miles J and Iyer, Ravishankar and Schatz, Michael C and Sinha, Saurabh and Robinson, Gene E},
  journal={PLoS biology},
  volume={13},
  number={7},
  pages={e1002195},
  year={2015},
  publisher={Public Library of Science San Francisco, CA USA}
}


@article{varshney2021designingfuturecrops,
  title={Designing future crops: genomics-assisted breeding comes of age},
  author={Varshney, Rajeev K and Bohra, Abhishek and Yu, Jianming and Graner, Andreas and Zhang, Qifa and Sorrells, Mark E},
  journal={Trends in Plant Science},
  volume={26},
  number={6},
  pages={631--649},
  year={2021},
  publisher={Elsevier}
}


@misc{dna_sequencing_cost,
	title        = {DNA Sequencing Costs: Data},
	author       = {National Human Genome Research Insititute},
	url          = {https://www.genome.gov/about-genomics/fact-sheets/DNA-Sequencing-Costs-Data},
	year         = {2022},
	lastaccessed ={November 20, 2024},
}

@misc{genbank_bases,
	title        = {GenBank and WGS Statistics},
	author       = {National Center for Biotechnology Information},
	url          = {https://www.ncbi.nlm.nih.gov/genbank/statistics/},
	year         = {2024},
	lastaccessed ={November 20, 2024},
}

@article{offit2011personalizedmedicine,
  title={Personalized medicine: new genomics, old lessons},
  author={Offit, Kenneth},
  journal={Human genetics},
  volume={130},
  pages={3--14},
  year={2011},
  publisher={Springer}
}

@article{ginsburg2009genomicpersonalized,
  title={Genomic and personalized medicine: foundations and applications},
  author={Ginsburg, Geoffrey S and Willard, Huntington F},
  journal={Translational research},
  volume={154},
  number={6},
  pages={277--287},
  year={2009},
  publisher={Elsevier}
}


@article{chaisson2015geneticdenovo,
  title={Genetic variation and the de novo assembly of human genomes},
  author={Chaisson, Mark JP and Wilson, Richard K and Eichler, Evan E},
  journal={Nature Reviews Genetics},
  volume={16},
  number={11},
  pages={627--640},
  year={2015},
  publisher={Nature Publishing Group UK London}
}

@article{ashley2016towardsprecisionmedicine,
  title={Towards precision medicine},
  author={Ashley, Euan A},
  journal={Nature Reviews Genetics},
  volume={17},
  number={9},
  pages={507--522},
  year={2016},
  publisher={Nature Publishing Group UK London}
}



@article{alser2017gatekeeper,
  title={GateKeeper: a new hardware architecture for accelerating pre-alignment in DNA short read mapping},
  author={Alser, Mohammed and Hassan, Hasan and Xin, Hongyi and Ergin, O{\u{g}}uz and Mutlu, Onur and Alkan, Can},
  journal={Bioinformatics},
  volume={33},
  number={21},
  pages={3355--3363},
  year={2017},
  publisher={Oxford University Press}
}

@article{bingol2024gatekeepergpu,
  title={GateKeeper-GPU: Fast and accurate pre-alignment filtering in short read mapping},
  author={Bing{\"o}l, Z{\"u}lal and Alser, Mohammed and Mutlu, Onur and Ozturk, Ozcan and Alkan, Can},
  journal={IEEE Transactions on Computers},
  year={2024},
  publisher={IEEE}
}

@article{xin2015shiftedhammingdistance,
  title={Shifted Hamming distance: a fast and accurate SIMD-friendly filter to accelerate alignment verification in read mapping},
  author={Xin, Hongyi and Greth, John and Emmons, John and Pekhimenko, Gennady and Kingsford, Carl and Alkan, Can and Mutlu, Onur},
  journal={Bioinformatics},
  volume={31},
  number={10},
  pages={1553--1560},
  year={2015},
  publisher={Oxford University Press}
}

@article{alser2017magnet,
  title={MAGNET: understanding and improving the accuracy of genome pre-alignment filtering},
  author={Alser, Mohammed and Mutlu, Onur and Alkan, Can},
  journal={arXiv preprint arXiv:1707.01631},
  year={2017}
}

@article{alser2020sneakysnake,
  title={SneakySnake: a fast and accurate universal genome pre-alignment filter for CPUs, GPUs and FPGAs},
  author={Alser, Mohammed and Shahroodi, Taha and G{\'o}mez-Luna, Juan and Alkan, Can and Mutlu, Onur},
  journal={Bioinformatics},
  volume={36},
  number={22-23},
  pages={5282--5290},
  year={2020},
  publisher={Oxford University Press}
}

@article{alser2019shouji,
  title={Shouji: a fast and efficient pre-alignment filter for sequence alignment},
  author={Alser, Mohammed and Hassan, Hasan and Kumar, Akash and Mutlu, Onur and Alkan, Can},
  journal={Bioinformatics},
  volume={35},
  number={21},
  pages={4255--4263},
  year={2019},
  publisher={Oxford University Press}
}

@article{cano2020gwastofunction,
  title={From GWAS to function: using functional genomics to identify the mechanisms underlying complex diseases},
  author={Cano-Gamez, Eddie and Trynka, Gosia},
  journal={Frontiers in genetics},
  volume={11},
  pages={424},
  year={2020},
  publisher={Frontiers Media SA}
}
@article{gage2016gwascantellus,
  title={G= E: What GWAS can tell us about the environment},
  author={Gage, Suzanne H and Davey Smith, George and Ware, Jennifer J and Flint, Jonathan and Munafo, Marcus R},
  journal={PLoS genetics},
  volume={12},
  number={2},
  pages={e1005765},
  year={2016},
  publisher={Public Library of Science San Francisco, CA USA}
}

@article{mansouri2020newdnacompression,
  title={A new lossless DNA compression algorithm based on a single-block encoding scheme},
  author={Mansouri, Deloula and Yuan, Xiaohui and Saidani, Abdeldjalil},
  journal={Algorithms},
  volume={13},
  number={4},
  pages={99},
  year={2020},
  publisher={MDPI}
}

@article{silva2020efficientdnann,
  title={Efficient DNA sequence compression with neural networks},
  author={Silva, Milton and Pratas, Diogo and Pinho, Armando J},
  journal={GigaScience},
  volume={9},
  number={11},
  pages={giaa119},
  year={2020},
  publisher={Oxford University Press}
}

@article{leggett2016nanookmultireference,
  title={NanoOK: multi-reference alignment analysis of nanopore sequencing data, quality and error profiles},
  author={Leggett, Richard M and Heavens, Darren and Caccamo, Mario and Clark, Matthew D and Davey, Robert P},
  journal={Bioinformatics},
  volume={32},
  number={1},
  pages={142--144},
  year={2016},
  publisher={Oxford University Press}
}
@article{angiuoli2011mugsy,
  title={Mugsy: fast multiple alignment of closely related whole genomes},
  author={Angiuoli, Samuel V and Salzberg, Steven L},
  journal={Bioinformatics},
  volume={27},
  number={3},
  pages={334--342},
  year={2011},
  publisher={Oxford University Press}
}
@article{schmidt2019accurate,
  title={Accurate high throughput alignment via line sweep-based seed processing},
  author={Schmidt, Markus and Heese, Klaus and Kutzner, Arne},
  journal={Nature communications},
  volume={10},
  number={1},
  pages={1939},
  year={2019},
  publisher={Nature Publishing Group UK London}
}
@article{hohl2002efficient,
  title={Efficient multiple genome alignment},
  author={Hohl, Michael and Kurtz, Stefan and Ohlebusch, Enno},
  journal={Bioinformatics},
  volume={18},
  number={SUPPL. 1},
  year={2002}
}