%%%%% GPU + Genomic Compression
@inproceedings{guo2013gpu,
  title={GPU-accelerated adaptive compression framework for genomics data},
  author={Guo, GuiXin and Qiu, Shuang and Ye, ZhiQiang and Wang, BingQiang and Fang, Lin and Lu, Mian and See, Simon and Mao, Rui},
  booktitle={2013 IEEE International Conference on Big Data},
  pages={181--186},
  year={2013},
  organization={IEEE}
}
@inproceedings{amich2020gpu,
  author={Amich, Monica and Luca, Pasquale De and Fiscale, Stefano},
  booktitle={2020 19th International Symposium on Parallel and Distributed Computing (ISPDC)}, 
  title={Accelerated implementation of FQSqueezer novel genomic compression method}, 
  year={2020},
  volume={},
  number={},
  pages={158-163},
  doi={10.1109/ISPDC51135.2020.00030}
}
@inbook{deluca2022gpu,
author = {De luca, Pasquale and Di Mauro, Annabella and Fiscale, Stefano},
year = {2022},
month = {05},
pages = {457-466},
title = {On Next-Generation Sequencing Compression via Multi-GPU},
isbn = {978-3-030-96626-3},
doi = {10.1007/978-3-030-96627-0_42}
}


%%%%% GPU for Genomic Works
@article{liu2009cudasw++,
  title={CUDASW++: optimizing Smith-Waterman sequence database searches for CUDA-enabled graphics processing units},
  author={Liu, Yongchao and Maskell, Douglas L and Schmidt, Bertil},
  journal={BMC research notes},
  volume={2},
  pages={1--10},
  year={2009},
  publisher={Springer}
}
@article{liu2010cudasw++,
  title={CUDASW++ 2.0: enhanced Smith-Waterman protein database search on CUDA-enabled GPUs based on SIMT and virtualized SIMD abstractions},
  author={Liu, Yongchao and Schmidt, Bertil and Maskell, Douglas L},
  journal={BMC research notes},
  volume={3},
  pages={1--12},
  year={2010},
  publisher={Springer}
}
@article{jia2011metabing,
  title={MetaBinG: Using GPUs to accelerate metagenomic sequence classification},
  author={Jia, Peng and Xuan, Liming and Liu, Lei and Wei, Chaochun},
  journal={PloS one},
  volume={6},
  number={11},
  pages={e25353},
  year={2011},
  publisher={Public Library of Science San Francisco, USA}
}
@article{liu2013cudasw++,
  title={CUDASW++ 3.0: accelerating Smith-Waterman protein database search by coupling CPU and GPU SIMD instructions},
  author={Liu, Yongchao and Wirawan, Adrianto and Schmidt, Bertil},
  journal={BMC bioinformatics},
  volume={14},
  pages={1--10},
  year={2013},
  publisher={Springer}
}
@inproceedings{cho2013xsd,
  title={Xsd: Accelerating mapreduce by harnessing the gpu inside an ssd},
  author={Cho, Benjamin Y and Jeong, Won Seob and Oh, Doohwan and Ro, Won Woo},
  booktitle={Proceedings of the 1st Workshop on Near-Data Processing},
  year={2013}
}
@article{su2014gpu,
  title={GPU-Meta-Storms: computing the structure similarities among massive amount of microbial community samples using GPU},
  author={Su, Xiaoquan and Wang, Xuetao and Jing, Gongchao and Ning, Kang},
  journal={Bioinformatics},
  volume={30},
  number={7},
  pages={1031--1033},
  year={2014},
  publisher={Oxford University Press}
}
@article{liu2015gswabe,
  title={GSWABE: faster GPU-accelerated sequence alignment with optimal alignment retrieval for short DNA sequences},
  author={Liu, Yongchao and Schmidt, Bertil},
  journal={Concurrency and Computation: Practice and Experience},
  volume={27},
  number={4},
  pages={958--972},
  year={2015},
  publisher={Wiley Online Library}
}
@article{wilton2015arioc,
  title={Arioc: high-throughput read alignment with GPU-accelerated exploration of the seed-and-extend search space},
  author={Wilton, Richard and Budavari, Tamas and Langmead, Ben and Wheelan, Sarah J and Salzberg, Steven L and Szalay, Alexander S},
  journal={PeerJ},
  volume={3},
  pages={e808},
  year={2015},
  publisher={PeerJ Inc.}
}
@article{de2016cudalign,
  title={CUDAlign 4.0: Incremental speculative traceback for exact chromosome-wide alignment in GPU clusters},
  author={de Oliveira Sandes, Edans Flavius and Miranda, Guillermo and Martorell, Xavier and Ayguade, Eduard and Teodoro, George and Melo, Alba Cristina Magalhaes},
  journal={IEEE Transactions on Parallel and Distributed Systems},
  volume={27},
  number={10},
  pages={2838--2850},
  year={2016},
  publisher={IEEE}
}
@inproceedings{nishimura2017accelerating,
  title={Accelerating the Smith-waterman algorithm using bitwise parallel bulk computation technique on GPU},
  author={Nishimura, Takahiro and Bordim, Jacir L and Ito, Yasuaki and Nakano, Koji},
  booktitle={2017 IEEE International Parallel and Distributed Processing Symposium Workshops (IPDPSW)},
  pages={932--941},
  year={2017},
  organization={IEEE}
}
@article{kobus2017accelerating,
  title={Accelerating metagenomic read classification on CUDA-enabled GPUs},
  author={Kobus, Robin and Hundt, Christian and M{\"u}ller, Andr{\'e} and Schmidt, Bertil},
  journal={BMC bioinformatics},
  volume={18},
  pages={1--10},
  year={2017},
  publisher={Springer}
}
@article{houtgast2017efficient,
  title={An efficient gpuaccelerated implementation of genomic short read mapping with bwamem},
  author={Houtgast, Ernst Joachim and Sima, VladMihai and Bertels, Koen and AlArs, Zaid},
  journal={ACM SIGARCH Computer Architecture News},
  volume={44},
  number={4},
  pages={38--43},
  year={2017},
  publisher={ACM New York, NY, USA}
}
@article{cheng2018bitmapper2,
  title={Bitmapper2: A GPU-accelerated all-mapper based on the sparse Q-gram index},
  author={Cheng, Haoyu and Zhang, Yong and Xu, Yun},
  journal={IEEE/ACM Transactions on Computational Biology and Bioinformatics},
  volume={16},
  number={3},
  pages={886--897},
  year={2018},
  publisher={IEEE}
}
@article{ahmed2019gasal2,
  title={GASAL2: a GPU accelerated sequence alignment library for high-throughput NGS data},
  author={Ahmed, Nauman and L{\'e}vy, Jonathan and Ren, Shanshan and Mushtaq, Hamid and Bertels, Koen and Al-Ars, Zaid},
  journal={BMC bioinformatics},
  volume={20},
  pages={1--20},
  year={2019},
  publisher={Springer}
}
@inproceedings{zeni2020logan,
  title={Logan: High-performance gpu-based x-drop long-read alignment},
  author={Zeni, Alberto and Guidi, Giulia and Ellis, Marquita and Ding, Nan and Santambrogio, Marco D and Hofmeyr, Steven and Bulu{\c{c}}, Ayd{\i}n and Oliker, Leonid and Yelick, Katherine},
  booktitle={2020 IEEE International Parallel and Distributed Processing Symposium (IPDPS)},
  pages={462--471},
  year={2020},
  organization={IEEE}
}
@article{gamaarachchi2020gpu,
  title={GPU accelerated adaptive banded event alignment for rapid comparative nanopore signal analysis},
  author={Gamaarachchi, Hasindu and Lam, Chun Wai and Jayatilaka, Gihan and Samarakoon, Hiruna and Simpson, Jared T and Smith, Martin A and Parameswaran, Sri},
  journal={BMC bioinformatics},
  volume={21},
  pages={1--13},
  year={2020},
  publisher={Springer}
}
@inproceedings{kobus2021metacache,
  title={MetaCache-GPU: ultra-fast metagenomic classification},
  author={Kobus, Robin and M{\"u}ller, Andr{\'e} and J{\"u}nger, Daniel and Hundt, Christian and Schmidt, Bertil},
  booktitle={Proceedings of the 50th International Conference on Parallel Processing},
  pages={1--11},
  year={2021}
}
@article{wang2023gpmeta,
  title={GPMeta: a GPU-accelerated method for ultrarapid pathogen identification from metagenomic sequences},
  author={Wang, Xuebin and Wang, Taifu and Xie, Zhihao and Zhang, Youjin and Xia, Shiqiang and Sun, Ruixue and He, Xinqiu and Xiang, Ruizhi and Zheng, Qiwen and Liu, Zhencheng and others},
  journal={Briefings in Bioinformatics},
  volume={24},
  number={2},
  pages={bbad092},
  year={2023},
  publisher={Oxford University Press}
}
@article{ju2024seedhitgpu,
  title={SeedHit: a GPU friendly pre-align filtering algorithm},
  author={Ju, Zhen and Zhang, Jingjing and Li, Xuelei and Meng, Jintao and Wei, Yanjie},
  journal={IEEE/ACM Transactions on Computational Biology and Bioinformatics},
  year={2024},
  publisher={IEEE}
}


%%%%% FPGA + Genomic Compression
@inproceedings{arram2015fpgareferencecompressiongenomic,
  title={FPGA acceleration of reference-based compression for genomic data},
  author={Arram, James and Pflanzer, Moritz and Kaplan, Thomas and Luk, Wayne},
  booktitle={2015 International Conference on Field Programmable Technology (FPT)},
  pages={9--16},
  year={2015},
  organization={IEEE}
}
@article{chen2023efficientsequencingcompressionfpga,
  title={Efficient sequencing data compression and FPGA acceleration based on a two-step framework},
  author={Chen, Shifu and Chen, Yaru and Wang, Zhouyang and Qin, Wenjian and Zhang, Jing and Nand, Heera and Zhang, Jishuai and Li, Jun and Zhang, Xiaoni and Liang, Xiaoming and others},
  journal={Frontiers in Genetics},
  volume={14},
  pages={1260531},
  year={2023},
  publisher={Frontiers Media SA}
}


%%%%% FPGA + Genomic-related Works
%%% Better than GPU
@inproceedings{chen2016spark,
  title={When Spark Meets $\{$FPGAs$\}$: A Case Study for $\{$Next-Generation$\}$$\{$DNA$\}$ Sequencing Acceleration},
  author={Chen, Yu-Ting and Cong, Jason and Fang, Zhenman and Lei, Jie and Wei, Peng},
  booktitle={8th USENIX Workshop on Hot Topics in Cloud Computing (HotCloud 16)},
  year={2016}
}
@article{fei2018fpgasw,
  title={FPGASW: accelerating large-scale Smith--Waterman sequence alignment application with backtracking on FPGA linear systolic array},
  author={Fei, Xia and Dan, Zou and Lina, Lu and Xin, Man and Chunlei, Zhang},
  journal={Interdisciplinary Sciences: Computational Life Sciences},
  volume={10},
  pages={176--188},
  year={2018},
  publisher={Springer}
}
@article{rucci2018swifold,
  title={SWIFOLD: Smith-Waterman implementation on FPGA with OpenCL for long DNA sequences},
  author={Rucci, Enzo and Garcia, Carlos and Botella, Guillermo and De Giusti, Armando and Naiouf, Marcelo and Prieto-Matias, Manuel},
  journal={BMC systems biology},
  volume={12},
  pages={43--53},
  year={2018},
  publisher={Springer}
}
@inproceedings{wu2019fpga,
  title={FPGA accelerated INDEL realignment in the cloud},
  author={Wu, Lisa and Bruns-Smith, David and Nothaft, Frank A and Huang, Qijing and Karandikar, Sagar and Le, Johnny and Lin, Andrew and Mao, Howard and Sweeney, Brendan and Asanovi{\'c}, Krste and others},
  booktitle={2019 IEEE International Symposium on High Performance Computer Architecture (HPCA)},
  pages={277--290},
  year={2019},
  organization={IEEE}
}
@inproceedings{guo2019fpga,
  author={Guo, Licheng and Lau, Jason and Ruan, Zhenyuan and Wei, Peng and Cong, Jason},
  booktitle={2019 IEEE 27th Annual International Symposium on Field-Programmable Custom Computing Machines (FCCM)}, 
  title={Hardware Acceleration of Long Read Pairwise Overlapping in Genome Sequencing: A Race Between FPGA and GPU}, 
  year={2019},
  volume={},
  number={},
  pages={127-135},
  doi={10.1109/FCCM.2019.00027}
}
@inproceedings{fujiki2020seedex,
  title={SeedEx: A genome sequencing accelerator for optimal alignments in subminimal space},
  author={Fujiki, Daichi and Wu, Shunhao and Ozog, Nathan and Goliya, Kush and Blaauw, David and Narayanasamy, Satish and Das, Reetuparna},
  booktitle={2020 53rd Annual IEEE/ACM International Symposium on Microarchitecture (MICRO)},
  pages={937--950},
  year={2020},
  organization={IEEE}
}
@inproceedings{cheng24fpga,
author = {Cheng, Jie and Hu, Lifu and Xu, Wei and Chen, Hanhua and Xia, Tian},
title = {Hardware Acceleration of Minimap2 Genomic Sequence Alignment Algorithm},
year = {2024},
isbn = {9798400717932},
publisher = {Association for Computing Machinery},
address = {New York, NY, USA},
doi = {10.1145/3673038.3673158},
booktitle = {Proceedings of the 53rd International Conference on Parallel Processing},
pages = {887–897}
}

%%% Just use FPGA
@article{chen2014accelerating,
  title={Accelerating the next generation long read mapping with the FPGA-based system},
  author={Chen, Peng and Wang, Chao and Li, Xi and Zhou, Xuehai},
  journal={IEEE/ACM transactions on computational biology and bioinformatics},
  volume={11},
  number={5},
  pages={840--852},
  year={2014},
  publisher={IEEE}
}
@inproceedings{zhao2017streaming,
  title={Streaming sorting network based BWT acceleration on FPGA for lossless compression},
  author={Zhao, Baofu and Li, Yubin and Wang, Yu and Yang, Huazhong},
  booktitle={2017 International Conference on Field Programmable Technology (ICFPT)},
  pages={247--250},
  year={2017},
  organization={IEEE}
}
@inproceedings{liao2018adaptively,
  title={Adaptively banded smith-waterman algorithm for long reads and its hardware accelerator},
  author={Liao, Yi-Lun and Li, Yu-Cheng and Chen, Nae-Chyun and Lu, Yi-Chang},
  booktitle={2018 IEEE 29th International Conference on Application-specific Systems, Architectures and Processors (ASAP)},
  pages={1--9},
  year={2018},
  organization={IEEE}
}
@inproceedings{qiao2019fpga,
  title={An FPGA-based BWT accelerator for Bzip2 data compression},
  author={Qiao, Weikang and Fang, Zhenman and Chang, Mau-Chung Frank and Cong, Jason},
  booktitle={2019 IEEE 27th Annual International Symposium on Field-Programmable Custom Computing Machines (FCCM)},
  pages={96--99},
  year={2019},
  organization={IEEE}
}
@article{chen2021high,
  title={A high-throughput FPGA accelerator for short-read mapping of the whole human genome},
  author={Chen, Yen-Lung and Chang, Bo-Yi and Yang, Chia-Hsiang and Chiueh, Tzi-Dar},
  journal={IEEE Transactions on Parallel and Distributed Systems},
  volume={32},
  number={6},
  pages={1465--1478},
  year={2021},
  publisher={IEEE}
}
@inproceedings{haghi2021fpga,
  title={An FPGA accelerator of the wavefront algorithm for genomics pairwise alignment},
  author={Haghi, Abbas and Marco-Sola, Santiago and Alvarez, Lluc and Diamantopoulos, Dionysios and Hagleitner, Christoph and Moreto, Miquel},
  booktitle={2021 31st International Conference on Field-Programmable Logic and Applications (FPL)},
  pages={151--159},
  year={2021},
  organization={IEEE}
}
@inproceedings{li2021pipebsw,
  title={PipeBSW: A two-stage pipeline structure for banded Smith-Waterman algorithm on FPGA},
  author={Li, Luyi and Lin, Jun and Wang, Zhongfeng},
  booktitle={2021 IEEE Computer Society Annual Symposium on VLSI (ISVLSI)},
  pages={182--187},
  year={2021},
  organization={IEEE}
}
@article{liyanage2023efficient,
  title={Efficient end-to-end long-read sequence mapping using minimap2-fpga integrated with hardware accelerated chaining},
  author={Liyanage, Kisaru and Samarakoon, Hiruna and Parameswaran, Sri and Gamaarachchi, Hasindu},
  journal={Scientific Reports},
  volume={13},
  number={1},
  pages={20174},
  year={2023},
  publisher={Nature Publishing Group UK London}
}


%%%%% ASICs for Genomic Works
@article{madhavan2014race,
  title={Race logic: A hardware acceleration for dynamic programming algorithms},
  author={Madhavan, Advait and Sherwood, Timothy and Strukov, Dmitri},
  journal={ACM SIGARCH Computer Architecture News},
  volume={42},
  number={3},
  pages={517--528},
  year={2014},
  publisher={ACM New York, NY, USA}
}
@article{turakhia2017darwin,
  title={Darwin: A hardware-acceleration framework for genomic sequence alignment},
  author={Turakhia, Yatish and Zheng, Kevin Jie and Bejerano, Gill and Dally, William J},
  journal={Biorxiv},
  pages={092171},
  year={2017},
  publisher={Cold Spring Harbor Laboratory}
}
@inproceedings{huangfu2018radar,
  title={RADAR: A 3D-ReRAM based DNA alignment accelerator architecture},
  author={Huangfu, Wenqin and Li, Shuangchen and Hu, Xing and Xie, Yuan},
  booktitle={Proceedings of the 55th Annual Design Automation Conference},
  pages={1--6},
  year={2018}
}
@inproceedings{fujiki2018genax,
  title={GenAx: A genome sequencing accelerator},
  author={Fujiki, Daichi and Subramaniyan, Arun and Zhang, Tianjun and Zeng, Yu and Das, Reetuparna and Blaauw, David and Narayanasamy, Satish},
  booktitle={2018 ACM/IEEE 45th Annual International Symposium on Computer Architecture (ISCA)},
  pages={69--82},
  year={2018},
  organization={IEEE}
}
@article{turakhia2018darwin,
  title={Darwin: A genomics co-processor provides up to 15,000 x acceleration on long read assembly},
  author={Turakhia, Yatish and Bejerano, Gill and Dally, William J},
  journal={ACM SIGPLAN Notices},
  volume={53},
  number={2},
  pages={199--213},
  year={2018},
  publisher={ACM New York, NY, USA}
}
@inproceedings{turakhia2019darwin,
  title={Darwin-WGA: A co-processor provides increased sensitivity in whole genome alignments with high speedup},
  author={Turakhia, Yatish and Goenka, Sneha D and Bejerano, Gill and Dally, WIlliam J},
  booktitle={2019 IEEE International Symposium on High Performance Computer Architecture (HPCA)},
  pages={359--372},
  year={2019},
  organization={IEEE}
}


%%%%% PIM for Genomic Works
@article{zokaee2018aligner,
  title={Aligner: A process-in-memory architecture for short read alignment in rerams},
  author={Zokaee, Farzaneh and Zarandi, Hamid R and Jiang, Lei},
  journal={IEEE Computer Architecture Letters},
  volume={17},
  number={2},
  pages={237--240},
  year={2018},
  publisher={IEEE}
}
@inproceedings{angizi2019aligns,
  title={AlignS: A processing-in-memory accelerator for DNA short read alignment leveraging SOT-MRAM},
  author={Angizi, Shaahin and Sun, Jiao and Zhang, Wei and Fan, Deliang},
  booktitle={Proceedings of the 56th Annual Design Automation Conference 2019},
  pages={1--6},
  year={2019}
}
@inproceedings{gupta2019rapid,
  title={RAPID: A ReRAM processing in-memory architecture for DNA sequence alignment},
  author={Gupta, Saransh and Imani, Mohsen and Khaleghi, Behnam and Kumar, Venkatesh and Rosing, Tajana},
  booktitle={2019 IEEE/ACM International Symposium on Low Power Electronics and Design (ISLPED)},
  pages={1--6},
  year={2019},
  organization={IEEE}
}
@inproceedings{kaplan2020bioseal,
  title={BioSEAL: In-memory biological sequence alignment accelerator for large-scale genomic data},
  author={Kaplan, Roman and Yavits, Leonid and Ginosasr, Ran},
  booktitle={Proceedings of the 13th ACM International Systems and Storage Conference},
  pages={36--48},
  year={2020}
}
@inproceedings{chen2020parc,
  title={PARC: A processing-in-CAM architecture for genomic long read pairwise alignment using ReRAM},
  author={Chen, Fan and Song, Linghao and Chen, Yiran and others},
  booktitle={2020 25th Asia and South Pacific Design Automation Conference (ASP-DAC)},
  pages={175--180},
  year={2020},
  organization={IEEE}
}
@inproceedings{cali2020genasm,
  title={GenASM: A high-performance, low-power approximate string matching acceleration framework for genome sequence analysis},
  author={Cali, Damla Senol and Kalsi, Gurpreet S and Bing{\"o}l, Z{\"u}lal and Firtina, Can and Subramanian, Lavanya and Kim, Jeremie S and Ausavarungnirun, Rachata and Alser, Mohammed and Gomez-Luna, Juan and Boroumand, Amirali and others},
  booktitle={2020 53rd Annual IEEE/ACM International Symposium on Microarchitecture (MICRO)},
  pages={951--966},
  year={2020},
  organization={IEEE}
}
@article{khatamifard2021genvom,
  title={GeNVoM: Read mapping near non-volatile memory},
  author={Khatamifard, S Karen and Chowdhury, Zamshed and Pande, Nakul and Razaviyayn, Meisam and Kim, Chris and Karpuzcu, Ulya R},
  journal={IEEE/ACM Transactions on Computational Biology and Bioinformatics},
  volume={19},
  number={6},
  pages={3482--3496},
  year={2021},
  publisher={IEEE}
}
@article{li2021pim,
  title={PIM-Align: A processing-in-memory architecture for FM-Index search algorithm},
  author={Li, Xue-Qi and Tan, Guang-Ming and Sun, Ning-Hui},
  journal={Journal of Computer Science and Technology},
  volume={36},
  pages={56--70},
  year={2021},
  publisher={Springer}
}
@inproceedings{wu2021sieve,
  title={Sieve: Scalable in-situ dram-based accelerator designs for massively parallel k-mer matching},
  author={Wu, Lingxi and Sharifi, Rasool and Lenjani, Marzieh and Skadron, Kevin and Venkat, Ashish},
  booktitle={2021 ACM/IEEE 48th Annual International Symposium on Computer Architecture (ISCA)},
  pages={251--264},
  year={2021},
  organization={IEEE}
}
@inproceedings{shahroodi2022krakenonmem,
  title={KrakenOnMem: a memristor-augmented HW/SW framework for taxonomic profiling},
  author={Shahroodi, Taha and Zahedi, Mahdi and Singh, Abhairaj and Wong, Stephan and Hamdioui, Said},
  booktitle={Proceedings of the 36th ACM International Conference on Supercomputing},
  pages={1--14},
  year={2022}
}
@article{shahroodi2022demeter,
  title={Demeter: A fast and energy-efficient food profiler using hyperdimensional computing in memory},
  author={Shahroodi, Taha and Zahedi, Mahdi and Firtina, Can and Alser, Mohammed and Wong, Stephan and Mutlu, Onur and Hamdioui, Said},
  journal={IEEE Access},
  volume={10},
  pages={82493--82510},
  year={2022},
  publisher={IEEE}
}
@inproceedings{hanhan2022edam,
  title={EDAM: Edit distance tolerant approximate matching content addressable memory},
  author={Hanhan, Robert and Garz{\'o}n, Esteban and Jahshan, Zuher and Teman, Adam and Lanuzza, Marco and Yavits, Leonid},
  booktitle={Proceedings of the 49th Annual International Symposium on Computer Architecture},
  pages={495--507},
  year={2022}
}
@inproceedings{zou2022biohd,
  title={Biohd: an efficient genome sequence search platform using hyperdimensional memorization},
  author={Zou, Zhuowen and Chen, Hanning and Poduval, Prathyush and Kim, Yeseong and Imani, Mahdi and Sadredini, Elaheh and Cammarota, Rosario and Imani, Mohsen},
  booktitle={Proceedings of the 49th Annual International Symposium on Computer Architecture},
  pages={656--669},
  year={2022}
}
@inproceedings{jahshan2023dash,
  title={Dash-cam: dynamic approximate search content addressable memory for genome classification},
  author={Jahshan, Zuher and Merlin, Itay and Garz{\'o}n, Esteban and Yavits, Leonid},
  booktitle={Proceedings of the 56th Annual IEEE/ACM International Symposium on Microarchitecture},
  pages={1453--1465},
  year={2023}
}
@article{zhang2023aligner,
  title={Aligner-d: Leveraging in-dram computing to accelerate dna short read alignment},
  author={Zhang, Fan and Angizi, Shaahin and Sun, Jiao and Zhang, Wei and Fan, Deliang},
  journal={IEEE Journal on Emerging and Selected Topics in Circuits and Systems},
  volume={13},
  number={1},
  pages={332--343},
  year={2023},
  publisher={IEEE}
}


%%%%% Etc (Quantum, In-Memory) for Genomic Works
@article{sarkar2019algorithm,
  title={An algorithm for DNA read alignment on quantum accelerators},
  author={Sarkar, Aritra and Al-Ars, Zaid and Almudever, Carmen G and Bertels, Koen},
  journal={arXiv preprint arXiv:1909.05563},
  year={2019}
}
@article{sarkar2021quaser,
  title={QuASeR: Quantum Accelerated de novo DNA sequence reconstruction},
  author={Sarkar, Aritra and Al-Ars, Zaid and Bertels, Koen},
  journal={Plos one},
  volume={16},
  number={4},
  pages={e0249850},
  year={2021},
  publisher={Public Library of Science San Francisco, CA USA}
}
@inproceedings{mansouri2022genstore,
  title={GenStore: A high-performance in-storage processing system for genome sequence analysis},
  author={Mansouri Ghiasi, Nika and Park, Jisung and Mustafa, Harun and Kim, Jeremie and Olgun, Ataberk and Gollwitzer, Arvid and Senol Cali, Damla and Firtina, Can and Mao, Haiyu and Almadhoun Alserr, Nour and others},
  booktitle={Proceedings of the 27th ACM International Conference on Architectural Support for Programming Languages and Operating Systems},
  pages={635--654},
  year={2022}
}
@article{varsamis2023quantum,
  title={Quantum gate algorithm for reference-guided DNA sequence alignment},
  author={Varsamis, Georgios D and Karafyllidis, Ioannis G and Gilkes, KM and Arranz, U and Martin-Cuevas, R and Calleja, G and Dimitrakis, Panagiotis and Kolovos, P and Sandaltzopoulos, R and Jessen, HC and others},
  journal={Computational Biology and Chemistry},
  volume={107},
  pages={107959},
  year={2023},
  publisher={Elsevier}
}
@article{wu2024abakus,
  title={Abakus: Accelerating k-mer Counting with Storage Technology},
  author={Wu, Lingxi and Zhou, Minxuan and Xu, Weihong and Venkat, Ashish and Rosing, Tajana and Skadron, Kevin},
  journal={ACM Transactions on Architecture and Code Optimization},
  volume={21},
  number={1},
  pages={1--26},
  year={2024},
  publisher={ACM New York, NY}
}
@inproceedings{ghiasi2024megis,
  title={MegIS: High-Performance, Energy-Efficient, and Low-Cost Metagenomic Analysis with In-Storage Processing},
  author={Ghiasi, Nika Mansouri and Sadrosadati, Mohammad and Mustafa, Harun and Gollwitzer, Arvid and Firtina, Can and Eudine, Julien and Mao, Haiyu and Lindegger, Jo{\"e}l and Cavlak, Meryem Banu and Alser, Mohammed and others},
  booktitle={2024 ACM/IEEE 51st Annual International Symposium on Computer Architecture (ISCA)},
  pages={660--677},
  year={2024},
  organization={IEEE}
}


%%%%% Data Movement Overhead
@inproceedings{zhang2019flashgpu,
  title={Flashgpu: Placing new flash next to gpu cores},
  author={Zhang, Jie and Kwon, Miryeong and Kim, Hyojong and Kim, Hyesoon and Jung, Myoungsoo},
  booktitle={Proceedings of the 56th Annual Design Automation Conference 2019},
  pages={1--6},
  year={2019}
}
@inproceedings{dhar2019near,
  title={Near-memory and in-storage fpga acceleration for emerging cognitive computing workloads},
  author={Dhar, Ashutosh and Huang, Sitao and Xiong, Jinjun and Jamsek, Damir and Mesnet, Bruno and Huang, Jian and Kim, Nam Sung and Hwu, Wen-mei and Chen, Deming},
  booktitle={2019 IEEE Computer Society Annual Symposium on VLSI (ISVLSI)},
  pages={68--75},
  year={2019},
  organization={IEEE}
}
@inproceedings{lee2020optimizing,
  title={Optimizing Data Movement with Near-Memory Acceleration of In-memory DBMS.},
  author={Lee, Donghun and Chang, Andrew and Ahn, Minseon and Gim, Jongmin and Kim, Jungmin and Jung, Jaemin and Choi, Kang-Woo and Pham, Vincent and Rebholz, Oliver and Malladi, Krishna T and others},
  booktitle={EDBT},
  pages={371--374},
  year={2020}
}
@article{jonatan2024scalability,
  title={Scalability Limitations of Processing-in-Memory using Real System Evaluations},
  author={Jonatan, Gilbert and Cho, Haeyoon and Son, Hyojun and Wu, Xiangyu and Livesay, Neal and Mora, Evelio and Shivdikar, Kaustubh and Abell{\'a}n, Jos{\'e} L and Joshi, Ajay and Kaeli, David and others},
  journal={Proceedings of the ACM on Measurement and Analysis of Computing Systems},
  volume={8},
  number={1},
  pages={1--28},
  year={2024},
  publisher={ACM New York, NY, USA}
}


%%%%% Memory Capacity Scalability Uncertainty
@article{kim2015architectural,
  title={Architectural techniques to enhance DRAM scaling},
  author={Kim, Yoongu},
  journal={Ph. D. dissertation, Carnegie Mellon University},
  year={2015}
}
@inproceedings{shiratake2020scaling,
  title={Scaling and performance challenges of future DRAM},
  author={Shiratake, Shigeru},
  booktitle={2020 IEEE international memory workshop (IMW)},
  pages={1--3},
  year={2020},
  organization={IEEE}
}
@inproceedings{kim2024present,
  title={Present and Future, Challenges of High Bandwith Memory (HBM)},
  author={Kim, Kwiwook and Park, Myeong-jae},
  booktitle={2024 IEEE International Memory Workshop (IMW)},
  pages={1--4},
  year={2024},
  organization={IEEE}
}
@inproceedings{hyun2024pathfinding,
  title={Pathfinding Future PIM Architectures by Demystifying a Commercial PIM Technology},
  author={Hyun, Bongjoon and Kim, Taehun and Lee, Dongjae and Rhu, Minsoo},
  booktitle={2024 IEEE International Symposium on High-Performance Computer Architecture (HPCA)},
  pages={263--279},
  year={2024},
  organization={IEEE}
}


%%%%% Data Movement Accelerators
@inproceedings{mailthody2019deepstore,
  title={Deepstore: In-storage acceleration for intelligent queries},
  author={Mailthody, Vikram Sharma and Qureshi, Zaid and Liang, Weixin and Feng, Ziyan and De Gonzalo, Simon Garcia and Li, Youjie and Franke, Hubertus and Xiong, Jinjun and Huang, Jian and Hwu, Wen-mei},
  booktitle={Proceedings of the 52nd Annual IEEE/ACM International Symposium on Microarchitecture},
  pages={224--238},
  year={2019}
}
@inproceedings{liang2019ins,
  title={Ins-dla: An in-ssd deep learning accelerator for near-data processing},
  author={Liang, Shengwen and Wang, Ying and Liu, Cheng and Li, Huawei and Li, Xiaowei},
  booktitle={2019 29th International Conference on Field Programmable Logic and Applications (FPL)},
  pages={173--179},
  year={2019},
  organization={IEEE}
}
@inproceedings{zhang2020dram,
  title={DRAM-less: Hardware acceleration of data processing with new memory},
  author={Zhang, Jie and Park, Gyuyoung and Donofrio, David and Shalf, John and Jung, Myoungsoo},
  booktitle={2020 IEEE International symposium on high performance computer architecture (HPCA)},
  pages={287--302},
  year={2020},
  organization={IEEE}
}
@article{fang2020memory,
  title={In-memory database acceleration on FPGAs: a survey},
  author={Fang, Jian and Mulder, Yvo TB and Hidders, Jan and Lee, Jinho and Hofstee, H Peter},
  journal={The VLDB Journal},
  volume={29},
  pages={33--59},
  year={2020},
  publisher={Springer}
}
@article{preethi2020fpga,
  title={Fpga based hardware accelerator for data analytics: An overview},
  author={Preethi, Dr and KG, Dr Mohan and others},
  journal={Available at SSRN 3664586},
  year={2020}
}
@inproceedings{kim2021behemoth,
  title={Behemoth: a flash-centric training accelerator for extreme-scale $\{$DNNs$\}$},
  author={Kim, Shine and Jin, Yunho and Sohn, Gina and Bae, Jonghyun and Ham, Tae Jun and Lee, Jae W},
  booktitle={19th USENIX Conference on File and Storage Technologies (FAST 21)},
  pages={371--385},
  year={2021}
}
@article{singh2021fpga,
  title={FPGA-based near-memory acceleration of modern data-intensive applications},
  author={Singh, Gagandeep and Alser, Mohammed and Cali, Damla Senol and Diamantopoulos, Dionysios and G{\'o}mez-Luna, Juan and Corporaal, Henk and Mutlu, Onur},
  journal={IEEE Micro},
  volume={41},
  number={4},
  pages={39--48},
  year={2021},
  publisher={IEEE}
}
@article{zhou2022survey,
  title={Survey on storage-accelerator data movement},
  author={Zhou, Zixuan and Yi, Shushu and Zhang, Jie},
  journal={CCF Transactions on High Performance Computing},
  volume={4},
  number={4},
  pages={435--447},
  year={2022},
  publisher={Springer}
}
@article{knoben2023improving,
  title={Improving Performance of Hardware Accelerators by Optimizing Data Movement: A Bioinformatics Case Study},
  author={Knoben, Peter and Alachiotis, Nikolaos},
  journal={Electronics},
  volume={12},
  number={3},
  pages={586},
  year={2023},
  publisher={MDPI}
}

@misc{techpowerup_k20c,
    title        = {NVIDIA Tesla K20c specs},
	author       = {Techpowerup},
	url          = {https://www.techpowerup.com/gpu-specs/tesla-k20c.c564},
	lastaccessed ={November 20, 2024},
}
%%%%% Dataset
@article{raney2024ucsc,
  title={The UCSC genome browser database: 2024 update},
  author={Raney, Brian J and Barber, Galt P and Benet-Pag{\`e}s, Anna and Casper, Jonathan and Clawson, Hiram and Cline, Melissa S and Diekhans, Mark and Fischer, Clayton and Navarro Gonzalez, Jairo and Hickey, Glenn and others},
  journal={Nucleic Acids Research},
  volume={52},
  number={D1},
  pages={D1082--D1088},
  year={2024},
  publisher={Oxford University Press}
}
@misc{HG002,
	title        = {PacBio HiFi long read HG002},
	author       = {PacBio},
	url          = {https://downloads.pacbcloud.com/public/2424Q4/Vega/HG002/data/},
	year         = {2024},
	lastaccessed ={November 20, 2024},
}
@misc{HG003,
	title        = {PacBio HiFi long read HG003},
	author       = {PacBio},
	url          = {https://downloads.pacbcloud.com/public/revio/2024Q4/WGS/GIAB_trio/HG003/},
	year         = {2024},
	lastaccessed ={November 20, 2024},
}
@misc{HG004,
	title        = {PacBio HiFi long read HG004},
	author       = {PacBio},
	url          = {https://downloads.pacbcloud.com/public/revio/2024Q4/WGS/GIAB_trio/HG004/},
	year         = {2024},
	lastaccessed ={November 20, 2024},
}
@misc{mouse-rep1,
	title        = {PacBio HiFi long read mouse-rep1},
	author       = {PacBio},
	url          = {https://downloads.pacbcloud.com/public/revio/2023Q1/mouse-rep1/},
	year         = {2024},
	lastaccessed ={November 20, 2024},
}
@misc{mouse-rep2,
	title        = {PacBio HiFi long read mouse-rep2},
	author       = {PacBio},
	url          = {https://downloads.pacbcloud.com/public/revio/2023Q1/mouse-rep2/},
	year         = {2024},
	lastaccessed ={November 20, 2024},
}
@misc{maize-B73-rep1,
	title        = {PacBio HiFi long read maize-B73-rep1},
	author       = {PacBio},
	url          = {https://downloads.pacbcloud.com/public/revio/2023Q1/maize-B73-rep1/},
	year         = {2024},
	lastaccessed ={November 20, 2024},
}
@misc{GRCm39,
	title        = {Genome assembly GRCm39},
	author       = {National Library of Medicine},
	url          = {https://www.ncbi.nlm.nih.gov/datasets/genome/GCF_000001635.27/},
	year         = {2020},
	lastaccessed ={November 20, 2024},
}
@misc{B73,
	title        = {Genome assembly B73 RefGen\_v4},
	author       = {National Library of Medicine},
	url          = {https://www.ncbi.nlm.nih.gov/datasets/genome/GCF\_000005005.2/},
	year         = {2017},
	lastaccessed ={November 20, 2024},
}


%%%%% Metagenomics
@article{racaniello2016movingbeyondmeta,
  title={Moving beyond metagenomics to find the next pandemic virus},
  author={Racaniello, Vincent},
  journal={Proceedings of the National Academy of Sciences},
  volume={113},
  number={11},
  pages={2812--2814},
  year={2016},
  publisher={National Acad Sciences}
}

@misc{sawyer2021metagenomics,
  title={Metagenomics: preventing future pandemics},
  author={Sawyer, Abigail and Free, Tristan and Martin, Joseph},
  year={2021},
  publisher={Taylor \& Francis}
}


%%%%% Genome Analysis
@article{nakagawa2018whole,
  title={Whole genome sequencing analysis for cancer genomics and precision medicine},
  author={Nakagawa, Hidewaki and Fujita, Masashi},
  journal={Cancer science},
  volume={109},
  number={3},
  pages={513--522},
  year={2018},
  publisher={Wiley Online Library}
}


%%%%% State-of-the-art compression tools
@article{kokot2022colord,
  title={CoLoRd: compressing long reads},
  author={Kokot, Marek and Gudy{\'s}, Adam and Li, Heng and Deorowicz, Sebastian},
  journal={Nature methods},
  volume={19},
  number={4},
  pages={441--444},
  year={2022},
  publisher={Nature Publishing Group US New York}
}
@article{chandak2018spring,
    author = {Chandak, Shubham and Tatwawadi, Kedar and Ochoa, Idoia and Hernaez, Mikel and Weissman, Tsachy},
    title = {SPRING: a next-generation compressor for FASTQ data},
    journal = {Bioinformatics},
    volume = {35},
    number = {15},
    pages = {2674-2676},
    year = {2018},
    doi = {10.1093/bioinformatics/bty1015}
}
@article{bonfield2022cram,
    author = {Bonfield, James K},
    title = {CRAM 3.1: advances in the CRAM file format},
    journal = {Bioinformatics},
    volume = {38},
    number = {6},
    pages = {1497-1503},
    year = {2022},
    doi = {10.1093/bioinformatics/btac010}
}

@inproceedings{ziegler2022scalestore,
  title={ScaleStore: A fast and cost-efficient storage engine using DRAM, NVMe, and RDMA},
  author={Ziegler, Tobias and Binnig, Carsten and Leis, Viktor},
  booktitle={Proceedings of the 2022 International Conference on Management of Data},
  pages={685--699},
  year={2022}
}



@misc{endofdram,
    title        = {It's the End of DRAM As We Know It},
	author       = {Philip Levi},
	url          = {https://www.irtf.org/anrw/2023/slides-117-anrw-sessa-keynote-its-the-end-of-dram-as-we-know-it-02.pdf},
    year={2023},
	lastaccessed ={November 20, 2024},
}

@misc{hbm_xilinx,
    title        = {HBM Bandwidth Explorations},
	author       = {Xilinx},
	url          = {https://xilinx.github.io/Vitis-Tutorials/2021-2/build/html/docs/Hardware_Acceleration/Feature_Tutorials/07-using-hbm/3_BW_Explorations.html},
    year={2021},
	lastaccessed ={November 20, 2024},
}



@article{gouk2023memorycxl,
  title={Memory pooling with cxl},
  author={Gouk, Donghyun and Kwon, Miryeong and Bae, Hanyeoreum and Lee, Sangwon and Jung, Myoungsoo},
  journal={IEEE Micro},
  volume={43},
  number={2},
  pages={48--57},
  year={2023},
  publisher={IEEE}
}

@article{pagh2004cuckoo,
  title={Cuckoo hashing},
  author={Pagh, Rasmus and Rodler, Flemming Friche},
  journal={Journal of Algorithms},
  volume={51},
  number={2},
  pages={122--144},
  year={2004},
  publisher={Elsevier}
}

@inproceedings{dean2009challengesgroupvarint,
  title={Challenges in building large-scale information retrieval systems},
  author={Dean, Jeffrey and others},
  booktitle={Keynote of the 2nd ACM international conference on web search and data mining (WSDM)},
  volume={10},
  number={1498759.1498761},
  year={2009}
}

@article{chen2023gem,
  title={GEM: Ultra-Efficient Near-Memory Reconfigurable Acceleration for Read Mapping by Dividing and Predictive Scattering},
  author={Chen, Longlong and Zhu, Jianfeng and Peng, Guiqiang and Liu, Mingxu and Wei, Shaojun and Liu, Leibo},
  journal={IEEE Transactions on Parallel and Distributed Systems},
  year={2023},
  publisher={IEEE}
}

@inproceedings{cadenelli2017accelerating,
  title={Accelerating K-mer frequency counting with GPU and non-volatile memory},
  author={Cadenelli, Nicola and Polo, Jord{\`a} and Carrera, David},
  booktitle={2017 IEEE 19th International Conference on High Performance Computing and Communications; IEEE 15th International Conference on Smart City; IEEE 3rd International Conference on Data Science and Systems (HPCC/SmartCity/DSS)},
  pages={434--441},
  year={2017},
  organization={IEEE}
}

@inproceedings{huangfu2022beacon,
  title={Beacon: Scalable near-data-processing accelerators for genome analysis near memory pool with the cxl support},
  author={Huangfu, Wenqin and Malladi, Krishna T and Chang, Andrew and Xie, Yuan},
  booktitle={2022 55th IEEE/ACM International Symposium on Microarchitecture (MICRO)},
  pages={727--743},
  year={2022},
  organization={IEEE}
}

@inproceedings{ham2020genesis,
  author={Ham, Tae Jun and Bruns-Smith, David and Sweeney, Brendan and Lee, Yejin and Seo, Seong Hoon and Song, U Gyeong and Oh, Young H. and Asanovic, Krste and Lee, Jae W. and Wills, Lisa Wu},
  booktitle={2020 ACM/IEEE 47th Annual International Symposium on Computer Architecture (ISCA)}, 
  title={Genesis: A Hardware Acceleration Framework for Genomic Data Analysis}, 
  year={2020},
  volume={},
  number={},
  pages={254-267},
  keywords={genome sequencing;genomic data analysis;hardware accelerator;FPGA;SQL},
  doi={10.1109/ISCA45697.2020.00031}}

@inproceedings{cali2022segram,
  title={SeGraM: A universal hardware accelerator for genomic sequence-to-graph and sequence-to-sequence mapping},
  author={Cali, Damla Senol and Kanellopoulos, Konstantinos and Lindegger, Jo{\"e}l and Bing{\"o}l, Z{\"u}lal and Kalsi, Gurpreet S and Zuo, Ziyi and Firtina, Can and Cavlak, Meryem Banu and Kim, Jeremie and Ghiasi, Nika Mansouri and others},
  booktitle={Proceedings of the 49th Annual International Symposium on Computer Architecture},
  pages={638--655},
  year={2022}
}

@article{sheena2024gencoder,
  title={GenCoder: A Novel Convolutional Neural Network based Autoencoder for Genomic Sequence Data Compression},
  author={Sheena, KS and Nair, Madhu S},
  journal={IEEE/ACM Transactions on Computational Biology and Bioinformatics},
  year={2024},
  publisher={IEEE}
}

@inproceedings{cui2020compressinggenomedeep,
  title={Compressing genomic sequences by using deep learning},
  author={Cui, Wenwen and Yu, Zhaoyang and Liu, Zhuangzhuang and Wang, Gang and Liu, Xiaoguang},
  booktitle={International Conference on Artificial Neural Networks},
  pages={92--104},
  year={2020},
  organization={Springer}
}