@ARTICLE{Goldsmith1996,
  author={Goldsmith, A.J. and Varaiya, P.P.},
  journal={IEEE Transactions on Information Theory}, 
  title={Capacity, mutual information, and coding for finite-state Markov channels}, 
  year={1996},
  volume={42},
  number={3},
  pages={868-886},
  doi={10.1109/18.490551}}

@INPROCEEDINGS{Karabay2019,
  author={Karabag, Mustafa O. and Ornik, Melkior and Topcu, Ufuk},
  booktitle={2019 American Control Conference (ACC)}, 
  title={Least Inferable Policies for Markov Decision Processes}, 
  year={2019},
  volume={},
  number={},
  pages={1224-1231},
  keywords={},
  doi={10.23919/ACC.2019.8815129}}

@INPROCEEDINGS{Knepper:HRI:17,
  author={Knepper, Ross A. and Mavrogiannis, Christoforos I. and Proft, Julia and Liang, Claire},
  booktitle={2017 12th ACM/IEEE International Conference on Human-Robot Interaction (HRI}, 
  title={Implicit Communication in a Joint Action}, 
  year={2017},
  volume={},
  number={},
  pages={283-292},
  keywords={Observers;Navigation;Robot kinematics;Fasteners;Computer science;Timing},
  doi={}}

@ARTICLE{Verdu1994,  author={Verdu, S. and Te Sun Han},  journal={IEEE Transactions on Information Theory},   title={A general formula for channel capacity},   year={1994},  volume={40},  number={4},  pages={1147-1157},  keywords={Channel capacity;Stability;Error probability;Tellurium;Sun;Feedback;Memoryless systems;Sufficient conditions;National electric code;Information theory},  doi={10.1109/18.335960}}

@article{aharoni2023data,
  title={Data-Driven Neural Polar Codes for Unknown Channels With and Without Memory},
  author={Aharoni, Ziv and Huleihel, Bashar and Pfister, Henry D and Permuter, Haim H},
  journal={arXiv preprint arXiv:2309.03148},
  year={2023}
}

@article{blackwell1958proof,  title={Proof of Shannon's transmission theorem for finite-state indecomposable channels},  author={Blackwell, David and Breiman, Leo and Thomasian, Aram J},  journal={The Annals of Mathematical Statistics},  pages={1209--1220},  year={1958},  publisher={JSTOR}}

@article{boldt2024a,
title={A Review of the Applications of Deep Learning-Based Emergent Communication},
author={Brendon Boldt and David R Mortensen},
journal={Transactions on Machine Learning Research},
issn={2835-8856},
year={2024},
url={https://openreview.net/forum?id=jesKcQxQ7j},
note={}
}

@inproceedings{chen2024rgmcomm,
  title={RGMComm: Return Gap Minimization via Discrete Communications in Multi-Agent Reinforcement Learning},
  author={Chen, Jingdi and Lan, Tian and Joe-Wong, Carlee},
  booktitle={Proceedings of the AAAI Conference on Artificial Intelligence},
  volume={38},
  number={16},
  pages={17327--17336},
  year={2024}
}

@inproceedings{foerster_learning_2016,
	title = {Learning to {Communicate} with {Deep} {Multi}-{Agent} {Reinforcement} {Learning}},
	volume = {29},
	url = {https://papers.nips.cc/paper_files/paper/2016/hash/c7635bfd99248a2cdef8249ef7bfbef4-Abstract.html},
	urldate = {2024-05-19},
	booktitle = {Advances in {Neural} {Information} {Processing} {Systems}},
	publisher = {Curran Associates, Inc.},
	author = {Foerster, Jakob and Assael, Ioannis Alexandros and de Freitas, Nando and Whiteson, Shimon},
	year = {2016},
}

@ARTICLE{haim2007,  author={Permuter, Haim Henry and Weissman, Tsachy and Goldsmith, Andrea J.},  journal={IEEE Transactions on Information Theory},   title={Finite State Channels With Time-Invariant Deterministic Feedback},   year={2009},  volume={55},  number={2},  pages={644-662},  doi={10.1109/TIT.2008.2009849}}

@ARTICLE{haim2017,  author={Sabag, Oron and Permuter, Haim H. and Pfister, Henry D.},  journal={IEEE Transactions on Information Theory},   title={A Single-Letter Upper Bound on the Feedback Capacity of Unifilar Finite-State Channels},   year={2017},  volume={63},  number={3},  pages={1392-1409},  keywords={Upper bound;Power capacitors;Mathematical model;Context;Decoding;Memoryless systems;Random variables;Converse;dicode erasure channel;feedback capacity;finite state channels;trapdoor channel;unifilar channels;upper bound},  doi={10.1109/TIT.2016.2636851}}

@article{hebbar2024deeppolar,  title={DeepPolar: Inventing Nonlinear Large-Kernel Polar Codes via Deep Learning},  author={Hebbar, S Ashwin and Ankireddy, Sravan Kumar and Kim, Hyeji and Oh, Sewoong and Viswanath, Pramod},  journal={arXiv preprint arXiv:2402.08864},  year={2024}}

@article{jiang2019turbo,  title={Turbo autoencoder: Deep learning based channel codes for point-to-point communication channels},  author={Jiang, Yihan and Kim, Hyeji and Asnani, Himanshu and Kannan, Sreeram and Oh, Sewoong and Viswanath, Pramod},  journal={Advances in neural information processing systems},  volume={32},  year={2019}}

@article{jiang2020learn,  title={Learn codes: Inventing low-latency codes via recurrent neural networks},  author={Jiang, Yihan and Kim, Hyeji and Asnani, Himanshu and Kannan, Sreeram and Oh, Sewoong and Viswanath, Pramod},  journal={IEEE Journal on Selected Areas in Information Theory},  volume={1},  number={1},  pages={207--216},  year={2020},  publisher={IEEE}}

@article{kim2018deepcode,  title={Deepcode: Feedback codes via deep learning},  author={Kim, Hyeji and Jiang, Yihan and Kannan, Sreeram and Oh, Sewoong and Viswanath, Pramod},  journal={Advances in neural information processing systems},  volume={31},  year={2018}}

@inproceedings{makkuva2021ko,  title={Ko codes: inventing nonlinear encoding and decoding for reliable wireless communication via deep-learning},  author={Makkuva, Ashok V and Liu, Xiyang and Jamali, Mohammad Vahid and Mahdavifar, Hessam and Oh, Sewoong and Viswanath, Pramod},  booktitle={International Conference on Machine Learning},  pages={7368--7378},  year={2021},  organization={PMLR}}

@inproceedings{massey1990causality,  title={Causality, feedback and directed information},  author={Massey, James},  booktitle={Proc. Int. Symp. Inf. Theory Applic.(ISITA-90)},  pages={303--305},  year={1990}}

@article{shemuel2022finite,  title={Finite-State Channels with Feedback and State Known at the Encoder},  author={Shemuel, Eli and Sabag, Oron and Permuter, Haim H},  journal={arXiv preprint arXiv:2212.12886},  year={2022}}

@inproceedings{sokota2022communicating,
  title={Communicating via markov decision processes},
  author={Sokota, Samuel and De Witt, Christian A Schroeder and Igl, Maximilian and Zintgraf, Luisa M and Torr, Philip and Strohmeier, Martin and Kolter, Zico and Whiteson, Shimon and Foerster, Jakob},
  booktitle={International Conference on Machine Learning},
  pages={20314--20328},
  year={2022},
  organization={PMLR}
}

@article{tian2019learningcommunicateimplicitlyactions,
      title={Learning to Communicate Implicitly By Actions}, 
      author={Zheng Tian and Shihao Zou and Ian Davies and Tim Warr and Lisheng Wu and Haitham Bou Ammar and Jun Wang},
      year={2019},
      journal={arXiv:cs.AI:1810.04444},
      url={https://arxiv.org/abs/1810.04444}
}

@article{tung_effective_2021,
	title = {Effective {Communications}: {A} {Joint} {Learning} and {Communication} {Framework} for {Multi}-{Agent} {Reinforcement} {Learning} {Over} {Noisy} {Channels}},
	volume = {39},
	issn = {1558-0008},
	shorttitle = {Effective {Communications}},
	url = {https://ieeexplore.ieee.org/document/9466501},
	doi = {10.1109/JSAC.2021.3087248},
	number = {8},
	urldate = {2024-05-19},
	journal = {IEEE Journal on Selected Areas in Communications},
	author = {Tung, Tze-Yang and Kobus, Szymon and Roig, Joan Pujol and Gündüz, Deniz},
	month = aug,
	year = {2021},
	pages = {2590--2603}
}

@inproceedings{wang_learning_2020,
	title = {Learning {Efficient} {Multi}-agent {Communication}: {An} {Information} {Bottleneck} {Approach}},
	shorttitle = {Learning {Efficient} {Multi}-agent {Communication}},
	url = {https://proceedings.mlr.press/v119/wang20i.html},
	language = {en},
	urldate = {2024-09-27},
	booktitle = {Proceedings of the 37th {International} {Conference} on {Machine} {Learning}},
	publisher = {PMLR},
	author = {Wang, Rundong and He, Xu and Yu, Runsheng and Qiu, Wei and An, Bo and Rabinovich, Zinovi},
	month = nov,
	year = {2020},
	note = {ISSN: 2640-3498},
	pages = {9908--9918},
}

