@ARTICLE{shemuel2023finite,
  author={Shemuel, Eli and Sabag, Oron and Permuter, Haim H.},
  journal={IEEE Transactions on Information Theory}, 
  title={Finite-State Channels With Feedback and State Known at the Encoder}, 
  year={2024},
  volume={70},
  number={3},
  pages={1610-1628},
  keywords={Power capacitors;Decoding;Upper bound;History;Wireless communication;Random variables;Memoryless systems;Channel capacity;channels with feedback;dynamic programming;finite-state channel;Q-graphs},
  doi={10.1109/TIT.2023.3336939}}
@article{rashvand2014wireless,
  title={Wireless sensor systems for space and extreme environments: A review},
  author={Rashvand, Habib F and Abedi, Ali and Alcaraz-Calero, Jose M and Mitchell, Paul D and Mukhopadhyay, Subhas Chandra},
  journal={IEEE Sensors Journal},
  volume={14},
  number={11},
  pages={3955--3970},
  year={2014},
  publisher={IEEE}
}

@article{gungor2009industrial,
  title={Industrial wireless sensor networks: Challenges, design principles, and technical approaches},
  author={Gungor, Vehbi C and Hancke, Gerhard P},
  journal={IEEE Transactions on industrial electronics},
  volume={56},
  number={10},
  pages={4258--4265},
  year={2009},
  publisher={IEEE}
}

@article{chaoub20216g,
  title={6G for bridging the digital divide: Wireless connectivity to remote areas},
  author={Chaoub, Abdelaali and Giordani, Marco and Lall, Brejesh and Bhatia, Vimal and Kliks, Adrian and Mendes, Luciano and Rabie, Khaled and Saarnisaari, Harri and Singhal, Amit and Zhang, Nan and others},
  journal={IEEE Wireless Communications},
  volume={29},
  number={1},
  pages={160--168},
  year={2021},
  publisher={IEEE}
}
@article{martz2020survey,
  title={Survey of unmanned subterranean exploration, navigation, and localisation},
  author={Martz, Jeffrey and Al-Sabban, Wesam and Smith, Ryan N},
  journal={IET Cyber-Systems and Robotics},
  volume={2},
  number={1},
  pages={1--13},
  year={2020},
  publisher={Wiley Online Library}
}
@ARTICLE{10568544,
  author={Fang, Xinran and Feng, Wei and Chen, Yunfei and Ge, Ning and Zheng, Gan},
  journal={IEEE Transactions on Wireless Communications}, 
  title={Control-Oriented Deep Space Communications For Unmanned Space Exploration}, 
  year={2024},
  volume={},
  number={},
  pages={1-1},
  keywords={Space vehicles;Robot sensing systems;Robots;Sensors;Earth;Space missions;Deep-space communications;Linear quadratic regulator (LQR) cost;mother-daughter system;power allocation;sensing-communication-computing-control (SC3) loop;unmanned space exploration},
  doi={10.1109/TWC.2024.3414854}}
@INPROCEEDINGS{7139227,
  author={Paull, Liam and Huang, Guoquan and Seto, Mae and Leonard, John J.},
  booktitle={2015 IEEE International Conference on Robotics and Automation (ICRA)}, 
  title={Communication-constrained multi-\textsc{AUV} cooperative \textsc{SLAM}}, 
  year={2015},
  volume={},
  number={},
  pages={509-516},
  keywords={Vehicles;Acoustics;Simultaneous localization and mapping;Sonar;Acoustic measurements;Sonar navigation},
  doi={10.1109/ICRA.2015.7139227}}
@ARTICLE{6866225,
  author={Permuter, Haim Henri and Asnani, Himanshu and Weissman, Tsachy},
  journal={IEEE Transactions on Information Theory}, 
  title={Capacity of a POST Channel With and Without Feedback}, 
  year={2014},
  volume={60},
  number={10},
  pages={6041-6057},
  keywords={Convex functions;Silicon;Optimization;Channel capacity;Feeds;Markov processes;Memoryless systems;Causal conditioning;convex optimization;channels with memory;directed information;feedback capacity;finite state channel;KKT conditions;POST channel},
  doi={10.1109/TIT.2014.2343232}}
@article{kostina2017joint,
  title={Joint source-channel coding with feedback},
  author={Kostina, Victoria and Polyanskiy, Yury and Verd, Sergio},
  journal={IEEE Transactions on Information Theory},
  volume={63},
  number={6},
  pages={3502--3515},
  year={2017},
  publisher={IEEE}
}
@ARTICLE{9960791,
  author={Ozfatura, Emre and Shao, Yulin and Perotti, Alberto G. and Popović, Branislav M. and Gündüz, Deniz},
  journal={IEEE Journal on Selected Areas in Information Theory}, 
  title={All You Need Is Feedback: Communication With Block Attention Feedback Codes}, 
  year={2022},
  volume={3},
  number={3},
  pages={587-602},
  keywords={Codes;Symbols;Receivers;Transmitters;Channel coding;Decoding;Feature extraction;Feedback code;deep learning;deep neural networks;channel coding;attention mechanism;self-attention;ultra-reliable short-packet communications;transformer},
  doi={10.1109/JSAIT.2022.3223901}}
@article{shao2023attentioncode,
  title={Attentioncode: Ultra-reliable feedback codes for short-packet communications},
  author={Shao, Yulin and Ozfatura, Emre and Perotti, Alberto G and Popovi{\'c}, Branislav M and G{\"u}nd{\"u}z, Deniz},
  journal={IEEE Transactions on Communications},
  volume={71},
  number={8},
  pages={4437--4452},
  year={2023},
  publisher={IEEE}
}
@article{zhang2019lookahead,
  title={Lookahead optimizer: k steps forward, 1 step back},
  author={Zhang, Michael and Lucas, James and Ba, Jimmy and Hinton, Geoffrey E},
  journal={Advances in neural information processing systems},
  volume={32},
  year={2019}
}
@ARTICLE{10597355,
  author={Wu, Haotian and Shao, Yulin and Bian, Chenghong and Mikolajczyk, Krystian and Gündüz, Deniz},
  journal={IEEE Transactions on Wireless Communications}, 
  title={Deep Joint Source-Channel Coding for Adaptive Image Transmission over \textsc{MIMO} Channels}, 
  year={2024},
  volume={},
  number={},
  pages={1-1},
  keywords={Channel estimation;MIMO communication;Wireless communication;Image communication;Symbols;Semantics;Adaptation models;Joint source-channel coding;MIMO;semantic communication;attention mechanism;image transmission},
  doi={10.1109/TWC.2024.3422794}}
@ARTICLE{10500305,
  author={Wu, Haotian and Shao, Yulin and Ozfatura, Emre and Mikolajczyk, Krystian and Gündüz, Deniz},
  journal={IEEE Transactions on Wireless Communications}, 
  title={Transformer-aided Wireless Image Transmission with Channel Feedback}, 
  year={2024},
  volume={},
  number={},
  pages={1-1},
  keywords={Decoding;Semantics;Receivers;Wireless communication;Transmitters;Codes;Training;Channel feedback;joint source-channel coding;vision transformer;semantic communication;image transmission},
  doi={10.1109/TWC.2024.3386052}}
@article{kim2020deepcode,
  title={Deepcode: Feedback codes via deep learning},
  author={Kim, Hyeji and Jiang, Yihan and Kannan, Sreeram and Oh, Sewoong and Viswanath, Pramod},
  journal={IEEE Journal on Selected Areas in Information Theory},
  volume={1},
  number={1},
  pages={194--206},
  year={2020},
  publisher={IEEE}
}
@inproceedings{haarnoja2018soft,
  title={Soft actor-critic: Off-policy maximum entropy deep reinforcement learning with a stochastic actor},
  author={Haarnoja, Tuomas and Zhou, Aurick and Abbeel, Pieter and Levine, Sergey},
  booktitle={International conference on machine learning},
  pages={1861--1870},
  year={2018},
  organization={PMLR}
}
@inproceedings{ferns2004metrics,
  title={Metrics for Finite Markov Decision Processes.},
  author={Ferns, Norm and Panangaden, Prakash and Precup, Doina},
  booktitle={UAI},
  volume={4},
  pages={162--169},
  year={2004}
}
@article{shannon1958channels_ibm,
  title={Channels with side information at the transmitter},
  author={Shannon, Claude E},
  journal={IBM journal of Research and Development},
  volume={2},
  number={4},
  pages={289--293},
  year={1958},
  publisher={IBM}
}

@book{puterman2014markov,
  title={Markov decision processes: discrete stochastic dynamic programming},
  author={Puterman, Martin L},
  year={2014},
  publisher={John Wiley \& Sons}
}

@book{gallager1968information,  
    title={Information theory and reliable communication},  
    author={Gallager, Robert G},  
    volume={588},  year={1968},  
    publisher={Springer}
}


@book{cover2005elements,
  title={Elements of information theory},
  author={Cover, Thomas M},
  year={1999},
  publisher={John Wiley \& Sons}
}

@book{bertsekas1997nonlinear,
  title={Nonlinear programming},
  author={Bertsekas, Dimitri},
  year={2016},
  publisher={Athena Scientific}
}

@article{fainberg1976controlled,  title={On controlled finite state Markov processes with compact control sets},  author={Fainberg, EA},  journal={Theory of Probability \& Its Applications},  volume={20},  number={4},  pages={856--862},  year={1976},  publisher={SIAM}}

@book{hernandez2012discrete,  title={Discrete-time Markov control processes: basic optimality criteria},  author={Hern{\'a}ndez-Lerma, On{\'e}simo and Lasserre, Jean B},  volume={30},  year={2012},  publisher={Springer Science \& Business Media}}

@book{altman2021constrained,
  title={Constrained Markov decision processes},
  author={Altman, Eitan},
  year={2021},
  publisher={Routledge}
}

@inproceedings{foerster_learning_2016,
	title = {Learning to {Communicate} with {Deep} {Multi}-{Agent} {Reinforcement} {Learning}},
	volume = {29},
	url = {https://papers.nips.cc/paper_files/paper/2016/hash/c7635bfd99248a2cdef8249ef7bfbef4-Abstract.html},
	urldate = {2024-05-19},
	booktitle = {Advances in {Neural} {Information} {Processing} {Systems}},
	publisher = {Curran Associates, Inc.},
	author = {Foerster, Jakob and Assael, Ioannis Alexandros and de Freitas, Nando and Whiteson, Shimon},
	year = {2016},
}

@inproceedings{wang_learning_2020,
	title = {Learning {Efficient} {Multi}-agent {Communication}: {An} {Information} {Bottleneck} {Approach}},
	shorttitle = {Learning {Efficient} {Multi}-agent {Communication}},
	url = {https://proceedings.mlr.press/v119/wang20i.html},
	language = {en},
	urldate = {2024-09-27},
	booktitle = {Proceedings of the 37th {International} {Conference} on {Machine} {Learning}},
	publisher = {PMLR},
	author = {Wang, Rundong and He, Xu and Yu, Runsheng and Qiu, Wei and An, Bo and Rabinovich, Zinovi},
	month = nov,
	year = {2020},
	note = {ISSN: 2640-3498},
	pages = {9908--9918},
}

@inproceedings{Sukhbaatar:NeurIPS:16,
 author = {Sukhbaatar, Sainbayar and szlam, arthur and Fergus, Rob},
 booktitle = {Advances in Neural Information Processing Systems},
 editor = {D. Lee and M. Sugiyama and U. Luxburg and I. Guyon and R. Garnett},
 pages = {},
 publisher = {Curran Associates, Inc.},
 title = {Learning Multiagent Communication with Backpropagation},
 url = {https://proceedings.neurips.cc/paper_files/paper/2016/file/55b1927fdafef39c48e5b73b5d61ea60-Paper.pdf},
 volume = {29},
 year = {2016}
}

@article{Waters:ARCDB:05,
  title={Quorum sensing: cell-to-cell communication in bacteria},
  author={Waters, Christopher M and Bassler, Bonnie L},
  journal={Annual Review of Cell and Developmental Biology},
  volume={21},
  number={1},
  pages={319--346},
  year={2005},
  publisher={Annual Reviews}
}

@book{Trenholm:20,
  title={Thinking Through Communication: An Introduction to the Study of Human Communication (9th ed.)},
  author={Trenholm, S.},
  year={2020},
  publisher={Routledge},
  doi={10.4324/9781003016366}
}

@article{Thienen:BES:14,
  title={Pheromone communication in ants: a detailed analysis of concentration-dependent decisions in three species},
  author={von Thienen, Wolfhard and Metzler, Dirk and Choe, Dong-Hwan and Witte, Volker},
  journal={Behavioral ecology and sociobiology},
  volume={68},
  pages={1611--1627},
  year={2014},
  publisher={Springer}
}

@InProceedings{Weiss:DNA:01,
author="Weiss, Ron and Knight, Thomas F.",
editor="Condon, Anne
and Rozenberg, Grzegorz",
title="Engineered communications for microbial robotics",
booktitle="DNA Computing",
year="2001",
publisher="Springer Berlin Heidelberg",
address="Berlin, Heidelberg",
pages="1--16",
isbn="978-3-540-44992-8"
}



@inproceedings{Wang:SIGCOMM:23, 
author = {Wang, Jiaming and \"{O}\u{g}\"{u}t, Sevda and Al Hassanieh, Haitham and Krishnaswamy, Bhuvana},
title = {Towards Practical and Scalable Molecular Networks}, 
year = {2023}, 
publisher = {Association for Computing Machinery}, 
doi = {10.1145/3603269.3604881}, 
booktitle = {Proceedings of the ACM SIGCOMM 2023 Conference}, 
pages = {62–76}, 
numpages = {15}, 
location = {New York, NY, USA}, 
series = {ACM SIGCOMM '23} }

@article{Poor:PNAS:17,
author = {H. Vincent Poor  and Rafael F. Schaefer },
title = {Wireless physical layer security},
journal = {Proceedings of the National Academy of Sciences},
volume = {114},
number = {1},
pages = {19-26},
year = {2017},
doi = {10.1073/pnas.1618130114},
URL = {https://www.pnas.org/doi/abs/10.1073/pnas.1618130114},
eprint = {https://www.pnas.org/doi/pdf/10.1073/pnas.1618130114}
}

@ARTICLE{Pirayesh:CST:22,
  author={Pirayesh, Hossein and Zeng, Huacheng},
  journal={IEEE Communications Surveys \& Tutorials}, 
  title={Jamming Attacks and Anti-Jamming Strategies in Wireless Networks: A Comprehensive Survey}, 
  year={2022},
  volume={24},
  number={2},
  pages={767-809},
  doi={10.1109/COMST.2022.3159185}}

@ARTICLE{Ebadi:TR:24,
  author={Ebadi, Kamak and Bernreiter, Lukas and Biggie, Harel and Catt, Gavin and Chang, Yun and Chatterjee, Arghya and Denniston, Christopher E. and Deschênes, Simon-Pierre and Harlow, Kyle and Khattak, Shehryar and Nogueira, Lucas and Palieri, Matteo and Petráček, Pavel and Petrlík, Matěj and Reinke, Andrzej and Krátký, Vít and Zhao, Shibo and Agha-mohammadi, Ali-akbar and Alexis, Kostas and Heckman, Christoffer and Khosoussi, Kasra and Kottege, Navinda and Morrell, Benjamin and Hutter, Marco and Pauling, Fred and Pomerleau, François and Saska, Martin and Scherer, Sebastian and Siegwart, Roland and Williams, Jason L. and Carlone, Luca},
  journal={IEEE Transactions on Robotics}, 
  title={Present and Future of SLAM in Extreme Environments: The DARPA SubT Challenge}, 
  year={2024},
  volume={40},
  number={},
  pages={936-959},
  doi={10.1109/TRO.2023.3323938}}

@article{blackwell1958proof,  title={Proof of Shannon's transmission theorem for finite-state indecomposable channels},  author={Blackwell, David and Breiman, Leo and Thomasian, Aram J},  journal={The Annals of Mathematical Statistics},  pages={1209--1220},  year={1958},  publisher={JSTOR}}


@ARTICLE{Verdu1994,  author={Verdu, S. and Te Sun Han},  journal={IEEE Transactions on Information Theory},   title={A general formula for channel capacity},   year={1994},  volume={40},  number={4},  pages={1147-1157},  keywords={Channel capacity;Stability;Error probability;Tellurium;Sun;Feedback;Memoryless systems;Sufficient conditions;National electric code;Information theory},  doi={10.1109/18.335960}}

@inproceedings{massey1990causality,  title={Causality, feedback and directed information},  author={Massey, James},  booktitle={Proc. Int. Symp. Inf. Theory Applic.(ISITA-90)},  pages={303--305},  year={1990}}

@ARTICLE{Goldsmith1996,
  author={Goldsmith, A.J. and Varaiya, P.P.},
  journal={IEEE Transactions on Information Theory}, 
  title={Capacity, mutual information, and coding for finite-state Markov channels}, 
  year={1996},
  volume={42},
  number={3},
  pages={868-886},
  doi={10.1109/18.490551}}

@article{shemuel2022finite,  title={Finite-State Channels with Feedback and State Known at the Encoder},  author={Shemuel, Eli and Sabag, Oron and Permuter, Haim H},  journal={arXiv preprint arXiv:2212.12886},  year={2022}}

@ARTICLE{haim2007,  author={Permuter, Haim Henry and Weissman, Tsachy and Goldsmith, Andrea J.},  journal={IEEE Transactions on Information Theory},   title={Finite State Channels With Time-Invariant Deterministic Feedback},   year={2009},  volume={55},  number={2},  pages={644-662},  doi={10.1109/TIT.2008.2009849}}

@ARTICLE{haim2017,  author={Sabag, Oron and Permuter, Haim H. and Pfister, Henry D.},  journal={IEEE Transactions on Information Theory},   title={A Single-Letter Upper Bound on the Feedback Capacity of Unifilar Finite-State Channels},   year={2017},  volume={63},  number={3},  pages={1392-1409},  keywords={Upper bound;Power capacitors;Mathematical model;Context;Decoding;Memoryless systems;Random variables;Converse;dicode erasure channel;feedback capacity;finite state channels;trapdoor channel;unifilar channels;upper bound},  doi={10.1109/TIT.2016.2636851}}

@article{jiang2019turbo,  title={Turbo autoencoder: Deep learning based channel codes for point-to-point communication channels},  author={Jiang, Yihan and Kim, Hyeji and Asnani, Himanshu and Kannan, Sreeram and Oh, Sewoong and Viswanath, Pramod},  journal={Advances in neural information processing systems},  volume={32},  year={2019}}

@inproceedings{makkuva2021ko,  title={Ko codes: inventing nonlinear encoding and decoding for reliable wireless communication via deep-learning},  author={Makkuva, Ashok V and Liu, Xiyang and Jamali, Mohammad Vahid and Mahdavifar, Hessam and Oh, Sewoong and Viswanath, Pramod},  booktitle={International Conference on Machine Learning},  pages={7368--7378},  year={2021},  organization={PMLR}}

@article{hebbar2024deeppolar,  title={DeepPolar: Inventing Nonlinear Large-Kernel Polar Codes via Deep Learning},  author={Hebbar, S Ashwin and Ankireddy, Sravan Kumar and Kim, Hyeji and Oh, Sewoong and Viswanath, Pramod},  journal={arXiv preprint arXiv:2402.08864},  year={2024}}

@article{jiang2020learn,  title={Learn codes: Inventing low-latency codes via recurrent neural networks},  author={Jiang, Yihan and Kim, Hyeji and Asnani, Himanshu and Kannan, Sreeram and Oh, Sewoong and Viswanath, Pramod},  journal={IEEE Journal on Selected Areas in Information Theory},  volume={1},  number={1},  pages={207--216},  year={2020},  publisher={IEEE}}

@article{kim2018deepcode,  title={Deepcode: Feedback codes via deep learning},  author={Kim, Hyeji and Jiang, Yihan and Kannan, Sreeram and Oh, Sewoong and Viswanath, Pramod},  journal={Advances in neural information processing systems},  volume={31},  year={2018}}

@article{aharoni2023data,
  title={Data-Driven Neural Polar Codes for Unknown Channels With and Without Memory},
  author={Aharoni, Ziv and Huleihel, Bashar and Pfister, Henry D and Permuter, Haim H},
  journal={arXiv preprint arXiv:2309.03148},
  year={2023}
}

@article{boldt2024a,
title={A Review of the Applications of Deep Learning-Based Emergent Communication},
author={Brendon Boldt and David R Mortensen},
journal={Transactions on Machine Learning Research},
issn={2835-8856},
year={2024},
url={https://openreview.net/forum?id=jesKcQxQ7j},
note={}
}

@INPROCEEDINGS{Knepper:HRI:17,
  author={Knepper, Ross A. and Mavrogiannis, Christoforos I. and Proft, Julia and Liang, Claire},
  booktitle={2017 12th ACM/IEEE International Conference on Human-Robot Interaction (HRI}, 
  title={Implicit Communication in a Joint Action}, 
  year={2017},
  volume={},
  number={},
  pages={283-292},
  keywords={Observers;Navigation;Robot kinematics;Fasteners;Computer science;Timing},
  doi={}}


@article{tung_effective_2021,
	title = {Effective {Communications}: {A} {Joint} {Learning} and {Communication} {Framework} for {Multi}-{Agent} {Reinforcement} {Learning} {Over} {Noisy} {Channels}},
	volume = {39},
	issn = {1558-0008},
	shorttitle = {Effective {Communications}},
	url = {https://ieeexplore.ieee.org/document/9466501},
	doi = {10.1109/JSAC.2021.3087248},
	number = {8},
	urldate = {2024-05-19},
	journal = {IEEE Journal on Selected Areas in Communications},
	author = {Tung, Tze-Yang and Kobus, Szymon and Roig, Joan Pujol and Gündüz, Deniz},
	month = aug,
	year = {2021},
	pages = {2590--2603}
}

@article{tian2019learningcommunicateimplicitlyactions,
      title={Learning to Communicate Implicitly By Actions}, 
      author={Zheng Tian and Shihao Zou and Ian Davies and Tim Warr and Lisheng Wu and Haitham Bou Ammar and Jun Wang},
      year={2019},
      journal={arXiv:cs.AI:1810.04444},
      url={https://arxiv.org/abs/1810.04444}
}

@inproceedings{sokota2022communicating,
  title={Communicating via markov decision processes},
  author={Sokota, Samuel and De Witt, Christian A Schroeder and Igl, Maximilian and Zintgraf, Luisa M and Torr, Philip and Strohmeier, Martin and Kolter, Zico and Whiteson, Shimon and Foerster, Jakob},
  booktitle={International Conference on Machine Learning},
  pages={20314--20328},
  year={2022},
  organization={PMLR}
}

@INPROCEEDINGS{Karabay2019,
  author={Karabag, Mustafa O. and Ornik, Melkior and Topcu, Ufuk},
  booktitle={2019 American Control Conference (ACC)}, 
  title={Least Inferable Policies for Markov Decision Processes}, 
  year={2019},
  volume={},
  number={},
  pages={1224-1231},
  keywords={},
  doi={10.23919/ACC.2019.8815129}}

@inproceedings{chen2024rgmcomm,
  title={RGMComm: Return Gap Minimization via Discrete Communications in Multi-Agent Reinforcement Learning},
  author={Chen, Jingdi and Lan, Tian and Joe-Wong, Carlee},
  booktitle={Proceedings of the AAAI Conference on Artificial Intelligence},
  volume={38},
  number={16},
  pages={17327--17336},
  year={2024}
}
