@misc{globalslaveryindex2023,
  title = {Global Slavery Index 2023},
  author = {{Walk Free}},
  year = {2023},
  url = {https://cdn.walkfree.org/content/uploads/2023/05/17114737/Global-Slavery-Index-2023.pdf},
  note = {Accessed on 08 May 2024},
  howpublished={Technical Report},
}

@article{christ2019accounting,
  title={Accounting for modern slavery: an analysis of Australian listed company disclosures},
  author={Christ, Katherine Leanne and Rao, Kathyayini Kathy and Burritt, Roger Leonard},
  journal={Accounting, Auditing \& Accountability Journal},
  volume={32},
  number={3},
  pages={836--865},
  year={2019},
  publisher={Emerald Publishing Limited}
}
@misc{acsimodernslavery2021,
  title = {{ACSI} Modern Slavery Report July 2021},
  author = {{Australian Council of Superannuation Investors}},
  year = {2021},
  url = {https://acsi.org.au/wp-content/uploads/2021/07/ACSI_ModernSlavery_July2021.pdf},
  note = {Accessed on 08 May 2024},
  howpublished={Technical Report},
}

@misc{pham2023modern,
  title={Modern Slavery Disclosure Quality: {ASX100} Companies Update {FY2022} Modern Slavery Statements},
  author={Pham, Nga and Cui, Bei and Ruthbah, Ummul},
  year={2023},
  publisher={Monash University},
  url={https://www.monash.edu/business/mcfs/our-research/all-projects/modern-slavery/modern-slavery-statement-disclosure-quality}
}

@misc{sinclair2022paper,
  title={Paper Promises? {E}valuating the early impact of Australia's Modern Slavery Act},
  author={Sinclair, Amy and Dinshaw, Freya and Nolan, J and Marshall, S and Zirnsak, M and Adams, K and Keegan, P and Boersma, M and Bhakoo, V and Moore, H},
  year={2022},
  publisher={Human Rights Law Centre},
  url={https://www.hrlc.org.au/reports-news-commentary/2022/2/3/paper-promises-evaluating-the-early-impact-of-australias-modern-slavery-act}
}

@misc{dinshaw2022broken,
  title={Broken promises: Two years of corporate reporting under Australiaâ€™s Modern Slavery Act},
  author={Dinshaw, Freya and Nolan, Justine and Sinclair, Amy and Marshall, Shelley and McGaughey, Fiona and Boersma, Martijn and Bhakoo, Vikram and Goss, Jasper and Keegan, Peter},
  year={2022},
  publisher={Human Rights Law Centre},
  url={https://www.hrlc.org.au/reports-news-commentary/broken-promises},
  howpublished={Technical Report},
}

@misc{acan2022domus,
  title = {Domus 8.7 Index Modern Slavery Statement Benchmark},
  author = {{ACAN}},
  year = {2022},
  howpublished = {Recorded workshop presentation, available at: \url{https://vimeo.com/705946874}},
  note = {Accessed on 08 May 2024}
}

@misc{australiangovernment2022,
  title = {{Implementing the Modern Slavery Act 2018: The Australian Government's 2022 Annual Report}},
  author = {{Australian Government}},
  year = {2022},
  url={https://modernslaveryregister.gov.au/resources/Modern_Slavery_Act_Annual_Report_2022.pdf},
  howpublished = {Technical Report},
  note = {Accessed on 08 May 2024}
}

@misc{bhrrcmodernslaveryregistry,
  title = {Modern Slavery Registry},
  author = {{Business and Human Rights Resource Centre (BHRRC)}},
  year = {2024},
  howpublished = {\url{https://www.modernslaveryregistry.org/}},
  note = {Accessed on 08 May 2024}
}

@misc{vigilanceplansearch,
  title = {Search},
  author = {{Vigilance-Plan.org}},
  year = {2024},
  howpublished = {\url{https://vigilance-plan.org/search/}},
  note = {Accessed on 08 May 2024}
}
@misc{ukgovmodernslaveryregistry,
  title = {Modern Slavery Statement Registry},
  author = {{UK Government}},
  year = {2024},
  howpublished = {\url{https://modern-slavery-statement-registry.service.gov.uk/}},
  note = {Accessed on 08 May 2024}
}
@misc{bhrrc2017ftse100,
  title = {First Year of FTSE 100 Reports under the UK Modern Slavery Act: Towards Elimination?},
  author = {{Business and Human Rights Resource Centre (BHRRC)}},
  year = {2017},
  howpublished = {\url{https://tinyurl.com/nhz7xckh}},
  note = {Accessed on 08 May 2024}
}
@article{ras2019quest,
  title={The Quest to End Modern Slavery: Metaphors in corporate modern slavery statements},
  author={Ras, Ilse A and Gregoriou, Christiana},
  journal={Anti-trafficking review},
  volume={13},
  pages={100--118},
  year={2019},
  publisher={Global Alliance Against Traffic in Women}
}

@article{pinnington2023transparency,
  title={Transparency in supply chains (TISC): Assessing and improving the quality of modern slavery statements},
  author={Pinnington, Bruce and Benstead, Amy and Meehan, Joanne},
  journal={Journal of Business Ethics},
  volume={182},
  number={3},
  pages={619--636},
  year={2023},
  publisher={Springer}
}

@article{dean2020race,
  title={A race to the middle of the pack: An analysis of slavery and human trafficking statements submitted by Australian banks under the UK Modern Slavery Act},
  author={Dean, Olivia and Marshall, Shelley},
  journal={Australian Journal of Human Rights},
  volume={26},
  number={1},
  pages={46--73},
  year={2020},
  publisher={Taylor \& Francis}
}
@article{martin2017human,
  title={Human rights risks in global supply chains: Applying the UK Modern Slavery Act to the public sector},
  author={Martin-Ortega, Olga},
  journal={Global Policy},
  volume={8},
  number={4},
  pages={512--521},
  year={2017},
  publisher={Wiley Online Library}
}
@article{rogerson2020organisational,
  title={Organisational responses to mandatory modern slavery disclosure legislation: a failure of experimentalist governance?},
  author={Rogerson, Michael and Crane, Andrew and Soundararajan, Vivek and Grosvold, Johanne and Cho, Charles H},
  journal={Accounting, Auditing \& Accountability Journal},
  volume={33},
  number={7},
  pages={1505--1534},
  year={2020},
  publisher={Emerald Publishing Limited}
}
@misc{walkfree2020hotel,
  title = {Beyond Compliance in the Hotel Sector},
  author = {Walk Free},
  year = {2020},
  howpublished = {\url{https://tinyurl.com/mv5fasc3}},
  note = {Accessed on 08 May 2024}
}

@misc{walkfree2021finance,
  title = {Beyond Compliance in the Finance Sector},
  author = {Walk Free},
  year = {2021},
  howpublished = {\url{https://tinyurl.com/24v5uejr}},
  note = {Accessed on 08 May 2024}
}

@misc{walkfree2022garment,
  title = {Beyond Compliance in the Garment Industry},
  author = {{Walk Free}},
  year = {2022},
  howpublished = {\url{https://tinyurl.com/y6yxrjwb}},
  note = {Accessed on 08 May 2024}
}
@misc{shift2019humanrights,
  title = {Human Rights Reporting in France},
  author = {Shift},
  year = {2019},
  publisher = {Shift Project},
  howpublished = {\url{https://tinyurl.com/yk3b64nz}},
  note = {Accessed on 08 May 2024}
}
@article{birkey2018mandated,
  title={Mandated social disclosure: An analysis of the response to the California Transparency in Supply Chains Act of 2010},
  author={Birkey, Rachel N and Guidry, Ronald P and Islam, Mohammad Azizul and Patten, Dennis M},
  journal={Journal of Business Ethics},
  volume={152},
  pages={827--841},
  year={2018},
  publisher={Springer}
}
@misc{icar2019finalreport,
  title = {Final Report},
  author = {{International Corporate Accountability Roundtable}},
  year = {2019},
  howpublished = {\url{https://tinyurl.com/jxfyadm4}},
  note = {Accessed on 08 May 2024}
}
@article{nersessian2022human,
  title={Human trafficking in the global supply chain: Using machine learning to understand corporate disclosures under the uk modern slavery act},
  author={Nersessian, David and Pachamanova, Dessislava},
  journal={Harv. Hum. Rts. J.},
  volume={35},
  pages={1},
  year={2022},
  publisher={HeinOnline}
}
@misc{bora2019augmentedintelligence,
  title = {Using Augmented Intelligence in Accelerating the Eradication of Modern Slavery: Applied Machine Learning in Analysing and Benchmarking the Modern Slavery Businesses' Reports},
  author = {Bora, A.},
  year = {2019},
  publisher = {ResearchGate},
  howpublished = {Thesis},
  url={http://dx.doi.org/10.13140/RG.2.2.15257.77921},
  note = {Accessed on 08 May 2024},
}

@inproceedings{weinberg2020ai,
  title={{AI} against modern slavery: Digital insights into modern slavery reporting -- Challenges and opportunities},
  author={Weinberg, Nyasha and Bora, Adriana and Sassetti, Francisca and Bryant, Katharine and Rootalu, Edgar and Bikziantieieva, Karyna and van Breen, Laureen and Carrier, Patricia and Lannquist, Yolanda and Miailhe10, Nicolas},
  booktitle={{AAAI Fall 2020 Symposium on AI for Social Good}},
  year={2020}
}
@misc{tfs2022projectaims,
  title = {{Project AIMS (AI against Modern Slavery)}},
  author = {{The Future Society}},
  year = {2022},
  howpublished = {GitHub Repository},
  url={https://github.com/the-future-society/Project-AIMS-AI-against-Modern-Slavery},
  note = {Accessed on 08 May 2024}
}
@article{flogard2022dataset,
  title={A Dataset for Efforts Towards Achieving the Sustainable Development Goal of Safe Working Environments},
  author={Flogard, Eirik Lund and Mengshoel, Ole Jakob},
  journal={Advances in Neural Information Processing Systems},
  volume={35},
  pages={23297--23310},
  year={2022}
}

@inproceedings{yeh2021sustainbench,
  title={Sustainbench: Benchmarks for Monitoring the Sustainable Development Goals with Machine Learning},
  author={Yeh, Christopher and Meng, Chenlin and Wang, Sherrie and Driscoll, Anne and Rozi, Erik and Liu, Patrick and Lee, Jihyeon and Burke, Marshall and Lobell, David B. and Ermon, Stefano},
  booktitle={Thirty-fifth Conference on Neural Information Processing Systems Datasets and Benchmarks Track (Round 2)},
  year={2021}
}

@inproceedings{singla2021wildfiredb,
  title={WildfireDB: An Open-Source Dataset Connecting Wildfire Spread with Relevant Determinants},
  author={Singla, Samriddhi and Mukhopadhyay, Ayan and Wilbur, Michael and Diao, Tina and Gajjewar, Vinayak and Eldawy, Ahmed and Kochenderfer, Mykel and Shachter, Ross and Dubey, Abhishek},
  booktitle={Thirty-fifth Conference on Neural Information Processing Systems Datasets and Benchmarks Track (Round 1)},
  year={2021}
}

@misc{free2022global,
  title={Global estimates of modern slavery: Forced labour and forced marriage},
  author={{Walk Free}},
  year={2022},
  url={https://www.ilo.org/media/370826/download},
  howpublished={Technical Report, International Labour Organization (ILO)},
}

@article{lorenzen2022new,
  title={New business and human rights lawsâ€”Support for social upgrading?},
  author={Lorenzen, Stefanie},
  journal={Economic and social upgrading in global value chains: Comparative analyses, macroeconomic effects, the role of institutions and strategies for the global south},
  pages={437--466},
  year={2022},
  publisher={Springer}
}

@misc{amsa2018_legislation,
  title={{Modern Slavery Act 2018}},
  author={{Australian Government}},
  year={Act No. 153, 2018},
  url={https://www.legislation.gov.au/C2018A00153},
  howpublished={{Australian Federal Register of Legislation}, {Attorney-General's Department}},
}

@misc{amsa2018_guidance2023,
  title={{Commonwealth Modern Slavery Act 2018: Guidance for Reporting Entities}},
  author={{Australian Government, Attorney-Generalâ€™s Department, Modern Slavery Business Engagement Unit}},
  year={2023},
  url={https://modernslaveryregister.gov.au/resources/Commonwealth_Modern_Slavery_Act_Guidance_for_Reporting_Entities.pdf},
}

@misc{amsa2018_register,
  title={{Modern Slavery Register}},
  author={{Australian Government, Attorney-Generalâ€™s Department}},
  url = {https://modernslaveryregister.gov.au/},
  year = {2024},
}


@misc{WF2023,
    title = {Beyond Compliance: Renewable Energy Sector},
    author = {{Walk Free}},
    year = {2023},
    url = {https://cdn.walkfree.org/content/uploads/2023/09/20162158/WF-Beyond-Compliance-Renewable-Energy-Sector.pdf}
}

@misc{WikiRate2023,
    title = {{UK} Modern Slavery Act Research},
    author = {{WikiRate}},
    year = {2023},
    howpublished={Data Repository},
    url = {https://wikirate.org/UK_Modern_Slavery_Act_Research}
}


@article{guha2023legalbench,
  title={{LegalBench}: A Collaboratively Built Benchmark for Measuring Legal Reasoning in Large Language Models},
  author={Guha, Neel and Nyarko, Julian and Ho, Daniel and R{\'e}, Christopher and Chilton, Adam and Chohlas-Wood, Alex and Peters, Austin and Waldon, Brandon and Rockmore, Daniel and Zambrano, Diego and others},
  journal={arXiv preprint: 2308.11462},
  year={2023},
}

@article{egami2022make,
  title={How to make causal inferences using texts},
  author={Egami, Naoki and Fong, Christian J and Grimmer, Justin and Roberts, Margaret E and Stewart, Brandon M},
  journal={Science Advances},
  volume={8},
  number={42},
  pages={eabg2652},
  year={2022},
  publisher={American Association for the Advancement of Science}
}

@misc{giz2023bigdata,
    title={Big Data Technologies in Human Rights and Environmental Due Diligence (HREDD) Processes},
    author={{Deutsche Gesellschaft fÃ¼r Internationale Zusammenarbeit (GIZ)}},
    year={2023},
    url={https://pure.uva.nl/ws/files/126090183/giz2023_0121en_big_data_technologies_hredd_process.pdf}
}

@misc{dihr2022dataanalysis,
    title={Data Analysis of Company Reporting: Using Artificial Intelligence to Analyse Sustainability and Human Rights Reporting},
    author={{Danish Institute for Human Rights}},
    year={2022},
    howpublished={Technical Report},
    url={https://www.humanrights.dk/files/media/document/DataAnalysis-CompanyReporting_EN_2022_accessible.pdf}
}

@article{tian2023dataset,
    title={A dataset on corporate sustainability disclosure},
    author={Tian, Jiarui and Cheng, Qinghua and Xue, Rui and others},
    journal={Scientific Data},
    volume={10},
    pages={182},
    year={2023},
    publisher={Nature Publishing Group},
    doi={10.1038/s41597-023-02093-3},
    url={https://doi.org/10.1038/s41597-023-02093-3}
}

@article{shen2022multi,
  title={Multi-lexsum: Real-world summaries of civil rights lawsuits at multiple granularities},
  author={Shen, Zejiang and Lo, Kyle and Yu, Lauren and Dahlberg, Nathan and Schlanger, Margo and Downey, Doug},
  journal={Advances in Neural Information Processing Systems},
  volume={35},
  pages={13158--13173},
  year={2022}
}

@article{ostling2024cambridge,
  title={The Cambridge Law Corpus: A Dataset for Legal AI Research},
  author={{\"O}stling, Andreas and Sargeant, Holli and Xie, Huiyuan and Bull, Ludwig and Terenin, Alexander and Jonsson, Leif and Magnusson, M{\aa}ns and Steffek, Felix},
  journal={University of Cambridge Faculty of Law Research Paper},
  number={11},
  year={2024}
}

@article{zilka2022survey,
  title={A survey and datasheet repository of publicly available us criminal justice datasets},
  author={Zilka, Miri and Butcher, Bradley and Weller, Adrian},
  journal={Advances in Neural Information Processing Systems},
  volume={35},
  pages={28008--28022},
  year={2022}
}

@article{henderson2022pile,
  title={Pile of law: Learning responsible data filtering from the law and a 256gb open-source legal dataset},
  author={Henderson, Peter and Krass, Mark and Zheng, Lucia and Guha, Neel and Manning, Christopher D and Jurafsky, Dan and Ho, Daniel},
  journal={Advances in Neural Information Processing Systems},
  volume={35},
  pages={29217--29234},
  year={2022}
}

@article{hendrycks2021cuad,
  title={Cuad: An expert-annotated nlp dataset for legal contract review},
  author={Hendrycks, Dan and Burns, Collin and Chen, Anya and Ball, Spencer},
  journal={arXiv preprint: 2103.06268},
  year={2021}
}

@article{luccioni2020analyzing,
    title={Analyzing sustainability reports using natural language processing},
    author={Luccioni, Alexandra and Baylor, Emily and Duchene, Nicolas},
    journal={arXiv preprint: 2011.08073},
    year={2020},
}

@article{bingler2024cheap,
    title={How cheap talk in climate disclosures relates to climate initiatives, corporate emissions, and reputation risk},
    author={Bingler, Julia Anna and Kraus, Mathias and Leippold, Markus and Webersinke, Nicolas},
    journal={Journal of Banking \& Finance},
    year={2024},
    pages={107191},
    doi={10.1016/j.jbankfin.2023.107191}
}

@article{ni2023chatreport,
    title={{CHATREPORT}: Democratizing Sustainability Disclosure Analysis through {LLM}-based Tools},
    author={Ni, Jingwei and Bingler, Julia and Colesanti-Senni, Chiara and Kraus, Mathias and Gostlow, Glen and Schimanski, Tobias and others},
    journal={arXiv preprint: 2307.15770},
    year={2023},
}

@article{schimanski2023climatebert,
    title={{ClimateBERT-NetZero}: Detecting and assessing net zero and reduction targets},
    author={Schimanski, Tobias and others},
    journal={arXiv preprint: 2310.08096},
    year={2023},
}

@article{morio2023nlp,
    title={An {NLP} Benchmark Dataset for Assessing Corporate Climate Policy Engagement},
    author={Morio, G. and Manning, C. D.},
    journal={Advances in Neural Information Processing Systems},
    volume={36},
    pages={39678--39702},
    year={2023}
}

@misc{california_transparency_guide,
  author       = {{Kamala D. Harris}},
  title        = {The California Transparency in Supply Chains Act: A Resource Guide},
  year         = {2015},
  url          = {https://oag.ca.gov/sites/all/files/agweb/pdfs/sb657/resource-guide.pdf},
}

@phdthesis{fourie2021regulating,
  title={Regulating modern slavery in global supply chains: exploring the design and effectiveness of national legislation},
  author={Fourie, Jaco},
  year={2021},
  school={UNSW Sydney}
}

@article{zambrano2023rales,
  title={{RaLEs}: a Benchmark for Radiology Language Evaluations},
  author={Zambrano Chaves, Juanma and Bhaskhar, Nandita and Attias, Maayane and Delbrouck, Jean-Benoit and Rubin, Daniel and Loening, Andreas and Langlotz, Curtis and Chaudhari, Akshay},
  journal={Advances in Neural Information Processing Systems},
  volume={36},
  pages={74429--74454},
  year={2023}
}

@article{mccorquodale2022human,
  title={Human rights due diligence instruments: Evaluating the current legislative landscape},
  author={McCorquodale, Robert},
  journal={Research handbook on global governance, business and human rights},
  pages={121--142},
  year={2022},
  publisher={Edward Elgar Publishing}
}

@article{sanh2020distilbert,
      title={{DistilBERT}, a distilled version of {BERT}: smaller, faster, cheaper and lighter}, 
      author={Victor Sanh and Lysandre Debut and Julien Chaumond and Thomas Wolf},
      year={2020},
      journal={arXiv preprint: 1910.01108},
}

@article{devlin2019bert,
      title={{BERT}: Pre-training of Deep Bidirectional Transformers for Language Understanding}, 
      author={Jacob Devlin and Ming-Wei Chang and Kenton Lee and Kristina Toutanova},
      year={2019},
      journal={arXiv preprint: 1810.04805},
}

@article{touvron2023llama,
      title={Llama 2: Open Foundation and Fine-Tuned Chat Models}, 
      author={Hugo Touvron and Louis Martin and Kevin Stone and Peter Albert and Amjad Almahairi and Yasmine Babaei and Nikolay Bashlykov and Soumya Batra and Prajjwal Bhargava and Shruti Bhosale and Dan Bikel and Lukas Blecher and Cristian Canton Ferrer and Moya Chen and Guillem Cucurull and David Esiobu and Jude Fernandes and Jeremy Fu and Wenyin Fu and Brian Fuller and Cynthia Gao and Vedanuj Goswami and Naman Goyal and Anthony Hartshorn and Saghar Hosseini and Rui Hou and Hakan Inan and Marcin Kardas and Viktor Kerkez and Madian Khabsa and Isabel Kloumann and Artem Korenev and Punit Singh Koura and Marie-Anne Lachaux and Thibaut Lavril and Jenya Lee and Diana Liskovich and Yinghai Lu and Yuning Mao and Xavier Martinet and Todor Mihaylov and Pushkar Mishra and Igor Molybog and Yixin Nie and Andrew Poulton and Jeremy Reizenstein and Rashi Rungta and Kalyan Saladi and Alan Schelten and Ruan Silva and Eric Michael Smith and Ranjan Subramanian and Xiaoqing Ellen Tan and Binh Tang and Ross Taylor and Adina Williams and Jian Xiang Kuan and Puxin Xu and Zheng Yan and Iliyan Zarov and Yuchen Zhang and Angela Fan and Melanie Kambadur and Sharan Narang and Aurelien Rodriguez and Robert Stojnic and Sergey Edunov and Thomas Scialom},
      year={2023},
      journal={arXiv preprint: 2307.09288},
}

@misc{dubey2024llama3herdmodels,
      title={The Llama 3 Herd of Models}, 
      author={Abhimanyu Dubey and Abhinav Jauhri and Abhinav Pandey and Abhishek Kadian and Ahmad Al-Dahle and Aiesha Letman and Akhil Mathur and Alan Schelten and Amy Yang and Angela Fan and Anirudh Goyal and Anthony Hartshorn and Aobo Yang and Archi Mitra and Archie Sravankumar and Artem Korenev and Arthur Hinsvark and Arun Rao and Aston Zhang and Aurelien Rodriguez and Austen Gregerson and Ava Spataru and Baptiste Roziere and Bethany Biron and Binh Tang and Bobbie Chern and Charlotte Caucheteux and Chaya Nayak and Chloe Bi and Chris Marra and Chris McConnell and Christian Keller and Christophe Touret and Chunyang Wu and Corinne Wong and Cristian Canton Ferrer and Cyrus Nikolaidis and Damien Allonsius and Daniel Song and Danielle Pintz and Danny Livshits and David Esiobu and Dhruv Choudhary and Dhruv Mahajan and Diego Garcia-Olano and Diego Perino and Dieuwke Hupkes and Egor Lakomkin and Ehab AlBadawy and Elina Lobanova and Emily Dinan and Eric Michael Smith and Filip Radenovic and Frank Zhang and Gabriel Synnaeve and Gabrielle Lee and Georgia Lewis Anderson and Graeme Nail and Gregoire Mialon and Guan Pang and Guillem Cucurell and Hailey Nguyen and Hannah Korevaar and Hu Xu and Hugo Touvron and Iliyan Zarov and Imanol Arrieta Ibarra and Isabel Kloumann and Ishan Misra and Ivan Evtimov and Jade Copet and Jaewon Lee and Jan Geffert and Jana Vranes and Jason Park and Jay Mahadeokar and Jeet Shah and Jelmer van der Linde and Jennifer Billock and Jenny Hong and Jenya Lee and Jeremy Fu and Jianfeng Chi and Jianyu Huang and Jiawen Liu and Jie Wang and Jiecao Yu and Joanna Bitton and Joe Spisak and Jongsoo Park and Joseph Rocca and Joshua Johnstun and Joshua Saxe and Junteng Jia and Kalyan Vasuden Alwala and Kartikeya Upasani and Kate Plawiak and Ke Li and Kenneth Heafield and Kevin Stone and Khalid El-Arini and Krithika Iyer and Kshitiz Malik and Kuenley Chiu and Kunal Bhalla and Lauren Rantala-Yeary and Laurens van der Maaten and Lawrence Chen and Liang Tan and Liz Jenkins and Louis Martin and Lovish Madaan and Lubo Malo and Lukas Blecher and Lukas Landzaat and Luke de Oliveira and Madeline Muzzi and Mahesh Pasupuleti and Mannat Singh and Manohar Paluri and Marcin Kardas and Mathew Oldham and Mathieu Rita and Maya Pavlova and Melanie Kambadur and Mike Lewis and Min Si and Mitesh Kumar Singh and Mona Hassan and Naman Goyal and Narjes Torabi and Nikolay Bashlykov and Nikolay Bogoychev and Niladri Chatterji and Olivier Duchenne and Onur Ã‡elebi and Patrick Alrassy and Pengchuan Zhang and Pengwei Li and Petar Vasic and Peter Weng and Prajjwal Bhargava and Pratik Dubal and Praveen Krishnan and Punit Singh Koura and Puxin Xu and Qing He and Qingxiao Dong and Ragavan Srinivasan and Raj Ganapathy and Ramon Calderer and Ricardo Silveira Cabral and Robert Stojnic and Roberta Raileanu and Rohit Girdhar and Rohit Patel and Romain Sauvestre and Ronnie Polidoro and Roshan Sumbaly and Ross Taylor and Ruan Silva and Rui Hou and Rui Wang and Saghar Hosseini and Sahana Chennabasappa and Sanjay Singh and Sean Bell and Seohyun Sonia Kim and Sergey Edunov and Shaoliang Nie and Sharan Narang and Sharath Raparthy and Sheng Shen and Shengye Wan and Shruti Bhosale and Shun Zhang and Simon Vandenhende and Soumya Batra and Spencer Whitman and Sten Sootla and Stephane Collot and Suchin Gururangan and Sydney Borodinsky and Tamar Herman and Tara Fowler and Tarek Sheasha and Thomas Georgiou and Thomas Scialom and Tobias Speckbacher and Todor Mihaylov and Tong Xiao and Ujjwal Karn and Vedanuj Goswami and Vibhor Gupta and Vignesh Ramanathan and Viktor Kerkez and Vincent Gonguet and Virginie Do and Vish Vogeti and Vladan Petrovic and Weiwei Chu and Wenhan Xiong and Wenyin Fu and Whitney Meers and Xavier Martinet and Xiaodong Wang and Xiaoqing Ellen Tan and Xinfeng Xie and Xuchao Jia and Xuewei Wang and Yaelle Goldschlag and Yashesh Gaur and Yasmine Babaei and Yi Wen and Yiwen Song and Yuchen Zhang and Yue Li and Yuning Mao and Zacharie Delpierre Coudert and Zheng Yan and Zhengxing Chen and Zoe Papakipos and Aaditya Singh and Aaron Grattafiori and Abha Jain and Adam Kelsey and Adam Shajnfeld and Adithya Gangidi and Adolfo Victoria and Ahuva Goldstand and Ajay Menon and Ajay Sharma and Alex Boesenberg and Alex Vaughan and Alexei Baevski and Allie Feinstein and Amanda Kallet and Amit Sangani and Anam Yunus and Andrei Lupu and Andres Alvarado and Andrew Caples and Andrew Gu and Andrew Ho and Andrew Poulton and Andrew Ryan and Ankit Ramchandani and Annie Franco and Aparajita Saraf and Arkabandhu Chowdhury and Ashley Gabriel and Ashwin Bharambe and Assaf Eisenman and Azadeh Yazdan and Beau James and Ben Maurer and Benjamin Leonhardi and Bernie Huang and Beth Loyd and Beto De Paola and Bhargavi Paranjape and Bing Liu and Bo Wu and Boyu Ni and Braden Hancock and Bram Wasti and Brandon Spence and Brani Stojkovic and Brian Gamido and Britt Montalvo and Carl Parker and Carly Burton and Catalina Mejia and Changhan Wang and Changkyu Kim and Chao Zhou and Chester Hu and Ching-Hsiang Chu and Chris Cai and Chris Tindal and Christoph Feichtenhofer and Damon Civin and Dana Beaty and Daniel Kreymer and Daniel Li and Danny Wyatt and David Adkins and David Xu and Davide Testuggine and Delia David and Devi Parikh and Diana Liskovich and Didem Foss and Dingkang Wang and Duc Le and Dustin Holland and Edward Dowling and Eissa Jamil and Elaine Montgomery and Eleonora Presani and Emily Hahn and Emily Wood and Erik Brinkman and Esteban Arcaute and Evan Dunbar and Evan Smothers and Fei Sun and Felix Kreuk and Feng Tian and Firat Ozgenel and Francesco Caggioni and Francisco GuzmÃ¡n and Frank Kanayet and Frank Seide and Gabriela Medina Florez and Gabriella Schwarz and Gada Badeer and Georgia Swee and Gil Halpern and Govind Thattai and Grant Herman and Grigory Sizov and Guangyi and Zhang and Guna Lakshminarayanan and Hamid Shojanazeri and Han Zou and Hannah Wang and Hanwen Zha and Haroun Habeeb and Harrison Rudolph and Helen Suk and Henry Aspegren and Hunter Goldman and Ibrahim Damlaj and Igor Molybog and Igor Tufanov and Irina-Elena Veliche and Itai Gat and Jake Weissman and James Geboski and James Kohli and Japhet Asher and Jean-Baptiste Gaya and Jeff Marcus and Jeff Tang and Jennifer Chan and Jenny Zhen and Jeremy Reizenstein and Jeremy Teboul and Jessica Zhong and Jian Jin and Jingyi Yang and Joe Cummings and Jon Carvill and Jon Shepard and Jonathan McPhie and Jonathan Torres and Josh Ginsburg and Junjie Wang and Kai Wu and Kam Hou U and Karan Saxena and Karthik Prasad and Kartikay Khandelwal and Katayoun Zand and Kathy Matosich and Kaushik Veeraraghavan and Kelly Michelena and Keqian Li and Kun Huang and Kunal Chawla and Kushal Lakhotia and Kyle Huang and Lailin Chen and Lakshya Garg and Lavender A and Leandro Silva and Lee Bell and Lei Zhang and Liangpeng Guo and Licheng Yu and Liron Moshkovich and Luca Wehrstedt and Madian Khabsa and Manav Avalani and Manish Bhatt and Maria Tsimpoukelli and Martynas Mankus and Matan Hasson and Matthew Lennie and Matthias Reso and Maxim Groshev and Maxim Naumov and Maya Lathi and Meghan Keneally and Michael L. Seltzer and Michal Valko and Michelle Restrepo and Mihir Patel and Mik Vyatskov and Mikayel Samvelyan and Mike Clark and Mike Macey and Mike Wang and Miquel Jubert Hermoso and Mo Metanat and Mohammad Rastegari and Munish Bansal and Nandhini Santhanam and Natascha Parks and Natasha White and Navyata Bawa and Nayan Singhal and Nick Egebo and Nicolas Usunier and Nikolay Pavlovich Laptev and Ning Dong and Ning Zhang and Norman Cheng and Oleg Chernoguz and Olivia Hart and Omkar Salpekar and Ozlem Kalinli and Parkin Kent and Parth Parekh and Paul Saab and Pavan Balaji and Pedro Rittner and Philip Bontrager and Pierre Roux and Piotr Dollar and Polina Zvyagina and Prashant Ratanchandani and Pritish Yuvraj and Qian Liang and Rachad Alao and Rachel Rodriguez and Rafi Ayub and Raghotham Murthy and Raghu Nayani and Rahul Mitra and Raymond Li and Rebekkah Hogan and Robin Battey and Rocky Wang and Rohan Maheswari and Russ Howes and Ruty Rinott and Sai Jayesh Bondu and Samyak Datta and Sara Chugh and Sara Hunt and Sargun Dhillon and Sasha Sidorov and Satadru Pan and Saurabh Verma and Seiji Yamamoto and Sharadh Ramaswamy and Shaun Lindsay and Shaun Lindsay and Sheng Feng and Shenghao Lin and Shengxin Cindy Zha and Shiva Shankar and Shuqiang Zhang and Shuqiang Zhang and Sinong Wang and Sneha Agarwal and Soji Sajuyigbe and Soumith Chintala and Stephanie Max and Stephen Chen and Steve Kehoe and Steve Satterfield and Sudarshan Govindaprasad and Sumit Gupta and Sungmin Cho and Sunny Virk and Suraj Subramanian and Sy Choudhury and Sydney Goldman and Tal Remez and Tamar Glaser and Tamara Best and Thilo Kohler and Thomas Robinson and Tianhe Li and Tianjun Zhang and Tim Matthews and Timothy Chou and Tzook Shaked and Varun Vontimitta and Victoria Ajayi and Victoria Montanez and Vijai Mohan and Vinay Satish Kumar and Vishal Mangla and VÃ­tor Albiero and Vlad Ionescu and Vlad Poenaru and Vlad Tiberiu Mihailescu and Vladimir Ivanov and Wei Li and Wenchen Wang and Wenwen Jiang and Wes Bouaziz and Will Constable and Xiaocheng Tang and Xiaofang Wang and Xiaojian Wu and Xiaolan Wang and Xide Xia and Xilun Wu and Xinbo Gao and Yanjun Chen and Ye Hu and Ye Jia and Ye Qi and Yenda Li and Yilin Zhang and Ying Zhang and Yossi Adi and Youngjin Nam and Yu and Wang and Yuchen Hao and Yundi Qian and Yuzi He and Zach Rait and Zachary DeVito and Zef Rosnbrick and Zhaoduo Wen and Zhenyu Yang and Zhiwei Zhao},
      year={2024},
      eprint={2407.21783},
      archivePrefix={arXiv},
      primaryClass={cs.AI},
      url={https://arxiv.org/abs/2407.21783}, 
}

@article{hu2021lora,
      title={{LoRA}: Low-Rank Adaptation of Large Language Models}, 
      author={Edward J. Hu and Yelong Shen and Phillip Wallis and Zeyuan Allen-Zhu and Yuanzhi Li and Shean Wang and Lu Wang and Weizhu Chen},
      year={2021},
      journal={arXiv preprint: 2106.09685},
}

@article{abdallah2023exploring,
  title={Exploring the state of the art in legal {QA} systems},
  author={Abdallah, Abdelrahman and Piryani, Bhawna and Jatowt, Adam},
  journal={Journal of Big Data},
  volume={10},
  number={1},
  pages={127},
  year={2023},
  publisher={Springer}
}

@article{niklaus2024flawn,
  title={{FLawN-T5}: An Empirical Examination of Effective Instruction-Tuning Data Mixtures for Legal Reasoning},
  author={Niklaus, Joel and Zheng, Lucia and McCarthy, Arya D and Hahn, Christopher and Rosen, Brian M and Henderson, Peter and Ho, Daniel E and Honke, Garrett and Liang, Percy and Manning, Christopher},
  journal={arXiv preprint: 2404.02127},
  year={2024}
}

@article{martinez2023survey,
  title={A survey on legal question--answering systems},
  author={Martinez-Gil, Jorge},
  journal={Computer Science Review},
  volume={48},
  pages={100552},
  year={2023},
  publisher={Elsevier}
}

@misc{pymupdf_fitz,
  title = {{PyMuPDF}: Python bindings for {MuPDF} (fitz)},
  author = {{PyMuPDF Contributors}},
  howpublished = {GitHub Repository},
  url={https://github.com/pymupdf/PyMuPDF},
  year = {2024}
}

@article{balloccu2024leak,
  title={Leak, cheat, repeat: Data contamination and evaluation malpractices in closed-source {LLMs}},
  author={Balloccu, Simone and Schmidtov{\'a}, Patr{\'\i}cia and Lango, Mateusz and Du{\v{s}}ek, Ond{\v{r}}ej},
  journal={arXiv preprint: 2402.03927},
  year={2024}
}

@article{wolf2019huggingface,
  title={{HuggingFace's Transformers}: State-of-the-art natural language processing},
  author={Wolf, Thomas and Debut, Lysandre and Sanh, Victor and Chaumond, Julien and Delangue, Clement and Moi, Anthony and Cistac, Pierric and Rault, Tim and Louf, R{\'e}mi and Funtowicz, Morgan and others},
  journal={arXiv preprint: 1910.03771},
  year={2019}
}

@article{kingma2014adam,
  title={Adam: A method for stochastic optimization},
  author={Kingma, Diederik P and Ba, Jimmy},
  journal={arXiv preprint: 1412.6980},
  year={2014}
}

@article{bordes2024introduction,
  title={An Introduction to Vision-Language Modeling},
  author={Florian Bordes and Richard Yuanzhe Pang and Anurag Ajay and Alexander C. Li and Adrien Bardes and Suzanne Petryk and Oscar MaÃ±as and Zhiqiu Lin and Anas Mahmoud and Bargav Jayaraman and Mark Ibrahim and Melissa Hall and Yunyang Xiong and Jonathan Lebensold and Candace Ross and Srihari Jayakumar and Chuan Guo and Diane Bouchacourt and Haider Al-Tahan and Karthik Padthe and Vasu Sharma and Hu Xu and Xiaoqing Ellen Tan and Megan Richards and Samuel Lavoie and Pietro Astolfi and Reyhane Askari Hemmat and Jun Chen and Kushal Tirumala and Rim Assouel and Mazda Moayeri and Arjang Talattof and Kamalika Chaudhuri and Zechun Liu and Xilun Chen and Quentin Garrido and Karen Ullrich and Aishwarya Agrawal and Kate Saenko and Asli Celikyilmaz and Vikas Chandra},
  journal={arXiv preprint: 2405.17247},
  year={2024},
}

@article{ekin2023prompt,
  title={Prompt engineering for {ChatGPT}: a quick guide to techniques, tips, and best practices},
  author={Ekin, Sabit},
  journal={Authorea Preprints},
  year={2023},
  publisher={Authorea}
}

@article{chiang2024chatbot,
  title={Chatbot arena: An open platform for evaluating {LLMs} by human preference},
  author={Chiang, Wei-Lin and Zheng, Lianmin and Sheng, Ying and Angelopoulos, Anastasios Nikolas and Li, Tianle and Li, Dacheng and Zhang, Hao and Zhu, Banghua and Jordan, Michael and Gonzalez, Joseph E and others},
  journal={arXiv preprint: 2403.04132},
  year={2024}
}

@article{webersinke2022climatebert,
    title={{CLIMATEBERT}: A Pretrained Language Model for Climate-Related Text},
    author={Nicolas Webersinke, Mathias Kraus, Julia Anna Bingler and Markus Leippold},
    journal={arXiv preprint: 2110.12010},
    year={2022}
}

@misc{uk_modern_slavery_act_2015,
  title = {Modern Slavery Act 2015, Section 54},
  author = {{UK Government}},
  year = {2015},
  url = {https://www.legislation.gov.uk/ukpga/2015/30/section/54},
  note = {Accessed: 2024-06-05}
}
@misc{canadian_forced_labour_act,
  title = {Fighting Against Forced Labour and Child Labour in Supply Chains Act},
  author = {{Canadian Government}},
  year = {2023},
  url = {https://laws.justice.gc.ca/eng/acts/F-10.6/},
  note = {Accessed: 2024-06-05}
}

@article{hambardzumyan2022deep,
  title={{Deep Lake}: A lakehouse for deep learning},
  author={Hambardzumyan, Sasun and Tuli, Abhinav and Ghukasyan, Levon and Rahman, Fariz and Topchyan, Hrant and Isayan, David and McQuade, Mark and Harutyunyan, Mikayel and Hakobyan, Tatevik and Stranic, Ivo and others},
  journal={arXiv preprint: 2209.10785},
  year={2022}
}

@misc{hdf5repo,
    author = {{The HDF Group}},
    title = {{Hierarchical Data Format, version 5}},
    url = {https://github.com/HDFGroup/hdf5},
    howpublished={GitHub Repository}
}

@article{gehrmann2021gem,
  title={The {GEM} Benchmark: Natural Language Generation, Its Evaluation and Metrics},
  author={Gehrmann, Sebastian and Adewumi, Tosin and Aggarwal, Karmanya and Ammanamanchi, Pawan Sasanka and Anuoluwapo, Aremu and Bosselut, Antoine and Chandu, Khyathi Raghavi and Clinciu, Miruna and Das, Dipanjan and Dhole, Kaustubh D and others},
  journal={arXiv preprint: 2102.01672},
  year={2021}
}

@article{suzgun2024harvard,
  title={The {Harvard USPTO} patent dataset: A large-scale, well-structured, and multi-purpose corpus of patent applications},
  author={Suzgun, Mirac and Melas-Kyriazi, Luke and Sarkar, Suproteem and Kominers, Scott D and Shieber, Stuart},
  journal={Advances in Neural Information Processing Systems},
  volume={36},
  year={2024}
}

@misc{figshare,
    author = {{Digital Science}},
    title = {{Figshare Open Access Repository}},
    url = {https://figshare.com/},
    howpublished={Website}
}

@misc{australia2023report,
    title={Report: Statutory Review of the Modern Slavery Act 2018},
    author={Australian Government Attorney-Generalâ€™s Department},
    year={2023},
    url={https://www.ag.gov.au/sites/default/files/2023-05/Report%20-%20Statutory%20Review%20of%20the%20Modern%20Slavery%20Act%202018.PDF}
}

@book{rao2019modern,
  title={Modern Slavery Legislation: Drafting History and Comparisons between Australia, UK and the USA},
  author={Rao, Sunil},
  year={2019},
  publisher={Routledge},
  pages={101}
}
