@inproceedings{arnold2022map,
  title={Map-Free Visual Relocalization: Metric Pose Relative to a Single Image},
  author={Arnold, Eduardo and Wynn, Jamie and Vicente, Sara and Garcia-Hernando, Guillermo and Monszpart, {\'A}ron and Prisacariu, Victor and Turmukhambetov, Daniyar and Brachmann, Eric},
  booktitle={Proceedings of the European Conference on Computer Vision},
  pages={690--708},
  year={2022},
  organization={Springer}
}

@inproceedings{brachmann2016uncertainty,
  title={Uncertainty-driven 6d pose estimation of objects and scenes from a single rgb image},
  author={Brachmann, Eric and Michel, Frank and Krull, Alexander and Yang, Michael Ying and Gumhold, Stefan and others},
  booktitle={Proceedings of the IEEE conference on computer vision and pattern recognition},
  pages={3364--3372},
  year={2016}
}

@inproceedings{brachmann2017dsac,
  title={Dsac-differentiable ransac for camera localization},
  author={Brachmann, Eric and Krull, Alexander and Nowozin, Sebastian and Shotton, Jamie and Michel, Frank and Gumhold, Stefan and Rother, Carsten},
  booktitle={Proceedings of the IEEE conference on computer vision and pattern recognition},
  pages={6684--6692},
  year={2017}
}

@inproceedings{brachmann2018learning,
  title={Learning less is more-6d camera localization via 3d surface regression},
  author={Brachmann, Eric and Rother, Carsten},
  booktitle={Proceedings of the IEEE Conference on Computer Vision and Pattern Recognition},
  pages={4654--4662},
  year={2018}
}

@article{brachmann2021visual,
  title={Visual camera re-localization from RGB and RGB-D images using DSAC},
  author={Brachmann, Eric and Rother, Carsten},
  journal={IEEE transactions on pattern analysis and machine intelligence},
  volume={44},
  number={9},
  pages={5847--5865},
  year={2021},
  publisher={IEEE}
}

@inproceedings{brachmann2023ace,
  title={Accelerated coordinate encoding: Learning to relocalize in minutes using rgb and poses},
  author={Brachmann, Eric and Cavallari, Tommaso and Prisacariu, Victor Adrian},
  booktitle={Proceedings of the IEEE/CVF Conference on Computer Vision and Pattern Recognition},
  pages={5044--5053},
  year={2023}
}

@inproceedings{brahmbhatt2017mapnet,
  title={Geometry-aware learning of maps for camera localization},
  author={Brahmbhatt, Samarth and Gu, Jinwei and Kim, Kihwan and Hays, James and Kautz, Jan},
  booktitle={Proceedings of the IEEE Conference on Computer Vision and Pattern Recognition},
  pages={2616--2625},
  year={2018}
}

@inproceedings{chen2021direct,
  title={Direct-PoseNet: absolute pose regression with photometric consistency},
  author={Chen, Shuai and Wang, Zirui and Prisacariu, Victor},
  booktitle={2021 International Conference on 3D Vision (3DV)},
  pages={1175--1185},
  year={2021},
  organization={IEEE}
}

@inproceedings{chen2022dfnet,
  title={Dfnet: Enhance absolute pose regression with direct feature matching},
  author={Chen, Shuai and Li, Xinghui and Wang, Zirui and Prisacariu, Victor A},
  booktitle={Computer Vision--ECCV 2022: 17th European Conference, Tel Aviv, Israel, October 23--27, 2022, Proceedings, Part X},
  pages={1--17},
  year={2022},
  organization={Springer}
}

@inproceedings{chen2024marepo,
  title={Map-Relative Pose Regression for Visual Re-Localization},
  author={Chen, Shuai and Cavallari, Tommaso and Prisacariu, Victor Adrian and Brachmann, Eric},
  booktitle={Proceedings of the IEEE/CVF Conference on Computer Vision and Pattern Recognition},
  pages={20665--20674},
  year={2024}
}

@inproceedings{esac,
  title={Expert sample consensus applied to camera re-localization},
  author={Brachmann, Eric and Rother, Carsten},
  booktitle={Proceedings of the IEEE/CVF International Conference on Computer Vision},
  pages={7525--7534},
  year={2019}
}

@article{hu2020dasgil,
  title={Dasgil: Domain adaptation for semantic and geometric-aware image-based localization},
  author={Hu, Hanjiang and Qiao, Zhijian and Cheng, Ming and Liu, Zhe and Wang, Hesheng},
  journal={IEEE Transactions on Image Processing},
  volume={30},
  pages={1342--1353},
  year={2020},
  publisher={IEEE}
}

@inproceedings{kendall2015posenet,
  title={Posenet: A convolutional network for real-time 6-dof camera relocalization},
  author={Kendall, Alex and Grimes, Matthew and Cipolla, Roberto},
  booktitle={Proceedings of the IEEE international conference on computer vision},
  pages={2938--2946},
  year={2015}
}

@article{kerbl20233dgs,
  title={3D Gaussian Splatting for Real-Time Radiance Field Rendering.},
  author={Kerbl, Bernhard and Kopanas, Georgios and Leimk{\"u}hler, Thomas and Drettakis, George},
  journal={ACM Trans. Graph.},
  volume={42},
  number={4},
  pages={139--1},
  year={2023}
}

@inproceedings{li2018scene,
  title={Scene coordinate regression with angle-based reprojection loss for camera relocalization},
  author={Li, Xiaotian and Ylioinas, Juha and Verbeek, Jakob and Kannala, Juho},
  booktitle={Proceedings of the European Conference on Computer Vision Workshops},
  pages={0--0},
  year={2018}
}

@inproceedings{liu2025egfs,
  title={Reprojection Errors as Prompts for Efficient Scene Coordinate Regression},
  author={Liu, Ting-Ru and Yang, Hsuan-Kung and Liu, Jou-Min and Huang, Chun-Wei and Chiang, Tsung-Chih and Kong, Quan and Kobori, Norimasa and Lee, Chun-Yi},
  booktitle={European Conference on Computer Vision},
  pages={286--302},
  year={2025},
  organization={Springer}
}

@inproceedings{massiceti2017random,
  title={Random forests versus Neural Networksâ€”What's best for camera localization?},
  author={Massiceti, Daniela and Krull, Alexander and Brachmann, Eric and Rother, Carsten and Torr, Philip HS},
  booktitle={2017 IEEE international conference on robotics and automation (ICRA)},
  pages={5118--5125},
  year={2017},
  organization={IEEE}
}

@inproceedings{melekhov2017image,
  title={Image-based localization using hourglass networks},
  author={Melekhov, Iaroslav and Ylioinas, Juha and Kannala, Juho and Rahtu, Esa},
  booktitle={Proceedings of the IEEE international conference on computer vision workshops},
  pages={879--886},
  year={2017}
}

@inproceedings{moreau2022lens,
  title={LENS: Localization enhanced by NeRF synthesis},
  author={Moreau, Arthur and Piasco, Nathan and Tsishkou, Dzmitry and Stanciulescu, Bogdan and de La Fortelle, Arnaud},
  booktitle={Conference on Robot Learning},
  pages={1347--1356},
  year={2022},
  organization={PMLR}
}

@inproceedings{nerfw,
  title={Nerf in the wild: Neural radiance fields for unconstrained photo collections},
  author={Martin-Brualla, Ricardo and Radwan, Noha and Sajjadi, Mehdi SM and Barron, Jonathan T and Dosovitskiy, Alexey and Duckworth, Daniel},
  booktitle={Proceedings of the IEEE/CVF Conference on Computer Vision and Pattern Recognition},
  pages={7210--7219},
  year={2021}
}

@article{ng2021reassessing,
  title={Reassessing the limitations of CNN methods for camera pose regression},
  author={Ng, Tony and Lopez-Rodriguez, Adrian and Balntas, Vassileios and Mikolajczyk, Krystian},
  journal={arXiv preprint arXiv:2108.07260},
  year={2021}
}

@inproceedings{purkait2018synthetic,
  title={Synthetic View Generation for Absolute Pose Regression and Image Synthesis.},
  author={Purkait, Pulak and Zhao, Cheng and Zach, Christopher},
  booktitle={BMVC},
  pages={69},
  year={2018}
}

@article{radwan2018vlocnet++,
  title={Vlocnet++: Deep multitask learning for semantic visual localization and odometry},
  author={Radwan, Noha and Valada, Abhinav and Burgard, Wolfram},
  journal={IEEE Robotics and Automation Letters},
  volume={3},
  number={4},
  pages={4407--4414},
  year={2018},
  publisher={IEEE}
}

@inproceedings{shavit2022camera,
  title={Camera pose auto-encoders for improving pose regression},
  author={Shavit, Yoli and Keller, Yosi},
  booktitle={Proceedings of the European Conference on Computer Vision},
  pages={140--157},
  year={2022},
  organization={Springer}
}

@inproceedings{shotton2013scene,
  title={Scene coordinate regression forests for camera relocalization in RGB-D images},
  author={Shotton, Jamie and Glocker, Ben and Zach, Christopher and Izadi, Shahram and Criminisi, Antonio and Fitzgibbon, Andrew},
  booktitle={Proceedings of the IEEE Conference on Computer Vision and Pattern Recognition},
  pages={2930--2937},
  year={2013}
}

@inproceedings{taira2018inloc,
  title={InLoc: Indoor visual localization with dense matching and view synthesis},
  author={Taira, Hajime and Okutomi, Masatoshi and Sattler, Torsten and Cimpoi, Mircea and Pollefeys, Marc and Sivic, Josef and Pajdla, Tomas and Torii, Akihiko},
  booktitle={Proceedings of the IEEE Conference on Computer Vision and Pattern Recognition},
  pages={7199--7209},
  year={2018}
}

@inproceedings{wang2020atloc,
  title={Atloc: Attention guided camera localization},
  author={Wang, Bing and Chen, Changhao and Lu, Chris Xiaoxuan and Zhao, Peijun and Trigoni, Niki and Markham, Andrew},
  booktitle={Proceedings of the AAAI Conference on Artificial Intelligence},
  volume={34},
  number={06},
  pages={10393--10401},
  year={2020}
}

@inproceedings{wang2024glace,
  title={GLACE: Global Local Accelerated Coordinate Encoding},
  author={Wang, Fangjinhua and Jiang, Xudong and Galliani, Silvano and Vogel, Christoph and Pollefeys, Marc},
  booktitle={Proceedings of the IEEE/CVF Conference on Computer Vision and Pattern Recognition},
  pages={21562--21571},
  year={2024}
}

