@incollection{Bengio+chapter2007,
author = {Bengio, Yoshua and LeCun, Yann},
booktitle = {Large Scale Kernel Machines},
publisher = {MIT Press},
title = {Scaling Learning Algorithms Towards {AI}},
year = {2007}
}

@article{Hinton06,
author = {Hinton, Geoffrey E. and Osindero, Simon and Teh, Yee Whye},
journal = {Neural Computation},
pages = {1527--1554},
title = {A Fast Learning Algorithm for Deep Belief Nets},
volume = {18},
year = {2006}
}

@book{goodfellow2016deep,
title={Deep learning},
author={Goodfellow, Ian and Bengio, Yoshua and Courville, Aaron and Bengio, Yoshua},
volume={1},
year={2016},
publisher={MIT Press}
}

% new
@article{mildenhall2021nerf,
  title={Nerf: Representing scenes as neural radiance fields for view synthesis},
  author={Mildenhall, Ben and Srinivasan, Pratul P and Tancik, Matthew and Barron, Jonathan T and Ramamoorthi, Ravi and Ng, Ren},
  journal={Communications of the ACM},
  volume={65},
  number={1},
  pages={99--106},
  year={2021},
  publisher={ACM New York, NY, USA}
}

@inproceedings{moreau2022lens,
  title={LENS: Localization enhanced by NeRF synthesis},
  author={Moreau, Arthur and Piasco, Nathan and Tsishkou, Dzmitry and Stanciulescu, Bogdan and de La Fortelle, Arnaud},
  booktitle={Conference on Robot Learning},
  pages={1347--1356},
  year={2022},
  organization={PMLR}
}

@inproceedings{chen2022dfnet,
  title={Dfnet: Enhance absolute pose regression with direct feature matching},
  author={Chen, Shuai and Li, Xinghui and Wang, Zirui and Prisacariu, Victor A},
  booktitle={Computer Vision--ECCV 2022: 17th European Conference, Tel Aviv, Israel, October 23--27, 2022, Proceedings, Part X},
  pages={1--17},
  year={2022},
  organization={Springer}
}

@inproceedings{liu2017efficient,
  title={Efficient global 2d-3d matching for camera localization in a large-scale 3d map},
  author={Liu, Liu and Li, Hongdong and Dai, Yuchao},
  booktitle={Proceedings of the IEEE International Conference on Computer Vision},
  pages={2372--2381},
  year={2017}
}

@inproceedings{toft2018semantic,
  title={Semantic match consistency for long-term visual localization},
  author={Toft, Carl and Stenborg, Erik and Hammarstrand, Lars and Brynte, Lucas and Pollefeys, Marc and Sattler, Torsten and Kahl, Fredrik},
  booktitle={Proceedings of the European Conference on Computer Vision},
  pages={383--399},
  year={2018}
}

@inproceedings{brachmann2018learning,
  title={Learning less is more-6d camera localization via 3d surface regression},
  author={Brachmann, Eric and Rother, Carsten},
  booktitle={Proceedings of the IEEE Conference on Computer Vision and Pattern Recognition},
  pages={4654--4662},
  year={2018}
}

@article{fu2019robust,
  title={A robust RGB-D SLAM system with points and lines for low texture indoor environments},
  author={Fu, Qiang and Yu, Hongshan and Lai, Lihai and Wang, Jingwen and Peng, Xia and Sun, Wei and Sun, Mingui},
  journal={IEEE Sensors Journal},
  volume={19},
  number={21},
  pages={9908--9920},
  year={2019},
  publisher={IEEE}
}

@inproceedings{speciale2019privacy,
  title={Privacy preserving image queries for camera localization},
  author={Speciale, Pablo and Schonberger, Johannes L and Sinha, Sudipta N and Pollefeys, Marc},
  booktitle={Proceedings of the IEEE/CVF International Conference on Computer Vision},
  pages={1486--1496},
  year={2019}
}

%intro 
@inproceedings{kendall2016modelling,
  title={Modelling uncertainty in deep learning for camera relocalization},
  author={Kendall, Alex and Cipolla, Roberto},
  booktitle={2016 IEEE international conference on Robotics and Automation (ICRA)},
  pages={4762--4769},
  year={2016},
  organization={IEEE}
}

@inproceedings{shotton2013scene,
  title={Scene coordinate regression forests for camera relocalization in RGB-D images},
  author={Shotton, Jamie and Glocker, Ben and Zach, Christopher and Izadi, Shahram and Criminisi, Antonio and Fitzgibbon, Andrew},
  booktitle={Proceedings of the IEEE Conference on Computer Vision and Pattern Recognition},
  pages={2930--2937},
  year={2013}
}

@inproceedings{brachmann2019neural,
  title={Neural-guided RANSAC: Learning where to sample model hypotheses},
  author={Brachmann, Eric and Rother, Carsten},
  booktitle={Proceedings of the IEEE/CVF International Conference on Computer Vision},
  pages={4322--4331},
  year={2019}
}

@inproceedings{brachmann2017dsac,
  title={Dsac-differentiable ransac for camera localization},
  author={Brachmann, Eric and Krull, Alexander and Nowozin, Sebastian and Shotton, Jamie and Michel, Frank and Gumhold, Stefan and Rother, Carsten},
  booktitle={Proceedings of the IEEE conference on computer vision and pattern recognition},
  pages={6684--6692},
  year={2017}
}

@inproceedings{esac,
  title={Expert sample consensus applied to camera re-localization},
  author={Brachmann, Eric and Rother, Carsten},
  booktitle={Proceedings of the IEEE/CVF International Conference on Computer Vision},
  pages={7525--7534},
  year={2019}
}

@inproceedings{valentin2015exploiting,
  title={Exploiting uncertainty in regression forests for accurate camera relocalization},
  author={Valentin, Julien and Nie{\ss}ner, Matthias and Shotton, Jamie and Fitzgibbon, Andrew and Izadi, Shahram and Torr, Philip HS},
  booktitle={Proceedings of the IEEE conference on computer vision and pattern recognition},
  pages={4400--4408},
  year={2015}
}

@article{brachmann2021visual,
  title={Visual camera re-localization from RGB and RGB-D images using DSAC},
  author={Brachmann, Eric and Rother, Carsten},
  journal={IEEE transactions on pattern analysis and machine intelligence},
  volume={44},
  number={9},
  pages={5847--5865},
  year={2021},
  publisher={IEEE}
}

% related--camera pose regression
@inproceedings{arnold2022map,
  title={Map-Free Visual Relocalization: Metric Pose Relative to a Single Image},
  author={Arnold, Eduardo and Wynn, Jamie and Vicente, Sara and Garcia-Hernando, Guillermo and Monszpart, {\'A}ron and Prisacariu, Victor and Turmukhambetov, Daniyar and Brachmann, Eric},
  booktitle={Proceedings of the European Conference on Computer Vision},
  pages={690--708},
  year={2022},
  organization={Springer}
}

@inproceedings{shavit2022camera,
  title={Camera pose auto-encoders for improving pose regression},
  author={Shavit, Yoli and Keller, Yosi},
  booktitle={Proceedings of the European Conference on Computer Vision},
  pages={140--157},
  year={2022},
  organization={Springer}
}

@article{radwan2018vlocnet++,
  title={Vlocnet++: Deep multitask learning for semantic visual localization and odometry},
  author={Radwan, Noha and Valada, Abhinav and Burgard, Wolfram},
  journal={IEEE Robotics and Automation Letters},
  volume={3},
  number={4},
  pages={4407--4414},
  year={2018},
  publisher={IEEE}
}

@inproceedings{melekhov2017image,
  title={Image-based localization using hourglass networks},
  author={Melekhov, Iaroslav and Ylioinas, Juha and Kannala, Juho and Rahtu, Esa},
  booktitle={Proceedings of the IEEE international conference on computer vision workshops},
  pages={879--886},
  year={2017}
}

% related--scene coordinate regression
@inproceedings{massiceti2017random,
  title={Random forests versus Neural Networksâ€”What's best for camera localization?},
  author={Massiceti, Daniela and Krull, Alexander and Brachmann, Eric and Rother, Carsten and Torr, Philip HS},
  booktitle={2017 IEEE international conference on robotics and automation (ICRA)},
  pages={5118--5125},
  year={2017},
  organization={IEEE}
}

@inproceedings{li2018scene,
  title={Scene coordinate regression with angle-based reprojection loss for camera relocalization},
  author={Li, Xiaotian and Ylioinas, Juha and Verbeek, Jakob and Kannala, Juho},
  booktitle={Proceedings of the European Conference on Computer Vision Workshops},
  pages={0--0},
  year={2018}
}

% related--nvs
@inproceedings{chen2021direct,
  title={Direct-PoseNet: absolute pose regression with photometric consistency},
  author={Chen, Shuai and Wang, Zirui and Prisacariu, Victor},
  booktitle={2021 International Conference on 3D Vision (3DV)},
  pages={1175--1185},
  year={2021},
  organization={IEEE}
}

% display error
@article{ng2021reassessing,
  title={Reassessing the limitations of CNN methods for camera pose regression},
  author={Ng, Tony and Lopez-Rodriguez, Adrian and Balntas, Vassileios and Mikolajczyk, Krystian},
  journal={arXiv preprint arXiv:2108.07260},
  year={2021}
}

% display error
@inproceedings{purkait2018synthetic,
  title={Synthetic View Generation for Absolute Pose Regression and Image Synthesis.},
  author={Purkait, Pulak and Zhao, Cheng and Zach, Christopher},
  booktitle={BMVC},
  pages={69},
  year={2018}
}

% display error
@inproceedings{taira2018inloc,
  title={InLoc: Indoor visual localization with dense matching and view synthesis},
  author={Taira, Hajime and Okutomi, Masatoshi and Sattler, Torsten and Cimpoi, Mircea and Pollefeys, Marc and Sivic, Josef and Pajdla, Tomas and Torii, Akihiko},
  booktitle={Proceedings of the IEEE Conference on Computer Vision and Pattern Recognition},
  pages={7199--7209},
  year={2018}
}

@inproceedings{nerfw,
  title={Nerf in the wild: Neural radiance fields for unconstrained photo collections},
  author={Martin-Brualla, Ricardo and Radwan, Noha and Sajjadi, Mehdi SM and Barron, Jonathan T and Dosovitskiy, Alexey and Duckworth, Daniel},
  booktitle={Proceedings of the IEEE/CVF Conference on Computer Vision and Pattern Recognition},
  pages={7210--7219},
  year={2021}
}

@inproceedings{yen2021inerf,
  title={inerf: Inverting neural radiance fields for pose estimation},
  author={Yen-Chen, Lin and Florence, Pete and Barron, Jonathan T and Rodriguez, Alberto and Isola, Phillip and Lin, Tsung-Yi},
  booktitle={2021 IEEE/RSJ International Conference on Intelligent Robots and Systems (IROS)},
  pages={1323--1330},
  year={2021},
  organization={IEEE}
}


% copied:
@article{ransac,
  title={Random sample consensus: a paradigm for model fitting with applications to image analysis and automated cartography},
  author={Fischler, Martin A and Bolles, Robert C},
  journal={Communications of the ACM},
  volume={24},
  number={6},
  pages={381--395},
  year={1981},
  publisher={ACM New York, NY, USA}
}

@article{grisetti2010tutorial,
  title={A tutorial on graph-based SLAM},
  author={Grisetti, Giorgio and K{\"u}mmerle, Rainer and Stachniss, Cyrill and Burgard, Wolfram},
  journal={IEEE Intelligent Transportation Systems Magazine},
  volume={2},
  number={4},
  pages={31--43},
  year={2010},
  publisher={IEEE}
}

@inproceedings{PrioritizedMatching,
  title={Location recognition using prioritized feature matching},
  author={Li, Yunpeng and Snavely, Noah and Huttenlocher, Daniel P},
  booktitle={European conference on computer vision},
  pages={791--804},
  year={2010},
  organization={Springer}
}

@inproceedings{vlad,
  title={All about VLAD},
  author={Arandjelovic, Relja and Zisserman, Andrew},
  booktitle={Proceedings of the IEEE conference on Computer Vision and Pattern Recognition},
  pages={1578--1585},
  year={2013}
}

@article{kingma2014adam,
  title={Adam: A method for stochastic optimization},
  author={Kingma, Diederik P and Ba, Jimmy},
  journal={arXiv preprint arXiv:1412.6980},
  year={2014}
}

@inproceedings{engel2013semi,
  title={Semi-dense visual odometry for a monocular camera},
  author={Engel, Jakob and Sturm, Jurgen and Cremers, Daniel},
  booktitle={Proceedings of the IEEE international conference on computer vision},
  pages={1449--1456},
  year={2013}
}

@inproceedings{he2016deep,
  title={Deep residual learning for image recognition},
  author={He, Kaiming and Zhang, Xiangyu and Ren, Shaoqing and Sun, Jian},
  booktitle={Proceedings of the IEEE conference on computer vision and pattern recognition},
  pages={770--778},
  year={2016}
}

@inproceedings{netvlad,
  title={NetVLAD: CNN architecture for weakly supervised place recognition},
  author={Arandjelovic, Relja and Gronat, Petr and Torii, Akihiko and Pajdla, Tomas and Sivic, Josef},
  booktitle={Proceedings of the IEEE conference on computer vision and pattern recognition},
  pages={5297--5307},
  year={2016}
}

@inproceedings{kendall2015posenet,
  title={Posenet: A convolutional network for real-time 6-dof camera relocalization},
  author={Kendall, Alex and Grimes, Matthew and Cipolla, Roberto},
  booktitle={Proceedings of the IEEE international conference on computer vision},
  pages={2938--2946},
  year={2015}
}

@article{maddern20171,
  title={1 year, 1000 km: The oxford robotcar dataset},
  author={Maddern, Will and Pascoe, Geoffrey and Linegar, Chris and Newman, Paul},
  journal={The International Journal of Robotics Research},
  volume={36},
  number={1},
  pages={3--15},
  year={2017},
  publisher={SAGE Publications Sage UK: London, England}
}

@inproceedings{brahmbhatt2017mapnet,
  title={Geometry-aware learning of maps for camera localization},
  author={Brahmbhatt, Samarth and Gu, Jinwei and Kim, Kihwan and Hays, James and Kautz, Jan},
  booktitle={Proceedings of the IEEE Conference on Computer Vision and Pattern Recognition},
  pages={2616--2625},
  year={2018}
}

@article{engel2017direct,
  title={Direct sparse odometry},
  author={Engel, Jakob and Koltun, Vladlen and Cremers, Daniel},
  journal={IEEE transactions on pattern analysis and machine intelligence},
  volume={40},
  number={3},
  pages={611--625},
  year={2017},
  publisher={IEEE}
}

@inproceedings{valada2018deep,
  title={Deep auxiliary learning for visual localization and odometry},
  author={Valada, Abhinav and Radwan, Noha and Burgard, Wolfram},
  booktitle={2018 IEEE international conference on robotics and automation (ICRA)},
  pages={6939--6946},
  year={2018},
  organization={IEEE}
}

@inproceedings{huang2019prior,
  title={Prior guided dropout for robust visual localization in dynamic environments},
  author={Huang, Zhaoyang and Xu, Yan and Shi, Jianping and Zhou, Xiaowei and Bao, Hujun and Zhang, Guofeng},
  booktitle={Proceedings of the IEEE/CVF International Conference on Computer Vision},
  pages={2791--2800},
  year={2019}
}

@inproceedings{kendall2017geometric,
  title={Geometric loss functions for camera pose regression with deep learning},
  author={Kendall, Alex and Cipolla, Roberto},
  booktitle={Proceedings of the IEEE conference on computer vision and pattern recognition},
  pages={5974--5983},
  year={2017}
}

@inproceedings{ng-ransac,
  title={Neural-guided RANSAC: Learning where to sample model hypotheses},
  author={Brachmann, Eric and Rother, Carsten},
  booktitle={Proceedings of the IEEE/CVF International Conference on Computer Vision},
  pages={4322--4331},
  year={2019}
}

@inproceedings{wang2019discriminative,
  title={Discriminative Features Matter: Multi-layer Bilinear Pooling for Camera Localization},
  author={Wang, Xin and Wang, Xiang and Wang, Chen and Bai, Xiao and Wu, Jing and Hancock, Edwin R},
  booktitle={British Machine Vision Conference},
  year={2019},
  organization={York}
}

@inproceedings{wang2020atloc,
  title={Atloc: Attention guided camera localization},
  author={Wang, Bing and Chen, Changhao and Lu, Chris Xiaoxuan and Zhao, Peijun and Trigoni, Niki and Markham, Andrew},
  booktitle={Proceedings of the AAAI Conference on Artificial Intelligence},
  volume={34},
  number={06},
  pages={10393--10401},
  year={2020}
}

@article{li2021relative,
  title={Relative geometry-aware siamese neural network for 6dof camera relocalization},
  author={Li, Qing and Zhu, Jiasong and Cao, Rui and Sun, Ke and Garibaldi, Jonathan M and Li, Qingquan and Liu, Bozhi and Qiu, Guoping},
  journal={Neurocomputing},
  volume={426},
  pages={134--146},
  year={2021},
  publisher={Elsevier}
}

@inproceedings{walch2017image,
  title={Image-based localization using lstms for structured feature correlation},
  author={Walch, Florian and Hazirbas, Caner and Leal-Taixe, Laura and Sattler, Torsten and Hilsenbeck, Sebastian and Cremers, Daniel},
  booktitle={Proceedings of the IEEE International Conference on Computer Vision},
  pages={627--637},
  year={2017}
}

@inproceedings{xue2020learning,
  title={Learning multi-view camera relocalization with graph neural networks},
  author={Xue, Fei and Wu, Xin and Cai, Shaojun and Wang, Junqiu},
  booktitle={Proceedings of the IEEE International Conference on Computer Vision},
  pages={11372--11381},
  year={2020},
  organization={IEEE}
}

@article{qiao2022objects,
  title={Objects Matter: Learning Object Relation Graph for Robust Camera Relocalization},
  author={Qiao, Chengyu and Xiang, Zhiyu and Wang, Xinglu},
  journal={arXiv preprint arXiv:2205.13280},
  year={2022}
}

@inproceedings{brachmann2023ace,
  title={Accelerated coordinate encoding: Learning to relocalize in minutes using rgb and poses},
  author={Brachmann, Eric and Cavallari, Tommaso and Prisacariu, Victor Adrian},
  booktitle={Proceedings of the IEEE/CVF Conference on Computer Vision and Pattern Recognition},
  pages={5044--5053},
  year={2023}
}

@inproceedings{dong2022src,
  title={Visual localization via few-shot scene region classification},
  author={Dong, Siyan and Wang, Shuzhe and Zhuang, Yixin and Kannala, Juho and Pollefeys, Marc and Chen, Baoquan},
  booktitle={2022 International Conference on 3D Vision (3DV)},
  pages={393--402},
  year={2022},
  organization={IEEE}
}

@inproceedings{yang2019sanet,
  title={Sanet: Scene agnostic network for camera localization},
  author={Yang, Luwei and Bai, Ziqian and Tang, Chengzhou and Li, Honghua and Furukawa, Yasutaka and Tan, Ping},
  booktitle={Proceedings of the IEEE/CVF international conference on computer vision},
  pages={42--51},
  year={2019}
}

@inproceedings{wang2024glace,
  title={GLACE: Global Local Accelerated Coordinate Encoding},
  author={Wang, Fangjinhua and Jiang, Xudong and Galliani, Silvano and Vogel, Christoph and Pollefeys, Marc},
  booktitle={Proceedings of the IEEE/CVF Conference on Computer Vision and Pattern Recognition},
  pages={21562--21571},
  year={2024}
}

@inproceedings{chen2024marepo,
  title={Map-Relative Pose Regression for Visual Re-Localization},
  author={Chen, Shuai and Cavallari, Tommaso and Prisacariu, Victor Adrian and Brachmann, Eric},
  booktitle={Proceedings of the IEEE/CVF Conference on Computer Vision and Pattern Recognition},
  pages={20665--20674},
  year={2024}
}

@inproceedings{sarlin2021pixloc,
  title={Back to the feature: Learning robust camera localization from pixels to pose},
  author={Sarlin, Paul-Edouard and Unagar, Ajaykumar and Larsson, Mans and Germain, Hugo and Toft, Carl and Larsson, Viktor and Pollefeys, Marc and Lepetit, Vincent and Hammarstrand, Lars and Kahl, Fredrik and others},
  booktitle={Proceedings of the IEEE/CVF conference on computer vision and pattern recognition},
  pages={3247--3257},
  year={2021}
}

@article{sattler2016AS,
  title={Efficient \& effective prioritized matching for large-scale image-based localization},
  author={Sattler, Torsten and Leibe, Bastian and Kobbelt, Leif},
  journal={IEEE transactions on pattern analysis and machine intelligence},
  volume={39},
  number={9},
  pages={1744--1756},
  year={2016},
  publisher={IEEE}
}

@article{kerbl20233dgs,
  title={3D Gaussian Splatting for Real-Time Radiance Field Rendering.},
  author={Kerbl, Bernhard and Kopanas, Georgios and Leimk{\"u}hler, Thomas and Drettakis, George},
  journal={ACM Trans. Graph.},
  volume={42},
  number={4},
  pages={139--1},
  year={2023}
}

@article{fu2021fastorb-slam,
  title={Fast ORB-SLAM without keypoint descriptors},
  author={Fu, Qiang and Yu, Hongshan and Wang, Xiaolong and Yang, Zhengeng and He, Yong and Zhang, Hong and Mian, Ajmal},
  journal={IEEE transactions on image processing},
  volume={31},
  pages={1433--1446},
  year={2021},
  publisher={IEEE}
}

@article{fan2022SELF,
  title={Learning semantic-aware local features for long term visual localization},
  author={Fan, Bin and Zhou, Junjie and Feng, Wensen and Pu, Huayan and Yang, Yuzhu and Kong, Qingqun and Wu, Fuchao and Liu, Hongmin},
  journal={IEEE Transactions on Image Processing},
  volume={31},
  pages={4842--4855},
  year={2022},
  publisher={IEEE}
}

@article{feng2015fast,
  title={Fast localization in large-scale environments using supervised indexing of binary features},
  author={Feng, Youji and Fan, Lixin and Wu, Yihong},
  journal={IEEE Transactions on Image Processing},
  volume={25},
  number={1},
  pages={343--358},
  year={2015},
  publisher={IEEE}
}

@article{cheng2016data,
  title={A data-driven point cloud simplification framework for city-scale image-based localization},
  author={Cheng, Wentao and Lin, Weisi and Zhang, Xinfeng and Goesele, Michael and Sun, Ming-Ting},
  journal={IEEE Transactions on Image Processing},
  volume={26},
  number={1},
  pages={262--275},
  year={2016},
  publisher={IEEE}
}

@article{hu2020dasgil,
  title={Dasgil: Domain adaptation for semantic and geometric-aware image-based localization},
  author={Hu, Hanjiang and Qiao, Zhijian and Cheng, Ming and Liu, Zhe and Wang, Hesheng},
  journal={IEEE Transactions on Image Processing},
  volume={30},
  pages={1342--1353},
  year={2020},
  publisher={IEEE}
}

@inproceedings{jain2021dietnerf,
  title={Putting nerf on a diet: Semantically consistent few-shot view synthesis},
  author={Jain, Ajay and Tancik, Matthew and Abbeel, Pieter},
  booktitle={Proceedings of the IEEE/CVF International Conference on Computer Vision},
  pages={5885--5894},
  year={2021}
}

@inproceedings{niemeyer2022regnerf,
  title={Regnerf: Regularizing neural radiance fields for view synthesis from sparse inputs},
  author={Niemeyer, Michael and Barron, Jonathan T and Mildenhall, Ben and Sajjadi, Mehdi SM and Geiger, Andreas and Radwan, Noha},
  booktitle={Proceedings of the IEEE/CVF Conference on Computer Vision and Pattern Recognition},
  pages={5480--5490},
  year={2022}
}

@inproceedings{wang2023sparsenerf,
  title={Sparsenerf: Distilling depth ranking for few-shot novel view synthesis},
  author={Wang, Guangcong and Chen, Zhaoxi and Loy, Chen Change and Liu, Ziwei},
  booktitle={Proceedings of the IEEE/CVF International Conference on Computer Vision},
  pages={9065--9076},
  year={2023}
}


@inproceedings{yang2023freenerf,
  title={Freenerf: Improving few-shot neural rendering with free frequency regularization},
  author={Yang, Jiawei and Pavone, Marco and Wang, Yue},
  booktitle={Proceedings of the IEEE/CVF conference on computer vision and pattern recognition},
  pages={8254--8263},
  year={2023}
}

@inproceedings{zhang2022fdnerf,
  title={Fdnerf: Few-shot dynamic neural radiance fields for face reconstruction and expression editing},
  author={Zhang, Jingbo and Li, Xiaoyu and Wan, Ziyu and Wang, Can and Liao, Jing},
  booktitle={SIGGRAPH Asia 2022 Conference Papers},
  pages={1--9},
  year={2022}
}

@inproceedings{kim2022infonerf,
  title={Infonerf: Ray entropy minimization for few-shot neural volume rendering},
  author={Kim, Mijeong and Seo, Seonguk and Han, Bohyung},
  booktitle={Proceedings of the IEEE/CVF Conference on Computer Vision and Pattern Recognition},
  pages={12912--12921},
  year={2022}
}

@inproceedings{mu2023actorsnerf,
  title={Actorsnerf: Animatable few-shot human rendering with generalizable nerfs},
  author={Mu, Jiteng and Sang, Shen and Vasconcelos, Nuno and Wang, Xiaolong},
  booktitle={Proceedings of the IEEE/CVF International Conference on Computer Vision},
  pages={18391--18401},
  year={2023}
}

@article{kwak2023geconerf,
  title={Geconerf: Few-shot neural radiance fields via geometric consistency},
  author={Kwak, Min-Seop and Song, Jiuhn and Kim, Seungryong},
  journal={arXiv preprint arXiv:2301.10941},
  year={2023}
}

@article{gao2003p3p,
  title={Complete solution classification for the perspective-three-point problem},
  author={Gao, Xiao-Shan and Hou, Xiao-Rong and Tang, Jianliang and Cheng, Hang-Fei},
  journal={IEEE transactions on pattern analysis and machine intelligence},
  volume={25},
  number={8},
  pages={930--943},
  year={2003},
  publisher={IEEE}
}

@article{lepetit2009epnp,
  title={EP n P: An accurate O (n) solution to the P n P problem},
  author={Lepetit, Vincent and Moreno-Noguer, Francesc and Fua, Pascal},
  journal={International journal of computer vision},
  volume={81},
  pages={155--166},
  year={2009},
  publisher={Springer}
}

@inproceedings{izadi2011kinectfusion,
  title={Kinectfusion: real-time 3d reconstruction and interaction using a moving depth camera},
  author={Izadi, Shahram and Kim, David and Hilliges, Otmar and Molyneaux, David and Newcombe, Richard and Kohli, Pushmeet and Shotton, Jamie and Hodges, Steve and Freeman, Dustin and Davison, Andrew and others},
  booktitle={Proceedings of the 24th annual ACM symposium on User interface software and technology},
  pages={559--568},
  year={2011}
}

@article{dai2017bundlefusion,
  title={Bundlefusion: Real-time globally consistent 3d reconstruction using on-the-fly surface reintegration},
  author={Dai, Angela and Nie{\ss}ner, Matthias and Zollh{\"o}fer, Michael and Izadi, Shahram and Theobalt, Christian},
  journal={ACM Transactions on Graphics (ToG)},
  volume={36},
  number={4},
  pages={1},
  year={2017},
  publisher={ACM New York, NY, USA}
}

@article{mur2015orb,
  title={ORB-SLAM: a versatile and accurate monocular SLAM system},
  author={Mur-Artal, Raul and Montiel, Jose Maria Martinez and Tardos, Juan D},
  journal={IEEE transactions on robotics},
  volume={31},
  number={5},
  pages={1147--1163},
  year={2015},
  publisher={IEEE}
}

@inproceedings{sucar2021imap,
  title={imap: Implicit mapping and positioning in real-time},
  author={Sucar, Edgar and Liu, Shikun and Ortiz, Joseph and Davison, Andrew J},
  booktitle={Proceedings of the IEEE/CVF international conference on computer vision},
  pages={6229--6238},
  year={2021}
}

@inproceedings{cai2023clnerf,
  title={Clnerf: Continual learning meets nerf},
  author={Cai, Zhipeng and M{\"u}ller, Matthias},
  booktitle={Proceedings of the IEEE/CVF International Conference on Computer Vision},
  pages={23185--23194},
  year={2023}
}

@inproceedings{li2024incremental,
  title={Incremental 3D Reconstruction through a Hybrid Explicit-and-Implicit Representation},
  author={Li, Feifei and Hu, Panwen and Song, Qi and Huang, Rui},
  booktitle={2024 IEEE International Conference on Robotics and Automation (ICRA)},
  pages={15121--15127},
  year={2024},
  organization={IEEE}
}

@inproceedings{brachmann2016uncertainty,
  title={Uncertainty-driven 6d pose estimation of objects and scenes from a single rgb image},
  author={Brachmann, Eric and Michel, Frank and Krull, Alexander and Yang, Michael Ying and Gumhold, Stefan and others},
  booktitle={Proceedings of the IEEE conference on computer vision and pattern recognition},
  pages={3364--3372},
  year={2016}
}

@inproceedings{zhu2024nicerslam,
  title={Nicer-slam: Neural implicit scene encoding for rgb slam},
  author={Zhu, Zihan and Peng, Songyou and Larsson, Viktor and Cui, Zhaopeng and Oswald, Martin R and Geiger, Andreas and Pollefeys, Marc},
  booktitle={2024 International Conference on 3D Vision (3DV)},
  pages={42--52},
  year={2024},
  organization={IEEE}
}

@inproceedings{rosinol2023nerfslam,
  title={Nerf-slam: Real-time dense monocular slam with neural radiance fields},
  author={Rosinol, Antoni and Leonard, John J and Carlone, Luca},
  booktitle={2023 IEEE/RSJ International Conference on Intelligent Robots and Systems (IROS)},
  pages={3437--3444},
  year={2023},
  organization={IEEE}
}

@inproceedings{brachmann2021limits,
  title={On the limits of pseudo ground truth in visual camera re-localisation},
  author={Brachmann, Eric and Humenberger, Martin and Rother, Carsten and Sattler, Torsten},
  booktitle={Proceedings of the IEEE/CVF International Conference on Computer Vision},
  pages={6218--6228},
  year={2021}
}

@article{chen2024mvsplat,
  title={Mvsplat: Efficient 3d gaussian splatting from sparse multi-view images},
  author={Chen, Yuedong and Xu, Haofei and Zheng, Chuanxia and Zhuang, Bohan and Pollefeys, Marc and Geiger, Andreas and Cham, Tat-Jen and Cai, Jianfei},
  journal={arXiv preprint arXiv:2403.14627},
  year={2024}
}

@article{loshchilov2017adamw,
  title={Decoupled weight decay regularization},
  author={Loshchilov, I},
  journal={arXiv preprint arXiv:1711.05101},
  year={2017}
}

@article{tang2018ba-net,
  title={Ba-net: Dense bundle adjustment network},
  author={Tang, Chengzhou and Tan, Ping},
  journal={arXiv preprint arXiv:1806.04807},
  year={2018}
}

@inproceedings{moreau2022coordinet,
  title={Coordinet: uncertainty-aware pose regressor for reliable vehicle localization},
  author={Moreau, Arthur and Piasco, Nathan and Tsishkou, Dzmitry and Stanciulescu, Bogdan and de La Fortelle, Arnaud},
  booktitle={Proceedings of the IEEE/CVF Winter Conference on Applications of Computer Vision},
  pages={2229--2238},
  year={2022}
}

@article{kulhanek2024wildgaussians,
  title={Wildgaussians: 3d gaussian splatting in the wild},
  author={Kulhanek, Jonas and Peng, Songyou and Kukelova, Zuzana and Pollefeys, Marc and Sattler, Torsten},
  journal={arXiv preprint arXiv:2407.08447},
  year={2024}
}

@inproceedings{zhou2025nerfect,
  title={The nerfect match: Exploring nerf features for visual localization},
  author={Zhou, Qunjie and Maximov, Maxim and Litany, Or and Leal-Taix{\'e}, Laura},
  booktitle={European Conference on Computer Vision},
  pages={108--127},
  year={2025},
  organization={Springer}
}

@article{sidorov2024gsplatloc,
  title={GSplatLoc: Grounding Keypoint Descriptors into 3D Gaussian Splatting for Improved Visual Localization},
  author={Sidorov, Gennady and Mohrat, Malik and Lebedeva, Ksenia and Rakhimov, Ruslan and Kolyubin, Sergey},
  journal={arXiv preprint arXiv:2409.16502},
  year={2024}
}

@inproceedings{liu2025egfs,
  title={Reprojection Errors as Prompts for Efficient Scene Coordinate Regression},
  author={Liu, Ting-Ru and Yang, Hsuan-Kung and Liu, Jou-Min and Huang, Chun-Wei and Chiang, Tsung-Chih and Kong, Quan and Kobori, Norimasa and Lee, Chun-Yi},
  booktitle={European Conference on Computer Vision},
  pages={286--302},
  year={2025},
  organization={Springer}
}