@article{arcara,
  title={A test for the assessment of pragmatic abilities and cognitive substrates (APACS): Normative data and psychometric properties},
  author={Arcara, Giorgio and Bambini, Valentina},
  journal={Frontiers in psychology},
  volume={7},
  pages={70},
  year={2016},
  publisher={Frontiers Media SA}
}

@book{austin,
  title={How to do things with words},
  author={Austin, John Langshaw},
  year={1975},
  publisher={Harvard university press}
}

@phdthesis{bouzaki,
  title={Enhancing intent classification via zero-shot and few-shot ChatGPT prompting engineering: generating training data or directly detecting intents},
  author={Bouzaki, Alkistis G},
  year={2023},
  school={Master thesis. NATIONAL AND KAPODISTRIAN UNIVERSITY OF ATHENS}
}

@inproceedings{eo,
  title={A Study on Proficiency in Solving Riddles of Large Language Model},
  author={Eo, Sugyeong and Park, Chanjun and Moon, Hyeonseok and Seo, Jaehyung and Hur, Yuna and Lim, Heuiseok},
  booktitle={Annual Conference on Human and Language Technology},
  pages={25-30},
  year={2023},
  organization={Human and Language Technology}
}

@article{guo,
  title={Evaluating large language models: A comprehensive survey},
  author={Guo, Zishan and Jin, Renren and Liu, Chuang and Huang, Yufei and Shi, Dan and Yu, Linhao and Liu, Yan and Li, Jiaxuan and Xiong, Bojian and Xiong, Deyi and others},
  journal={arXiv preprint arXiv:2310.19736},
  year={2023}
}

@inproceedings{han,
  title={RECIPE4U: Student-ChatGPT Interaction Dataset in EFL Writing Education},
  author={Han, Jieun and Yoo, Haneul and Myung, Junho and Kim, Minsun and Lee, Tak Yeon and Ahn, Soyeon and Oh, Alice},
  booktitle={Proceedings of the 2024 Joint International Conference on Computational Linguistics, Language Resources and Evaluation (LREC-COLING 2024)},
  pages={13666-13676},
  year={2024}
}

@article{jang,
  title={Comprehension of indirect speech acts in patients with right brain damage},
  author={Jang, Haesuk and Choi, Hyunjoo},
  journal={Communication Sciences \& Disorders},
  volume={15},
  number={4},
  pages={581-591},
  year={2010},
  publisher={The Korean Academy of Speech-Language Pathology and Audiology}
}

@article{kim17,
  title={A Study on the Communication of Students with Mild Intellectual Disability Seen in Speech Acts},
  author={Kim, Whasoo and Eom, Yunji and Lee, Geunyong},
  journal={Journal of Intellectual Disabilities},
  volume={19},
  number={2},
  pages={99-119},
  year={2017},
  publisher={The Korean Association on Intellectual Disabilities}
}

@inproceedings{loukas,
  title={Making llms worth every penny: Resource-limited text classification in banking},
  author={Loukas, Lefteris and Stogiannidis, Ilias and Diamantopoulos, Odysseas and Malakasiotis, Prodromos and Vassos, Stavros},
  booktitle={Proceedings of the Fourth ACM International Conference on AI in Finance},
  pages={392-400},
  year={2023}
}

@article{nam,
  title={Language Artificial Intelligences' Communicative Performance Quantified Through the Gricean Conversation Theory},
  author={Nam, Yunju and Chung, Hyenyeong and Hong, Upyong},
  journal={Cyberpsychology, Behavior, and Social Networking},
  volume={26},
  number={12},
  pages={919-923},
  year={2023},
  publisher={Mary Ann Liebert, Inc., publishers 140 Huguenot Street, 3rd Floor New~…}
}

@article{oh,
  title={Correlation between Children’s Pragmatic Language Checklist and Conversation Observations},
  author={Oh, Sojung},
  journal={Communication Sciences and Disorders},
  volume={23},
  number={1},
  pages={109-118},
  year={2018}
}

@inproceedings{ostyakova,
  title={Linguistic Annotation Generation with ChatGPT: a Synthetic Dataset of Speech Functions for Discourse Annotation of Casual Conversations},
  author={Ostyakova, Lidiia and PetukhovaO, Kseniia and Smilga, Veronika and Zharikova, Dilyara},
  booktitle={Proceedings of the International Conference Dialogue},
  year={2023}
}

@inproceedings{park1,
  title={Pragmatic Competence Evaluation of Large Language Models for Korean},
  author={Park, Dojun and Lee, Jiwoo and Jeong, Hyeyun and Park, Seohyun and Lee, Sungeun},
  booktitle={Proceedings of the 38th Pacific Asia Conference on Language, Information, and Computation (PACLIC 38)},
  year={2024}
}

@inproceedings{park2,
  title={MultiPragEval: Multilingual Pragmatic Evaluation of Large Language Models},
  author={Park, Dojun and Lee, Jiwoo and Park, Seohyun and Jeong, Hyeyun and Koo, Youngeun and Hwang, Soonha and Park, Seonwoo and Lee, Sungeun},
  booktitle={Proceedings of the 2nd GenBench Workshop on Generalisation (Benchmarking) in NLP},
  pages={96–119},
  year={2024}
}

@book{searle79,
  title={Expression and meaning: Studies in the theory of speech acts},
  author={Searle, John R},
  year={1979},
  publisher={Cambridge University Press}
}

@article{seo,
  title={An Analysis of the Domestic Experimental Research on Asperger‘s Disorder Children},
  author={Seo, Seokjin},
  journal={Asia-pacific Journal of Multimedia Services Convergent with Art, Humanities, and Sociology},
  volume={9},
  number={7},
  pages={527-535},
  year={2019}
}

@inproceedings{wang,
  title={Can chatgpt detect student talk moves in classroom discourse? a preliminary comparison with bert},
  author={Wang, Deliang and Shan, Dapeng and Zheng, Yaqian and Guo, Kai and Chen, Gaowei and Lu, Yu},
  booktitle={Proceedings of the 16th International Conference on Educational Data Mining},
  year={2023}
}

@article{yu,
  title={Assessing the potential of LLM-assisted annotation for corpus-based pragmatics and discourse analysis: The case of apology},
  author={Yu, Danni and Li, Luyang and Su, Hang and Fuoli, Matteo},
  journal={International Journal of Corpus Linguistics},
  year={2024},
  publisher={John Benjamins Publishing Company Amsterdam/Philadelphia}
}

