@article{gpt,
  title={GPT-4 Technical Report},
  author={Achiam, Josh and Adler, Steven and Agarwal, Sandhini and Ahmad, Lama and Akkaya, Ilge and Aleman, Florencia and Almeida, Diogo and Altenschmidt, Janko and Altman, Sam and others},
  journal={arXiv preprint arXiv:2303.08774},
  year={2023}
}

@article{claude,
  title={The Claude 3 Model Family: Opus, Sonnet, Haiku},
  author={Anthropic},
  journal={https://www-cdn.anthropic.com/de8ba9b01c9ab7cbabf5c33b80b7bbc618857627/Model\_Card\_Claude\_3.pdf},
  year={2024}
}

@article{arcara,
  title={A test for the assessment of pragmatic abilities and cognitive substrates (APACS): Normative data and psychometric properties},
  author={Arcara, Giorgio and Bambini, Valentina},
  journal={Frontiers in psychology},
  volume={7},
  pages={70},
  year={2016},
  publisher={Frontiers Media SA}
}

@book{austin,
  title={How to do things with words},
  author={Austin, John Langshaw},
  year={1975},
  publisher={Harvard university press}
}

@article{qwen,
  title={Qwen technical report},
  author={Bai, Jinze and Bai, Shuai and Chu, Yunfei and Cui, Zeyu and Dang, Kai and Deng, Xiaodong and Fan, Yang and Ge, Wenbin and Han, Yu and Huang, Fei and others},
  journal={arXiv preprint arXiv:2309.16609},
  year={2023}
}

@article{bhagat,
  title={Cross-cultural issues in organizational psychology: Emergent trends and directions for research in the 1990s},
  author={Bhagat, Rabi S and Kedia, Ben L and Crawford, Susan E and Kaplan, Marilyn R},
  journal={International review of industrial and organizational psychology},
  volume={5},
  number={3},
  pages={55-99},
  year={1990},
  publisher={Wiley New York, NY}
}

@phdthesis{bouzaki,
  title={Enhancing intent classification via zero-shot and few-shot ChatGPT prompting engineering: generating training data or directly detecting intents},
  author={Bouzaki, Alkistis G},
  year={2023},
  school={Master thesis. NATIONAL AND KAPODISTRIAN UNIVERSITY OF ATHENS}
}

@article{chang,
  title={A survey on evaluation of large language models},
  author={Chang, Yupeng and Wang, Xu and Wang, Jindong and Wu, Yuan and Yang, Linyi and Zhu, Kaijie and Chen, Hao and Yi, Xiaoyuan and Wang, Cunxiang and Wang, Yidong and others},
  journal={ACM Transactions on Intelligent Systems and Technology},
  volume={15},
  number={3},
  pages={1-45},
  year={2024},
  publisher={ACM New York, NY}
}

@article{clark,
  title={Think you have solved question answering? try arc, the ai2 reasoning challenge},
  author={Clark, Peter and Cowhey, Isaac and Etzioni, Oren and Khot, Tushar and Sabharwal, Ashish and Schoenick, Carissa and Tafjord, Oyvind},
  journal={arXiv preprint arXiv:1803.05457},
  year={2018}
}

@inproceedings{eo,
  title={A Study on Proficiency in Solving Riddles of Large Language Model},
  author={Eo, Sugyeong and Park, Chanjun and Moon, Hyeonseok and Seo, Jaehyung and Hur, Yuna and Lim, Heuiseok},
  booktitle={Annual Conference on Human and Language Technology},
  pages={25-30},
  year={2023},
  organization={Human and Language Technology}
}

@article{fourrier,
  title={Open LLM Leaderboard V2},
  author={Fourrier, C. and Habib, N. and Lozovskaya, A. and Szafer, K. and Wolf, T.},
  journal={https://huggingface.co/collections/open-llm-leaderboard/open-llm-leaderboard-2-660cdb7601eba6852431fffc},
  year={2024}
}

@article{grice,
  title={Logic and conversation},
  author={Grice, Herbert P},
  journal={Syntax and semantics},
  volume={3},
  year={1975}
}

@article{guo,
  title={Evaluating large language models: A comprehensive survey},
  author={Guo, Zishan and Jin, Renren and Liu, Chuang and Huang, Yufei and Shi, Dan and Yu, Linhao and Liu, Yan and Li, Jiaxuan and Xiong, Bojian and Xiong, Deyi and others},
  journal={arXiv preprint arXiv:2310.19736},
  year={2023}
}

@article{hall76,
  title={Beyond culture},
  author={Hall, Edward T},
  journal={Garden City},
  year={1976}
}

@book{hall89,
  title={The dance of life: The other dimension of time},
  author={Hall, Edward T},
  year={1989},
  publisher={Anchor}
}

@book{hall90,
  title={Understanding Cultural Differences},
  author={Hall, Edward T and Hall, Mildred R},
  year={1990},
  publisher={Inter-Cultural Press Inc., New York}
}

@inproceedings{han,
  title={RECIPE4U: Student-ChatGPT Interaction Dataset in EFL Writing Education},
  author={Han, Jieun and Yoo, Haneul and Myung, Junho and Kim, Minsun and Lee, Tak Yeon and Ahn, Soyeon and Oh, Alice},
  booktitle={Proceedings of the 2024 Joint International Conference on Computational Linguistics, Language Resources and Evaluation (LREC-COLING 2024)},
  pages={13666-13676},
  year={2024}
}

@article{hendrycks,
  title={Measuring massive multitask language understanding},
  author={Hendrycks, Dan and Burns, Collin and Basart, Steven and Zou, Andy and Mazeika, Mantas and Song, Dawn and Steinhardt, Jacob},
  journal={arXiv preprint arXiv:2009.03300},
  year={2020}
}

@article{jang,
  title={Comprehension of indirect speech acts in patients with right brain damage},
  author={Jang, Haesuk and Choi, Hyunjoo},
  journal={Communication Sciences \& Disorders},
  volume={15},
  number={4},
  pages={581-591},
  year={2010},
  publisher={The Korean Academy of Speech-Language Pathology and Audiology}
}

@article{khatun,
  title={A Study on Large Language Models' Limitations in Multiple-Choice Question Answering},
  author={Khatun, Aisha and Brown, Daniel G},
  journal={arXiv preprint arXiv:2401.07955},
  year={2024}
}

@article{solar,
  title={Solar 10.7 b: Scaling large language models with simple yet effective depth up-scaling},
  author={Kim, Dahyun and Park, Chanjun and Kim, Sanghoon and Lee, Wonsung and Song, Wonho and Kim, Yunsu and Kim, Hyeonwoo and Kim, Yungi and Lee, Hyeonju and Kim, Jihoo and others},
  journal={arXiv preprint arXiv:2312.15166},
  year={2023}
}

@article{kim17,
  title={A Study on the Communication of Students with Mild Intellectual Disability Seen in Speech Acts},
  author={Kim, Whasoo and Eom, Yunji and Lee, Geunyong},
  journal={Journal of Intellectual Disabilities},
  volume={19},
  number={2},
  pages={99-119},
  year={2017},
  publisher={The Korean Association on Intellectual Disabilities}
}

@inproceedings{loukas,
  title={Making llms worth every penny: Resource-limited text classification in banking},
  author={Loukas, Lefteris and Stogiannidis, Ilias and Diamantopoulos, Odysseas and Malakasiotis, Prodromos and Vassos, Stavros},
  booktitle={Proceedings of the Fourth ACM International Conference on AI in Finance},
  pages={392-400},
  year={2023}
}

@article{nam,
  title={Language Artificial Intelligences' Communicative Performance Quantified Through the Gricean Conversation Theory},
  author={Nam, Yunju and Chung, Hyenyeong and Hong, Upyong},
  journal={Cyberpsychology, Behavior, and Social Networking},
  volume={26},
  number={12},
  pages={919-923},
  year={2023},
  publisher={Mary Ann Liebert, Inc., publishers 140 Huguenot Street, 3rd Floor New~…}
}

@article{oh,
  title={Correlation between Children’s Pragmatic Language Checklist and Conversation Observations},
  author={Oh, Sojung},
  journal={Communication Sciences and Disorders},
  volume={23},
  number={1},
  pages={109-118},
  year={2018}
}

@article{orru,
  title={Human-like problem-solving abilities in large language models using ChatGPT},
  author={Orr{\`u}, Graziella and Piarulli, Andrea and Conversano, Ciro and Gemignani, Angelo},
  journal={Frontiers in artificial intelligence},
  volume={6},
  pages={1199350},
  year={2023},
  publisher={Frontiers Media SA}
}

@inproceedings{ostyakova,
  title={Linguistic Annotation Generation with ChatGPT: a Synthetic Dataset of Speech Functions for Discourse Annotation of Casual Conversations},
  author={Ostyakova, Lidiia and PetukhovaO, Kseniia and Smilga, Veronika and Zharikova, Dilyara},
  booktitle={Proceedings of the International Conference Dialogue},
  year={2023}
}

@article{ko-llm,
  title={Open Ko-LLM Leaderboard: Evaluating Large Language Models in Korean with Ko-H5 Benchmark},
  author={Park, Chanjun and Kim, Hyeonwoo and Kim, Dahyun and Cho, Seonghwan and Kim, Sanghoon and Lee, Sukyung and Kim, Yungi and Lee, Hwalsuk},
  journal={arXiv preprint arXiv:2405.20574},
  year={2024}
}

@inproceedings{park1,
  title={Pragmatic Competence Evaluation of Large Language Models for Korean},
  author={Park, Dojun and Lee, Jiwoo and Jeong, Hyeyun and Park, Seohyun and Lee, Sungeun},
  booktitle={Proceedings of the 38th Pacific Asia Conference on Language, Information, and Computation (PACLIC 38)},
  year={2024}
}

@inproceedings{park2,
  title={MultiPragEval: Multilingual Pragmatic Evaluation of Large Language Models},
  author={Park, Dojun and Lee, Jiwoo and Park, Seohyun and Jeong, Hyeyun and Koo, Youngeun and Hwang, Soonha and Park, Seonwoo and Lee, Sungeun},
  booktitle={Proceedings of the 2nd GenBench Workshop on Generalisation (Benchmarking) in NLP},
  pages={96–119},
  year={2024}
}

@article{searle69,
  title={Speech acts: An essay in the philosophy of language},
  author={Searle, John R},
  journal={Cambridge University},
  year={1969}
}

@article{searle76,
  title={A classification of illocutionary acts1},
  author={Searle, John R},
  journal={Language in society},
  volume={5},
  number={1},
  pages={1-23},
  year={1976},
  publisher={Cambridge University Press}
}

@book{searle79,
  title={Expression and meaning: Studies in the theory of speech acts},
  author={Searle, John R},
  year={1979},
  publisher={Cambridge University Press}
}

@article{seo,
  title={An Analysis of the Domestic Experimental Research on Asperger‘s Disorder Children},
  author={Seo, Seokjin},
  journal={Asia-pacific Journal of Multimedia Services Convergent with Art, Humanities, and Sociology},
  volume={9},
  number={7},
  pages={527-535},
  year={2019}
}

@incollection{servaes,
  title={Cultural identity and modes of communication},
  author={Servaes, Jan},
  booktitle={Communication yearbook 12},
  pages={383-416},
  year={2012},
  publisher={Routledge}
}

@inproceedings{sravanthi,
  title={PUB: A Pragmatics Understanding Benchmark for Assessing LLMs’ Pragmatics Capabilities},
  author={Sravanthi, Settaluri Lakshmi and Doshi, Meet and Kalyan, Tankala Pavan and Bhattacharyya, Pushpak and Murthy, Rudra and Dabre, Raj},
  booktitle={Annual Meeting of the Association for Computational Linguistics},
  year={2024}
}

@article{sudirjo,
  title={Application of ChatGPT in Improving Customer Sentiment Analysis for Businesses},
  author={Sudirjo, Frans and Diantoro, Karno and Al-Gasawneh, Jassim Ahmad and Azzaakiyyah, Hizbul Khootimah and Ausat, Abu Muna Almaududi},
  journal={Jurnal Teknologi Dan Sistem Informasi Bisnis},
  volume={5},
  number={3},
  pages={283-288},
  year={2023}
}

@article{llama,
  title={Llama 2: Open foundation and fine-tuned chat models},
  author={Touvron, Hugo and Martin, Louis and Stone, Kevin and Albert, Peter and Almahairi, Amjad and Babaei, Yasmine and Bashlykov, Nikolay and Batra, Soumya and Bhargava, Prajjwal and Bhosale, Shruti and others},
  journal={arXiv preprint arXiv:2307.09288},
  year={2023}
}

@inproceedings{wang,
  title={Can chatgpt detect student talk moves in classroom discourse? a preliminary comparison with bert},
  author={Wang, Deliang and Shan, Dapeng and Zheng, Yaqian and Guo, Kai and Chen, Gaowei and Lu, Yu},
  booktitle={Proceedings of the 16th International Conference on Educational Data Mining},
  year={2023}
}

@article{yu,
  title={Assessing the potential of LLM-assisted annotation for corpus-based pragmatics and discourse analysis: The case of apology},
  author={Yu, Danni and Li, Luyang and Su, Hang and Fuoli, Matteo},
  journal={International Journal of Corpus Linguistics},
  year={2024},
  publisher={John Benjamins Publishing Company Amsterdam/Philadelphia}
}

