@inproceedings{langley00,
 author    = {P. Langley},
 title     = {Crafting Papers on Machine Learning},
 year      = {2000},
 pages     = {1207--1216},
 editor    = {Pat Langley},
 booktitle     = {Proceedings of the 17th International Conference
              on Machine Learning (ICML 2000)},
 address   = {Stanford, CA},
 publisher = {Morgan Kaufmann}
}

@TechReport{mitchell80,
  author = 	 "T. M. Mitchell",
  title = 	 "The Need for Biases in Learning Generalizations",
  institution =  "Computer Science Department, Rutgers University",
  year = 	 "1980",
  address =	 "New Brunswick, MA",
}

@phdthesis{kearns89,
  author = {M. J. Kearns},
  title =  {Computational Complexity of Machine Learning},
  school = {Department of Computer Science, Harvard University},
  year =   {1989}
}

@Book{MachineLearningI,
  editor = 	 "R. S. Michalski and J. G. Carbonell and T.
		  M. Mitchell",
  title = 	 "Machine Learning: An Artificial Intelligence
		  Approach, Vol. I",
  publisher = 	 "Tioga",
  year = 	 "1983",
  address =	 "Palo Alto, CA"
}

@Book{DudaHart2nd,
  author =       "R. O. Duda and P. E. Hart and D. G. Stork",
  title =        "Pattern Classification",
  publisher =    "John Wiley and Sons",
  edition =      "2nd",
  year =         "2000"
}

@misc{anonymous,
  title= {Suppressed for Anonymity},
  author= {Author, N. N.},
  year= {2021}
}

@InCollection{Newell81,
  author =       "A. Newell and P. S. Rosenbloom",
  title =        "Mechanisms of Skill Acquisition and the Law of
                  Practice", 
  booktitle =    "Cognitive Skills and Their Acquisition",
  pages =        "1--51",
  publisher =    "Lawrence Erlbaum Associates, Inc.",
  year =         "1981",
  editor =       "J. R. Anderson",
  chapter =      "1",
  address =      "Hillsdale, NJ"
}
@Article{Samuel59,
  author = 	 "A. L. Samuel",
  title = 	 "Some Studies in Machine Learning Using the Game of
		  Checkers",
  journal =	 "IBM Journal of Research and Development",
  year =	 "1959",
  volume =	 "3",
  number =	 "3",
  pages =	 "211--229"
}
@article{takase2023spike,
  title={Spike No More: Stabilizing the Pre-training of Large Language Models},
  author={Takase, Sho and Kiyono, Shun and Kobayashi, Sosuke and Suzuki, Jun},
  journal={arXiv preprint arXiv:2312.16903},
  year={2023}
}
@article{chen2024symbolic,
  title={Symbolic discovery of optimization algorithms},
  author={Chen, Xiangning and Liang, Chen and Huang, Da and Real, Esteban and Wang, Kaiyuan and Pham, Hieu and Dong, Xuanyi and Luong, Thang and Hsieh, Cho-Jui and Lu, Yifeng and others},
  journal={Advances in neural information processing systems},
  volume={36},
  year={2024}
}
@article{olmo20242,
  title={2 OLMo 2 Furious},
  author={OLMo, Team and Walsh, Pete and Soldaini, Luca and Groeneveld, Dirk and Lo, Kyle and Arora, Shane and Bhagia, Akshita and Gu, Yuling and Huang, Shengyi and Jordan, Matt and others},
  journal={arXiv preprint arXiv:2501.00656},
  year={2024}
}
@article{xi2023training,
  title={Training transformers with 4-bit integers},
  author={Xi, Haocheng and Li, Changhao and Chen, Jianfei and Zhu, Jun},
  journal={Advances in Neural Information Processing Systems},
  volume={36},
  pages={49146--49168},
  year={2023}
}
@article{zhang2024q,
  title={Q-galore: Quantized galore with int4 projection and layer-adaptive low-rank gradients},
  author={Zhang, Zhenyu and Jaiswal, Ajay and Yin, Lu and Liu, Shiwei and Zhao, Jiawei and Tian, Yuandong and Wang, Zhangyang},
  journal={arXiv preprint arXiv:2407.08296},
  year={2024}
}

@article{ma2024swan,
  title={SWAN: Preprocessing SGD Enables Adam-Level Performance On LLM Training With Significant Memory Reduction},
  author={Ma, Chao and Gong, Wenbo and Scetbon, Meyer and Meeds, Edward},
  journal={arXiv preprint arXiv:2412.13148},
  year={2024}
}

@article{peng2023fp8,
  title={Fp8-lm: Training fp8 large language models},
  author={Peng, Houwen and Wu, Kan and Wei, Yixuan and Zhao, Guoshuai and Yang, Yuxiang and Liu, Ze and Xiong, Yifan and Yang, Ziyue and Ni, Bolin and Hu, Jingcheng and others},
  journal={arXiv preprint arXiv:2310.18313},
  year={2023}
}
@inproceedings{li2023colossal,
  title={Colossal-ai: A unified deep learning system for large-scale parallel training},
  author={Li, Shenggui and Liu, Hongxin and Bian, Zhengda and Fang, Jiarui and Huang, Haichen and Liu, Yuliang and Wang, Boxiang and You, Yang},
  booktitle={Proceedings of the 52nd International Conference on Parallel Processing},
  pages={766--775},
  year={2023}
}
@article{lee2024fp8,
  title={To FP8 and Back Again: Quantifying the Effects of Reducing Precision on LLM Training Stability},
  author={Lee, Joonhyung and Bae, Jeongin and Kim, Byeongwook and Kwon, Se Jung and Lee, Dongsoo},
  journal={arXiv preprint arXiv:2405.18710},
  year={2024}
}
@article{liu2024deepseek,
  title={Deepseek-v3 technical report},
  author={Liu, Aixin and Feng, Bei and Xue, Bing and Wang, Bingxuan and Wu, Bochao and Lu, Chengda and Zhao, Chenggang and Deng, Chengqi and Zhang, Chenyu and Ruan, Chong and others},
  journal={arXiv preprint arXiv:2412.19437},
  year={2024}
}
@article{touvron2023llama,
  title={Llama 2: Open foundation and fine-tuned chat models},
  author={Touvron, Hugo and Martin, Louis and Stone, Kevin and Albert, Peter and Almahairi, Amjad and Babaei, Yasmine and Bashlykov, Nikolay and Batra, Soumya and Bhargava, Prajjwal and Bhosale, Shruti and others},
  journal={arXiv preprint arXiv:2307.09288},
  year={2023}
}
@article{huang2025spam,
  title={SPAM: Spike-Aware Adam with Momentum Reset for Stable LLM Training},
  author={Huang, Tianjin and Zhu, Ziquan and Jin, Gaojie and Liu, Lu and Wang, Zhangyang and Liu, Shiwei},
  journal={arXiv preprint arXiv:2501.06842},
  year={2025}
}

@article{zhao2024galore,
  title={Galore: Memory-efficient llm training by gradient low-rank projection},
  author={Zhao, Jiawei and Zhang, Zhenyu and Chen, Beidi and Wang, Zhangyang and Anandkumar, Anima and Tian, Yuandong},
  journal={arXiv preprint arXiv:2403.03507},
  year={2024}
}
@article{fishman2024scaling,
  title={Scaling FP8 training to trillion-token LLMs},
  author={Fishman, Maxim and Chmiel, Brian and Banner, Ron and Soudry, Daniel},
  journal={arXiv preprint arXiv:2409.12517},
  year={2024}
}
@article{zhao2024deconstructing,
  title={Deconstructing what makes a good optimizer for language models},
  author={Zhao, Rosie and Morwani, Depen and Brandfonbrener, David and Vyas, Nikhil and Kakade, Sham},
  journal={arXiv preprint arXiv:2407.07972},
  year={2024}
}
@article{wortsman2023small,
  title={Small-scale proxies for large-scale transformer training instabilities},
  author={Wortsman, Mitchell and Liu, Peter J and Xiao, Lechao and Everett, Katie and Alemi, Alex and Adlam, Ben and Co-Reyes, John D and Gur, Izzeddin and Kumar, Abhishek and Novak, Roman and others},
  journal={arXiv preprint arXiv:2309.14322},
  year={2023}
}

@article{zhang2024adam,
  title={Adam-mini: Use fewer learning rates to gain more},
  author={Zhang, Yushun and Chen, Congliang and Li, Ziniu and Ding, Tian and Wu, Chenwei and Ye, Yinyu and Luo, Zhi-Quan and Sun, Ruoyu},
  journal={arXiv preprint arXiv:2406.16793},
  year={2024}
}
@inproceedings{shazeer2018adafactor,
  title={Adafactor: Adaptive learning rates with sublinear memory cost},
  author={Shazeer, Noam and Stern, Mitchell},
  booktitle={International Conference on Machine Learning},
  pages={4596--4604},
  year={2018},
  organization={PMLR}
}
@article{kingma2014adam,
  title={Adam: A method for stochastic optimization},
  author={Kingma, Diederik P},
  journal={arXiv preprint arXiv:1412.6980},
  year={2014}
}
@misc{goodfellow2016deep,
  title={Deep learning},
  author={Goodfellow, Ian},
  year={2016},
  publisher={MIT press}
}
@inproceedings{lialin2023relora,
  title={Relora: High-rank training through low-rank updates},
  author={Lialin, Vladislav and Muckatira, Sherin and Shivagunde, Namrata and Rumshisky, Anna},
  booktitle={The Twelfth International Conference on Learning Representations},
  year={2023}
}

@article{shazeer2020glu,
  title={Glu variants improve transformer},
  author={Shazeer, Noam},
  journal={arXiv preprint arXiv:2002.05202},
  year={2020}
}
@article{zhang2019root,
  title={Root mean square layer normalization},
  author={Zhang, Biao and Sennrich, Rico},
  journal={Advances in Neural Information Processing Systems},
  volume={32},
  year={2019}
}
@article{molybog2023theory,
  title={A theory on adam instability in large-scale machine learning},
  author={Molybog, Igor and Albert, Peter and Chen, Moya and DeVito, Zachary and Esiobu, David and Goyal, Naman and Koura, Punit Singh and Narang, Sharan and Poulton, Andrew and Silva, Ruan and others},
  journal={arXiv preprint arXiv:2304.09871},
  year={2023}
}
@article{chowdhery2023palm,
  title={Palm: Scaling language modeling with pathways},
  author={Chowdhery, Aakanksha and Narang, Sharan and Devlin, Jacob and Bosma, Maarten and Mishra, Gaurav and Roberts, Adam and Barham, Paul and Chung, Hyung Won and Sutton, Charles and Gehrmann, Sebastian and others},
  journal={Journal of Machine Learning Research},
  volume={24},
  number={240},
  pages={1--113},
  year={2023}
}
@inproceedings{xiong2020layer,
  title={On layer normalization in the transformer architecture},
  author={Xiong, Ruibin and Yang, Yunchang and He, Di and Zheng, Kai and Zheng, Shuxin and Xing, Chen and Zhang, Huishuai and Lan, Yanyan and Wang, Liwei and Liu, Tieyan},
  booktitle={International Conference on Machine Learning},
  pages={10524--10533},
  year={2020},
  organization={PMLR}
}
@article{dettmers20218,
  title={8-bit optimizers via block-wise quantization},
  author={Dettmers, Tim and Lewis, Mike and Shleifer, Sam and Zettlemoyer, Luke},
  journal={arXiv preprint arXiv:2110.02861},
  year={2021}
}
@article{scao2022language,
  title={What language model to train if you have one million gpu hours?},
  author={Scao, Teven Le and Wang, Thomas and Hesslow, Daniel and Saulnier, Lucile and Bekman, Stas and Bari, M Saiful and Biderman, Stella and Elsahar, Hady and Muennighoff, Niklas and Phang, Jason and others},
  journal={arXiv preprint arXiv:2210.15424},
  year={2022}
}
@article{ding2021cogview,
  title={Cogview: Mastering text-to-image generation via transformers},
  author={Ding, Ming and Yang, Zhuoyi and Hong, Wenyi and Zheng, Wendi and Zhou, Chang and Yin, Da and Lin, Junyang and Zou, Xu and Shao, Zhou and Yang, Hongxia and others},
  journal={Advances in neural information processing systems},
  volume={34},
  pages={19822--19835},
  year={2021}
}
@article{zeng2022glm,
  title={Glm-130b: An open bilingual pre-trained model},
  author={Zeng, Aohan and Liu, Xiao and Du, Zhengxiao and Wang, Zihan and Lai, Hanyu and Ding, Ming and Yang, Zhuoyi and Xu, Yifan and Zheng, Wendi and Xia, Xiao and others},
  journal={arXiv preprint arXiv:2210.02414},
  year={2022}
}
@article{wang2024deepnet,
  title={Deepnet: Scaling transformers to 1,000 layers},
  author={Wang, Hongyu and Ma, Shuming and Dong, Li and Huang, Shaohan and Zhang, Dongdong and Wei, Furu},
  journal={IEEE Transactions on Pattern Analysis and Machine Intelligence},
  year={2024},
  publisher={IEEE}
}
@inproceedings{zhai2023stabilizing,
  title={Stabilizing transformer training by preventing attention entropy collapse},
  author={Zhai, Shuangfei and Likhomanenko, Tatiana and Littwin, Etai and Busbridge, Dan and Ramapuram, Jason and Zhang, Yizhe and Gu, Jiatao and Susskind, Joshua M},
  booktitle={International Conference on Machine Learning},
  pages={40770--40803},
  year={2023},
  organization={PMLR}
}
@article{nguyen2019transformers,
  title={Transformers without tears: Improving the normalization of self-attention},
  author={Nguyen, Toan Q and Salazar, Julian},
  journal={arXiv preprint arXiv:1910.05895},
  year={2019}
}
@article{zhang2019fixup,
  title={Fixup initialization: Residual learning without normalization},
  author={Zhang, Hongyi and Dauphin, Yann N and Ma, Tengyu},
  journal={arXiv preprint arXiv:1901.09321},
  year={2019}
}
@inproceedings{huang2020improving,
  title={Improving transformer optimization through better initialization},
  author={Huang, Xiao Shi and Perez, Felipe and Ba, Jimmy and Volkovs, Maksims},
  booktitle={International Conference on Machine Learning},
  pages={4475--4483},
  year={2020},
  organization={PMLR}
}

@article{wang2018training,
  title={Training deep neural networks with 8-bit floating point numbers},
  author={Wang, Naigang and Choi, Jungwook and Brand, Daniel and Chen, Chia-Yu and Gopalakrishnan, Kailash},
  journal={Advances in neural information processing systems},
  volume={31},
  year={2018}
}


@article{chen2020statistical,
  title={A statistical framework for low-bitwidth training of deep neural networks},
  author={Chen, Jianfei and Gai, Yu and Yao, Zhewei and Mahoney, Michael W and Gonzalez, Joseph E},
  journal={Advances in neural information processing systems},
  volume={33},
  pages={883--894},
  year={2020}
}

@article{xi2024jetfire,
  title={Jetfire: Efficient and accurate transformer pretraining with int8 data flow and per-block quantization},
  author={Xi, Haocheng and Chen, Yuxiang and Zhao, Kang and Teh, Kai Jun and Chen, Jianfei and Zhu, Jun},
  journal={arXiv preprint arXiv:2403.12422},
  year={2024}
}

@article{wortsman2023stable,
  title={Stable and low-precision training for large-scale vision-language models},
  author={Wortsman, Mitchell and Dettmers, Tim and Zettlemoyer, Luke and Morcos, Ari and Farhadi, Ali and Schmidt, Ludwig},
  journal={Advances in Neural Information Processing Systems},
  volume={36},
  pages={10271--10298},
  year={2023}
}

@article{lin2022device,
  title={On-device training under 256kb memory},
  author={Lin, Ji and Zhu, Ligeng and Chen, Wei-Ming and Wang, Wei-Chen and Gan, Chuang and Han, Song},
  journal={Advances in Neural Information Processing Systems},
  volume={35},
  pages={22941--22954},
  year={2022}
}

@article{micikevicius2017mixed,
  title={Mixed precision training},
  author={Micikevicius, Paulius and Narang, Sharan and Alben, Jonah and Diamos, Gregory and Elsen, Erich and Garcia, David and Ginsburg, Boris and Houston, Michael and Kuchaiev, Oleksii and Venkatesh, Ganesh and others},
  journal={arXiv preprint arXiv:1710.03740},
  year={2017}
}

@article{kalamkar2019study,
  title={A study of BFLOAT16 for deep learning training},
  author={Kalamkar, Dhiraj and Mudigere, Dheevatsa and Mellempudi, Naveen and Das, Dipankar and Banerjee, Kunal and Avancha, Sasikanth and Vooturi, Dharma Teja and Jammalamadaka, Nataraj and Huang, Jianyu and Yuen, Hector and others},
  journal={arXiv preprint arXiv:1905.12322},
  year={2019}
}

@article{xi2024coat,
  title={COAT: Compressing Optimizer states and Activation for Memory-Efficient FP8 Training},
  author={Xi, Haocheng and Cai, Han and Zhu, Ligeng and Lu, Yao and Keutzer, Kurt and Chen, Jianfei and Han, Song},
  journal={arXiv preprint arXiv:2410.19313},
  year={2024}
}

@article{ashkboos2025halo,
  title={HALO: Hadamard-Assisted Lossless Optimization for Efficient Low-Precision LLM Training and Fine-Tuning},
  author={Ashkboos, Saleh and Nikdan, Mahdi and Tabesh, Soroush and Castro, Roberto L and Hoefler, Torsten and Alistarh, Dan},
  journal={arXiv preprint arXiv:2501.02625},
  year={2025}
}

@article{rouhani2023microscaling,
  title={Microscaling data formats for deep learning},
  author={Rouhani, Bita Darvish and Zhao, Ritchie and More, Ankit and Hall, Mathew and Khodamoradi, Alireza and Deng, Summer and Choudhary, Dhruv and Cornea, Marius and Dellinger, Eric and Denolf, Kristof and others},
  journal={arXiv preprint arXiv:2310.10537},
  year={2023}
}

@inproceedings{loeschckeloqt,
  title={Loqt: Low-rank adapters for quantized pretraining},
  author={Loeschcke, Sebastian Bugge and Toftrup, Mads and Kastoryano, Michael and Belongie, Serge and Sn{\ae}bjarnarson, V{\'e}steinn},
  booktitle={The Thirty-eighth Annual Conference on Neural Information Processing Systems}
}
@article{nie2022time,
  title={A time series is worth 64 words: Long-term forecasting with transformers},
  author={Nie, Yuqi and Nguyen, Nam H and Sinthong, Phanwadee and Kalagnanam, Jayant},
  journal={arXiv preprint arXiv:2211.14730},
  year={2022}
}
