@inproceedings{kamkari2024geometric,
  title={A Geometric View of Data Complexity: {E}fficient Local Intrinsic Dimension Estimation with Diffusion Models},
  author={Kamkari, Hamidreza and Ross, Brendan Leigh and Hosseinzadeh, Rasa and Cresswell, Jesse and Loaiza-Ganem, Gabriel},
  booktitle={NeurIPS},
  year={2024}
}

@inproceedings{karczewski2024diffusion,
  title={Diffusion Models as Cartoonists! {T}he Curious Case of High Density Regions},
  author={Karczewski, Rafa{\l} and Heinonen, Markus and Garg, Vikas},
  booktitle={ICLR},
  year={2024}
}

@inproceedings{karras2024guiding,
  title={Guiding a Diffusion Model with a Bad Version of Itself},
  author={Karras, Tero and Aittala, Miika and Kynk{\"a}{\"a}nniemi, Tuomas and Lehtinen, Jaakko and Aila, Timo and Laine, Samuli},
  booktitle={NeurIPS},
  year={2024}
}

@inproceedings{sehwag2022generating,
  title={Generating high fidelity data from low-density regions using diffusion models},
  author={Sehwag, Vikash and Hazirbas, Caner and Gordo, Albert and Ozgenel, Firat and Canton, Cristian},
  booktitle={CVPR},
  year={2022}
}

@inproceedings{song2021scorebased,
title={Score-Based Generative Modeling through Stochastic Differential Equations},
author={Yang Song and Jascha Sohl-Dickstein and Diederik P Kingma and Abhishek Kumar and Stefano Ermon and Ben Poole},
booktitle={ICLR},
year={2021},
}

@article{yu2023scalable,
  title={Scalable Stochastic Gradient {R}iemannian {L}angevin Dynamics in Non-Diagonal Metrics},
  author={Yu, Hanlin and Hartmann, Marcelo and Williams, Bernardo and Klami, Arto},
  journal={TMLR},
  year={2023}
}

