
@inproceedings{karczewski2024diffusion,
  title={Diffusion Models as Cartoonists! {T}he Curious Case of High Density Regions},
  author={Karczewski, Rafa{\l} and Heinonen, Markus and Garg, Vikas},
  booktitle={ICLR},
  year={2024}
}
@inproceedings{chen2018neural,
  title={Neural ordinary differential equations},
  author={Chen, Ricky and Rubanova, Yulia and Bettencourt, Jesse and Duvenaud, David},
  booktitle={NeurIPS},
  year={2018}
}
@inproceedings{karras2022elucidating,
  title={Elucidating the design space of diffusion-based generative models},
  author={Karras, Tero and Aittala, Miika and Aila, Timo and Laine, Samuli},
  booktitle={NeurIPS},
  year={2022}
}
@inproceedings{kingma2021variational,
  title={Variational diffusion models},
  author={Kingma, Diederik and Salimans, Tim and Poole, Ben and Ho, Jonathan},
  booktitle={NeurIPS},
  year={2021}
}
@article{baydin2018automatic,
  title={Automatic differentiation in machine learning: {A} survey},
  author={Baydin, Atilim and Pearlmutter, Barak and Radul, Alexey and Siskind, Jeffrey},
  journal={JMLR},
  year={2018}
}
@book{diehl2011numerical,
  title={Numerical optimal control},
  author={Diehl, Moritz and Gros, S{\'e}bastien},
  publisher={University of Freiburg},
  year={2022}
}
@book{pontryagin,
  title = {Mathematical Theory of Optimal Processes},
  author = {Pontryagin, Lev},
  year = {1987},
  publisher = {CRC Press}
}
@article{luo2022understanding,
  title={Understanding diffusion models: A unified perspective},
  author={Luo, Calvin},
  journal={arXiv preprint arXiv:2208.11970},
  year={2022}
}
@inproceedings{karras2024analyzing,
  title={Analyzing and improving the training dynamics of diffusion models},
  author={Karras, Tero and Aittala, Miika and Lehtinen, Jaakko and Hellsten, Janne and Aila, Timo and Laine, Samuli},
  booktitle={CVPR},
  year={2024}
}
@inproceedings{nalisnick2020detecting,
  title={Detecting out-of distribution inputs to deep generative models using typicality},
  author={Nalisnick, Eric and Matsukawa, Akihiro and Teh, Yee Whye and Lakshminarayanan, Balaji},
  booktitle={NeurIPS Bayesian Deep Learning workshop},
  year={2019}
}
@inproceedings{karras2024guiding,
  title={Guiding a Diffusion Model with a Bad Version of Itself},
  author={Karras, Tero and Aittala, Miika and Kynk{\"a}{\"a}nniemi, Tuomas and Lehtinen, Jaakko and Aila, Timo and Laine, Samuli},
  booktitle={NeurIPS},
  year={2024}
}
@inproceedings{sehwag2022generating,
  title={Generating high fidelity data from low-density regions using diffusion models},
  author={Sehwag, Vikash and Hazirbas, Caner and Gordo, Albert and Ozgenel, Firat and Canton, Cristian},
  booktitle={CVPR},
  year={2022}
}
@inproceedings{ho2020denoising,
  title={Denoising diffusion probabilistic models},
  author={Ho, Jonathan and Jain, Ajay and Abbeel, Pieter},
  booktitle={NeurIPS},
  year={2020}
}
@inproceedings{song2021scorebased,
title={Score-Based Generative Modeling through Stochastic Differential Equations},
author={Yang Song and Jascha Sohl-Dickstein and Diederik P Kingma and Abhishek Kumar and Stefano Ermon and Ben Poole},
booktitle={ICLR},
year={2021},
}

@inproceedings{lipman2023flow,
title={Flow Matching for Generative Modeling},
author={Yaron Lipman and Ricky Chen and Heli Ben-Hamu and Maximilian Nickel and Matthew Le},
booktitle={ICLR},
year={2023},
}

@inproceedings{liu2023flow,
title={Flow Straight and Fast: Learning to Generate and Transfer Data with Rectified Flow},
author={Xingchao Liu and Chengyue Gong and Qiang Liu},
booktitle={ICLR},
year={2023},
}

@inproceedings{albergo2023building,
title={Building Normalizing Flows with Stochastic Interpolants},
author={Michael Samuel Albergo and Eric Vanden-Eijnden},
booktitle={ICLR},
year={2023},
}

@InProceedings{pmlr-v202-song23a,
  title = 	 {Consistency Models},
  author =       {Song, Yang and Dhariwal, Prafulla and Chen, Mark and Sutskever, Ilya},
  booktitle = 	 {ICML},
  year = 	 {2023},
}

@book{villani2009optimal,
  title={Optimal transport: old and new},
  author={Villani, C{\'e}dric},
  volume={338},
  year={2009},
  publisher={Springer}
}

@inproceedings{eijkelboom2024variational,
  title={Variational Flow Matching for Graph Generation},
  author={Eijkelboom, Floor and Bartosh, Grigory and Naesseth, Christian Andersson and Welling, Max and van de Meent, Jan-Willem},
  booktitle={NeurIPS},
  year={2024}
}

@inproceedings{kamkari2024geometric,
  title={A Geometric View of Data Complexity: {E}fficient Local Intrinsic Dimension Estimation with Diffusion Models},
  author={Kamkari, Hamidreza and Ross, Brendan Leigh and Hosseinzadeh, Rasa and Cresswell, Jesse and Loaiza-Ganem, Gabriel},
  booktitle={NeurIPS},
  year={2024}
}
@article{finlay2020learning,
  title={Learning normalizing flows from {E}ntropy-{K}antorovich potentials},
  author={Finlay, Chris and Gerolin, Augusto and Oberman, Adam and Pooladian, Aram-Alexandre},
  journal={arXiv preprint arXiv:2006.06033},
  year={2020}
}
@article{yu2023scalable,
  title={Scalable Stochastic Gradient {R}iemannian {L}angevin Dynamics in Non-Diagonal Metrics},
  author={Yu, Hanlin and Hartmann, Marcelo and Williams, Bernardo and Klami, Arto},
  journal={TMLR},
  year={2023}
}
@inproceedings{xu2024normalizing,
  title={Normalizing flow neural networks by {JKO} scheme},
  author={Xu, Chen and Cheng, Xiuyuan and Xie, Yao},
  booktitle={NeurIPS},
  year={2024}
}
@article{choi2018waic,
  title={{WAIC}, but why? {G}enerative ensembles for robust anomaly detection},
  author={Choi, Hyunsun and Jang, Eric and Alemi, Alexander},
  journal={arXiv preprint arXiv:1810.01392},
  year={2018}
}

@inproceedings{nalisnick2018deep,
  title={Do deep generative models know what they don't know?},
  author={Nalisnick, Eric and Matsukawa, Akihiro and Teh, Yee Whye and Gorur, Dilan and Lakshminarayanan, Balaji},
  booktitle={ICLR},
  year={2019}
}

@article{ito1951formula,
  title={On a formula concerning stochastic differentials},
  author={It{\^o}, Kiyosi},
  journal={Nagoya Mathematical Journal},
  volume={3},
  pages={55--65},
  year={1951},
  publisher={Cambridge University Press}
}

@article{neal2010mcmc,
author = {Neal, Radford},
year = {2012},
title = {{MCMC} using {H}amiltonian dynamics},
journal = {Handbook of Markov Chain Monte Carlo},
}

@Article{deJong1987,
author={de Jong, Peter},
title={A central limit theorem for generalized quadratic forms},
journal={Probability Theory and Related Fields},
year={1987},
volume={75},
number={2},
pages={261-277},
}


@inproceedings{deja2022analyzing,
  title={On analyzing generative and denoising capabilities of diffusion-based deep generative models},
  author={Deja, Kamil and Kuzina, Anna and Trzcinski, Tomasz and Tomczak, Jakub},
  booktitle={NeurIPS},
  year={2022}
}

@inproceedings{
ho2021classifierfree,
title={Classifier-Free Diffusion Guidance},
author={Jonathan Ho and Tim Salimans},
booktitle={NeurIPS 2021 Workshop on Deep Generative Models and Downstream Applications},
year={2021},
url={https://openreview.net/forum?id=qw8AKxfYbI}
}

@article{wang2023diffusion,
  title={Diffusion models generate images like painters: an analytical theory of outline first, details later},
  author={Wang, Binxu and Vastola, John},
  journal={arXiv preprint arXiv:2303.02490},
  year={2023}
}
@inproceedings{zhi2021learning,
  title={Learning {ODE}s via diffeomorphisms for fast and robust integration},
  author={Zhi, Weiming and Lai, Tin and Ott, Lionel and Bonilla, Edwin V and Ramos, Fabio},
  booktitle={ICML},
  year={2022}
}
@inproceedings{
song2021denoising,
title={Denoising Diffusion Implicit Models},
author={Jiaming Song and Chenlin Meng and Stefano Ermon},
booktitle={ICLR},
year={2021},
}

@inproceedings{
vahdat2021scorebased,
title={Score-based Generative Modeling in Latent Space},
author={Arash Vahdat and Karsten Kreis and Jan Kautz},
booktitle={NeurIPS},
year={2021},
}

@article{tong2024improving,
title={Improving and generalizing flow-based generative models with minibatch optimal transport},
author={Alexander Tong and Kilian FATRAS and Nikolay Malkin and Guillaume Huguet and Yanlei Zhang and Jarrid Rector-Brooks and Guy Wolf and Yoshua Bengio},
journal={TMLR},
year={2024},
}

@inproceedings{
dockhorn2022scorebased,
title={Score-Based Generative Modeling with Critically-Damped {L}angevin Diffusion},
author={Tim Dockhorn and Arash Vahdat and Karsten Kreis},
booktitle={ICLR},
year={2022},
}

@inproceedings{rombach2021highresolution,
      title={High-Resolution Image Synthesis with Latent Diffusion Models}, 
      author={Robin Rombach and Andreas Blattmann and Dominik Lorenz and Patrick Esser and Bj√∂rn Ommer},
      year={2022},
booktitle={CVPR},
}

@inproceedings{grathwohl2018ffjord,
  title={{FFJORD}: {F}ree-form continuous dynamics for scalable reversible generative models},
  author={Grathwohl, Will and Chen, Ricky TQ and Bettencourt, Jesse and Sutskever, Ilya and Duvenaud, David},
  booktitle={ICLR},
  year={2019}
}

@article{hutchinson1989stochastic,
  title={A stochastic estimator of the trace of the influence matrix for Laplacian smoothing splines},
  author={Hutchinson, Michael F},
  journal={Communications in Statistics-Simulation and Computation},
  volume={18},
  number={3},
  pages={1059--1076},
  year={1989},
  publisher={Taylor \& Francis}
}