@inproceedings{ARGA,
  title     = {Adversarially Regularized Graph Autoencoder for Graph Embedding},
  author    = {Shirui Pan and Ruiqi Hu and Guodong Long and Jing Jiang and Lina Yao and Chengqi Zhang},
  booktitle = {Proceedings of the Twenty-Seventh International Joint Conference on Artificial Intelligence, {IJCAI-18}},
  publisher = {International Joint Conferences on Artificial Intelligence Organization},
  pages     = {2609--2615},
  year      = {2018},
  month     = {7}
}

@inproceedings{BUDDY,
title={Graph Neural Networks for Link Prediction with Subgraph Sketching},
author={Benjamin Paul Chamberlain and Sergey Shirobokov and Emanuele Rossi and Fabrizio Frasca and Thomas Markovich and Nils Yannick Hammerla and Michael M. Bronstein and Max Hansmire},
booktitle={The Eleventh International Conference on Learning Representations },
year={2023}
}

@inproceedings{ColdBrew,
title={Cold Brew: Distilling Graph Node Representations with Incomplete or Missing Neighborhoods},
author={Wenqing Zheng and Edward W Huang and Nikhil Rao and Sumeet Katariya and Zhangyang Wang and Karthik Subbian},
booktitle={International Conference on Learning Representations},
year={2022}
}

@inproceedings{DEMO-Net,
  title={DEMO-Net: Degree-specific graph neural networks for node and graph classification},
  author={Wu, Jun and He, Jingrui and Xu, Jiejun},
  booktitle={Proceedings of the 25th ACM SIGKDD International Conference on Knowledge Discovery \& Data Mining},
  pages={406--415},
  year={2019}
}

@inproceedings{DGAE,
  title={Stabilizing and enhancing link prediction through deepened graph auto-encoders},
  author={Wu, Xinxing and Cheng, Qiang},
  booktitle={IJCAI: proceedings of the conference},
  volume={2022},
  pages={3587},
  year={2022},
  organization={NIH Public Access}
}

@inproceedings{DegFairGNN,
  title={On generalized degree fairness in graph neural networks},
  author={Liu, Zemin and Nguyen, Trung-Kien and Fang, Yuan},
  booktitle={Proceedings of the AAAI Conference on Artificial Intelligence},
  pages={4525--4533},
  year={2023}
}

@article{GAE,
  title={Variational graph auto-encoders},
  author={Kipf, Thomas N and Welling, Max},
  journal={arXiv preprint arXiv:1611.07308},
  year={2016}
}

@inproceedings{GCN,
title={Semi-Supervised Classification with Graph Convolutional Networks},
author={Thomas N. Kipf and Max Welling},
booktitle={International Conference on Learning Representations},
year={2017}
}

@inproceedings{GNAE,
  title={Variational graph normalized autoencoders},
  author={Ahn, Seong Jin and Kim, MyoungHo},
  booktitle={Proceedings of the 30th ACM international conference on information \& knowledge management},
  pages={2827--2831},
  year={2021}
}

@inproceedings{HAW,
  title={Preserving Potential Neighbors for Low-Degree Nodes via Reweighting in Link Prediction},
  author={Li, Ziwei and Zhou, Yucan and Fan, Haihui and Gu, Xiaoyan and Li, Bo and Meng, Dan},
  booktitle={International Conference on Neural Information Processing},
  pages={561--572},
  year={2023},
  organization={Springer}
}

@inproceedings{LGAE,
  title={Simple and effective graph autoencoders with one-hop linear models},
  author={Salha, Guillaume and Hennequin, Romain and Vazirgiannis, Michalis},
  booktitle={Machine Learning and Knowledge Discovery in Databases: European Conference, ECML PKDD 2020, Ghent, Belgium, September 14--18, 2020, Proceedings, Part I},
  pages={319--334},
  year={2021},
  organization={Springer}
}

@inproceedings{LLP,
  title={Linkless link prediction via relational distillation},
  author={Guo, Zhichun and Shiao, William and Zhang, Shichang and Liu, Yozen and Chawla, Nitesh V and Shah, Neil and Zhao, Tong},
  booktitle={International Conference on Machine Learning},
  pages={12012--12033},
  year={2023},
  organization={PMLR}
}

@inproceedings{MSVGAE,
  title={Multi-scale variational graph autoencoder for link prediction},
  author={Guo, Zhihao and Wang, Feng and Yao, Kaixuan and Liang, Jiye and Wang, Zhiqiang},
  booktitle={Proceedings of the Fifteenth ACM international conference on web search and data mining},
  pages={334--342},
  year={2022}
}

@article{Neo-GNNs,
  title={Neo-gnns: Neighborhood overlap-aware graph neural networks for link prediction},
  author={Yun, Seongjun and Kim, Seoyoon and Lee, Junhyun and Kang, Jaewoo and Kim, Hyunwoo J},
  journal={Advances in Neural Information Processing Systems},
  volume={34},
  pages={13683--13694},
  year={2021}
}

@inproceedings{PS2,
  title={Bring your own view: Graph neural networks for link prediction with personalized subgraph selection},
  author={Tan, Qiaoyu and Zhang, Xin and Liu, Ninghao and Zha, Daochen and Li, Li and Chen, Rui and Choi, Soo-Hyun and Hu, Xia},
  booktitle={Proceedings of the Sixteenth ACM International Conference on Web Search and Data Mining},
  pages={625--633},
  year={2023}
}

@article{ResNorm,
  title={Tackling Long-tailed Distribution Issue in Graph Neural Networks via Normalization},
  author={Liang, Langzhang and Xu, Zenglin and Song, Zixing and King, Irwin and Qi, Yuan and Ye, Jieping},
  journal={IEEE Transactions on Knowledge and Data Engineering},
  year={2023},
  publisher={IEEE}
}

@article{S-VAE,
  title={Hyperspherical Variational Auto-Encoders},
  author={Davidson, Tim R. and
          Falorsi, Luca and
          De Cao, Nicola and
          Kipf, Thomas and
          Tomczak, Jakub M.},
  journal={34th Conference on Uncertainty in Artificial Intelligence (UAI-18)},
  year={2018}
}

@article{SEAL,
  title={Link prediction based on graph neural networks},
  author={Zhang, Muhan and Chen, Yixin},
  journal={Advances in neural information processing systems},
  volume={31},
  year={2018}
}

@inproceedings{SL-DSGCN,
  title={Investigating and mitigating degree-related biases in graph convoltuional networks},
  author={Tang, Xianfeng and Yao, Huaxiu and Sun, Yiwei and Wang, Yiqi and Tang, Jiliang and Aggarwal, Charu and Mitra, Prasenjit and Wang, Suhang},
  booktitle={Proceedings of the 29th ACM International Conference on Information \& Knowledge Management},
  pages={1435--1444},
  year={2020}
}

@inproceedings{T-BGRL,
title={Link Prediction with Non-Contrastive Learning},
author={William Shiao and Zhichun Guo and Tong Zhao and Evangelos E. Papalexakis and Yozen Liu and Neil Shah},
booktitle={The Eleventh International Conference on Learning Representations },
year={2023}
}

@inproceedings{Tail-GNN,
  title={Tail-gnn: Tail-node graph neural networks},
  author={Liu, Zemin and Nguyen, Trung-Kien and Fang, Yuan},
  booktitle={Proceedings of the 27th ACM SIGKDD Conference on Knowledge Discovery \& Data Mining},
  pages={1109--1119},
  year={2021}
}

