@article{SEAL,
  title={Link prediction based on graph neural networks},
  author={Zhang, Muhan and Chen, Yixin},
  journal={Advances in neural information processing systems},
  volume={31},
  year={2018}
}

@inproceedings{GCN,
title={Semi-Supervised Classification with Graph Convolutional Networks},
author={Thomas N. Kipf and Max Welling},
booktitle={International Conference on Learning Representations},
year={2017}
}

@article{SAGE,
  title={Inductive representation learning on large graphs},
  author={Hamilton, Will and Ying, Zhitao and Leskovec, Jure},
  journal={Advances in neural information processing systems},
  volume={30},
  year={2017}
}

@inproceedings{GAT,
title={Graph Attention Networks},
author={Petar Veličković and Guillem Cucurull and Arantxa Casanova and Adriana Romero and Pietro Liò and Yoshua Bengio},
booktitle={International Conference on Learning Representations},
year={2018}
}

@inproceedings{xGCN,
  title={xgcn: An extreme graph convolutional network for large-scale social link prediction},
  author={Song, Xiran and Lian, Jianxun and Huang, Hong and Luo, Zihan and Zhou, Wei and Lin, Xue and Wu, Mingqi and Li, Chaozhuo and Xie, Xing and Jin, Hai},
  booktitle={Proceedings of the ACM Web Conference 2023},
  pages={349--359},
  year={2023}
}

@inproceedings{SHaRe,
  title={Challenging Low Homophily in Social Recommendation},
  author={Wei Jiang and Xinyi Gao and Guandong Xu and Tong Chen and Hongzhi Yin},
  booktitle={Proceedings of the ACM Web Conference 2024},
  year={2024}
}

@inproceedings{DEKG-ILP,
  title={Disconnected emerging knowledge graph oriented inductive link prediction},
  author={Zhang, Yufeng and Wang, Weiqing and Yin, Hongzhi and Zhao, Pengpeng and Chen, Wei and Zhao, Lei},
  booktitle={2023 IEEE 39th International Conference on Data Engineering (ICDE)},
  pages={381--393},
  year={2023},
  organization={IEEE}
}

@article{abbas2021application,
  title={Application of network link prediction in drug discovery},
  author={Abbas, Khushnood and Abbasi, Alireza and Dong, Shi and Niu, Ling and Yu, Laihang and Chen, Bolun and Cai, Shi-Min and Hasan, Qambar},
  journal={BMC bioinformatics},
  volume={22},
  pages={1--21},
  year={2021},
  publisher={Springer}
}

@article{LPSurvey,
  title={Link prediction in complex networks: A survey},
  author={L{\"u}, Linyuan and Zhou, Tao},
  journal={Physica A: statistical mechanics and its applications},
  volume={390},
  number={6},
  pages={1150--1170},
  year={2011},
  publisher={Elsevier}
}

@article{GAE,
  title={Variational graph auto-encoders},
  author={Kipf, Thomas N and Welling, Max},
  journal={arXiv preprint arXiv:1611.07308},
  year={2016}
}

@inproceedings{PS2,
  title={Bring your own view: Graph neural networks for link prediction with personalized subgraph selection},
  author={Tan, Qiaoyu and Zhang, Xin and Liu, Ninghao and Zha, Daochen and Li, Li and Chen, Rui and Choi, Soo-Hyun and Hu, Xia},
  booktitle={Proceedings of the Sixteenth ACM International Conference on Web Search and Data Mining},
  pages={625--633},
  year={2023}
}

@inproceedings{ARGA,
  title     = {Adversarially Regularized Graph Autoencoder for Graph Embedding},
  author    = {Shirui Pan and Ruiqi Hu and Guodong Long and Jing Jiang and Lina Yao and Chengqi Zhang},
  booktitle = {Proceedings of the Twenty-Seventh International Joint Conference on Artificial Intelligence, {IJCAI-18}},
  publisher = {International Joint Conferences on Artificial Intelligence Organization},
  pages     = {2609--2615},
  year      = {2018},
  month     = {7}
}

@inproceedings{LGAE,
  title={Simple and effective graph autoencoders with one-hop linear models},
  author={Salha, Guillaume and Hennequin, Romain and Vazirgiannis, Michalis},
  booktitle={Machine Learning and Knowledge Discovery in Databases: European Conference, ECML PKDD 2020, Ghent, Belgium, September 14--18, 2020, Proceedings, Part I},
  pages={319--334},
  year={2021},
  organization={Springer}
}

@inproceedings{GNAE,
  title={Variational graph normalized autoencoders},
  author={Ahn, Seong Jin and Kim, MyoungHo},
  booktitle={Proceedings of the 30th ACM international conference on information \& knowledge management},
  pages={2827--2831},
  year={2021}
}

@inproceedings{DGAE,
  title={Stabilizing and enhancing link prediction through deepened graph auto-encoders},
  author={Wu, Xinxing and Cheng, Qiang},
  booktitle={IJCAI: proceedings of the conference},
  volume={2022},
  pages={3587},
  year={2022},
  organization={NIH Public Access}
}

@article{Neo-GNNs,
  title={Neo-gnns: Neighborhood overlap-aware graph neural networks for link prediction},
  author={Yun, Seongjun and Kim, Seoyoon and Lee, Junhyun and Kang, Jaewoo and Kim, Hyunwoo J},
  journal={Advances in Neural Information Processing Systems},
  volume={34},
  pages={13683--13694},
  year={2021}
}

@inproceedings{MSVGAE,
  title={Multi-scale variational graph autoencoder for link prediction},
  author={Guo, Zhihao and Wang, Feng and Yao, Kaixuan and Liang, Jiye and Wang, Zhiqiang},
  booktitle={Proceedings of the Fifteenth ACM international conference on web search and data mining},
  pages={334--342},
  year={2022}
}

@article{S-VAE,
  title={Hyperspherical Variational Auto-Encoders},
  author={Davidson, Tim R. and
          Falorsi, Luca and
          De Cao, Nicola and
          Kipf, Thomas and
          Tomczak, Jakub M.},
  journal={34th Conference on Uncertainty in Artificial Intelligence (UAI-18)},
  year={2018}
}

@article{albert2002statistical,
  title={Statistical mechanics of complex networks},
  author={Albert, R{\'e}ka and Barab{\'a}si, Albert-L{\'a}szl{\'o}},
  journal={Reviews of modern physics},
  volume={74},
  number={1},
  pages={47},
  year={2002},
  publisher={APS}
}

@inproceedings{SL-DSGCN,
  title={Investigating and mitigating degree-related biases in graph convoltuional networks},
  author={Tang, Xianfeng and Yao, Huaxiu and Sun, Yiwei and Wang, Yiqi and Tang, Jiliang and Aggarwal, Charu and Mitra, Prasenjit and Wang, Suhang},
  booktitle={Proceedings of the 29th ACM International Conference on Information \& Knowledge Management},
  pages={1435--1444},
  year={2020}
}

@inproceedings{Tail-GNN,
  title={Tail-gnn: Tail-node graph neural networks},
  author={Liu, Zemin and Nguyen, Trung-Kien and Fang, Yuan},
  booktitle={Proceedings of the 27th ACM SIGKDD Conference on Knowledge Discovery \& Data Mining},
  pages={1109--1119},
  year={2021}
}

@inproceedings{DegFairGNN,
  title={On generalized degree fairness in graph neural networks},
  author={Liu, Zemin and Nguyen, Trung-Kien and Fang, Yuan},
  booktitle={Proceedings of the AAAI Conference on Artificial Intelligence},
  pages={4525--4533},
  year={2023}
}

@inproceedings{BUDDY,
title={Graph Neural Networks for Link Prediction with Subgraph Sketching},
author={Benjamin Paul Chamberlain and Sergey Shirobokov and Emanuele Rossi and Fabrizio Frasca and Thomas Markovich and Nils Yannick Hammerla and Michael M. Bronstein and Max Hansmire},
booktitle={The Eleventh International Conference on Learning Representations },
year={2023}
}

@inproceedings{T-BGRL,
title={Link Prediction with Non-Contrastive Learning},
author={William Shiao and Zhichun Guo and Tong Zhao and Evangelos E. Papalexakis and Yozen Liu and Neil Shah},
booktitle={The Eleventh International Conference on Learning Representations },
year={2023}
}

@article{NBFNet,
  title={Neural bellman-ford networks: A general graph neural network framework for link prediction},
  author={Zhu, Zhaocheng and Zhang, Zuobai and Xhonneux, Louis-Pascal and Tang, Jian},
  journal={Advances in Neural Information Processing Systems},
  volume={34},
  pages={29476--29490},
  year={2021}
}

@inproceedings{LLP,
  title={Linkless link prediction via relational distillation},
  author={Guo, Zhichun and Shiao, William and Zhang, Shichang and Liu, Yozen and Chawla, Nitesh V and Shah, Neil and Zhao, Tong},
  booktitle={International Conference on Machine Learning},
  pages={12012--12033},
  year={2023},
  organization={PMLR}
}

@inproceedings{HAW,
  title={Preserving Potential Neighbors for Low-Degree Nodes via Reweighting in Link Prediction},
  author={Li, Ziwei and Zhou, Yucan and Fan, Haihui and Gu, Xiaoyan and Li, Bo and Meng, Dan},
  booktitle={International Conference on Neural Information Processing},
  pages={561--572},
  year={2023},
  organization={Springer}
}

@article{ResNorm,
  title={Tackling Long-tailed Distribution Issue in Graph Neural Networks via Normalization},
  author={Liang, Langzhang and Xu, Zenglin and Song, Zixing and King, Irwin and Qi, Yuan and Ye, Jieping},
  journal={IEEE Transactions on Knowledge and Data Engineering},
  year={2023},
  publisher={IEEE}
}

@inproceedings{ColdBrew,
title={Cold Brew: Distilling Graph Node Representations with Incomplete or Missing Neighborhoods},
author={Wenqing Zheng and Edward W Huang and Nikhil Rao and Sumeet Katariya and Zhangyang Wang and Karthik Subbian},
booktitle={International Conference on Learning Representations},
year={2022}
}

@article{DMoN,
  title={Graph clustering with graph neural networks},
  author={M{\"u}ller, Emmanuel},
  journal={Journal of Machine Learning Research},
  volume={24},
  pages={1--21},
  year={2023}
}

@inproceedings{GATv2,
title={How Attentive are Graph Attention Networks? },
author={Shaked Brody and Uri Alon and Eran Yahav},
booktitle={International Conference on Learning Representations},
year={2022}
}

@misc{LayerNorm,
      title={Layer Normalization}, 
      author={Jimmy Lei Ba and Jamie Ryan Kiros and Geoffrey E. Hinton},
      year={2016},
      eprint={1607.06450},
      archivePrefix={arXiv},
      primaryClass={stat.ML}
}

@inproceedings{DAEGC,
    author = {Wang, Chun and Pan, Shirui and Hu, Ruiqi and Long, Guodong and Jiang, Jing and Zhang, Chengqi},
    title = {Attributed Graph Clustering: A Deep Attentional Embedding Approach},
    year = {2019},
    booktitle = {Proceedings of the 28th International Joint Conference on Artificial Intelligence},
    pages = {3670–3676},
    series = {IJCAI'19}
}

@INPROCEEDINGS{MCond,
title={Graph Condensation for Inductive Node Representation Learning}, 
author={Xinyi Gao and Tong Chen and Yilong Zang and Wentao Zhang and Quoc Viet Hung Nguyen and Kai Zheng and Hongzhi Yin},
booktitle={2024 IEEE 40th International Conference on Data Engineering (ICDE)},
year={2024}
}

@inproceedings{PyG,
  title={Fast Graph Representation Learning with {PyTorch Geometric}},
  author={Fey, Matthias and Lenssen, Jan E.},
  booktitle={ICLR Workshop on Representation Learning on Graphs and Manifolds},
  year={2019},
}

@article{Adam,
  title={Adam: A method for stochastic optimization},
  author={Kingma, Diederik P and Ba, Jimmy},
  journal={arXiv preprint arXiv:1412.6980},
  year={2014}
}

@inproceedings{DEMO-Net,
  title={DEMO-Net: Degree-specific graph neural networks for node and graph classification},
  author={Wu, Jun and He, Jingrui and Xu, Jiejun},
  booktitle={Proceedings of the 25th ACM SIGKDD International Conference on Knowledge Discovery \& Data Mining},
  pages={406--415},
  year={2019}
}

@inproceedings{G2G,
title={Deep Gaussian Embedding of Graphs:  Unsupervised Inductive Learning via Ranking},
author={Aleksandar Bojchevski and Stephan Günnemann},
booktitle={International Conference on Learning Representations},
year={2018}
}
