@article{bengio2013representation,
  title={Representation learning: A review and new perspectives},
  author={Bengio, Yoshua and Courville, Aaron and Vincent, Pascal},
  journal={IEEE transactions on pattern analysis and machine intelligence},
  volume={35},
  number={8},
  pages={1798--1828},
  year={2013},
  publisher={IEEE}
}

@article{guo2025blendbehaviorguidedneuralpopulation,
      title={BLEND: Behavior-guided Neural Population Dynamics Modeling via Privileged Knowledge Distillation}, 
      author={Zhengrui Guo and Fangxu Zhou and Wei Wu and Qichen Sun and Lishuang Feng and Jinzhuo Wang and Hao Chen},
      year={2025},
      eprint={2410.13872},
      archivePrefix={arXiv},
      primaryClass={cs.NE},
      url={https://arxiv.org/abs/2410.13872}, 
}

@article{izhikevich2006fitzhugh,
  title={Fitzhugh-nagumo model},
  author={Izhikevich, Eugene M and FitzHugh, Richard},
  journal={Scholarpedia},
  volume={1},
  number={9},
  pages={1349},
  year={2006}
}

@article{kobak2019art,
  title={The art of using t-SNE for single-cell transcriptomics},
  author={Kobak, Dmitry and Berens, Philipp},
  journal={Nature communications},
  volume={10},
  number={1},
  pages={5416},
  year={2019},
  publisher={Nature Publishing Group UK London}
}

@article{liu2001spike,
  title={Spike-frequency adaptation of a generalized leaky integrate-and-fire model neuron},
  author={Liu, Ying-Hui and Wang, Xiao-Jing},
  journal={Journal of computational neuroscience},
  volume={10},
  pages={25--45},
  year={2001},
  publisher={Springer}
}

@article{mackiewicz1993principal,
  title={Principal components analysis (PCA)},
  author={Ma{\'c}kiewicz, Andrzej and Ratajczak, Waldemar},
  journal={Computers \& Geosciences},
  volume={19},
  number={3},
  pages={303--342},
  year={1993},
  publisher={Elsevier}
}

@article{mcinnes2018umap,
  title={Umap: Uniform manifold approximation and projection for dimension reduction},
  author={McInnes, Leland and Healy, John and Melville, James},
  journal={arXiv preprint arXiv:1802.03426},
  year={2018}
}

@article{mi2023learning,
  title={Learning time-invariant representations for individual neurons from population dynamics},
  author={Mi, Lu and Le, Trung and He, Tianxing and Shlizerman, Eli and S{\"u}mb{\"u}l, Uygar},
  journal={Advances in Neural Information Processing Systems},
  volume={36},
  pages={46007--46026},
  year={2023}
}

@article{nelson1995hodgkin,
  title={The hodgkin-huxley model},
  author={Nelson, Mark and Rinzel, John},
  journal={The book of genesis},
  volume={2},
  year={1995},
  publisher={Springer New York}
}

@mastersthesis{prakash2024interpreting,
  title={Interpreting Latent Manifolds of High-Dimensional Neural Activity Using Pi-VAE},
  author={Prakash, Rohan},
  year={2024},
  school={New York University Tandon School of Engineering}
}

@article{torres2024singer,
  title={Singer Identity Representation Learning using Self-Supervised Techniques},
  author={Torres, Bernardo and Lattner, Stefan and Richard, Gael},
  journal={arXiv preprint arXiv:2401.05064},
  year={2024}
}

