@incollection{Bengio+chapter2007,
author = {Bengio, Yoshua and LeCun, Yann},
booktitle = {Large Scale Kernel Machines},
publisher = {MIT Press},
title = {Scaling Learning Algorithms Towards {AI}},
year = {2007}
}

@article{Hinton06,
author = {Hinton, Geoffrey E. and Osindero, Simon and Teh, Yee Whye},
journal = {Neural Computation},
pages = {1527--1554},
title = {A Fast Learning Algorithm for Deep Belief Nets},
volume = {18},
year = {2006}
}

@book{goodfellow2016deep,
title={Deep learning},
author={Goodfellow, Ian and Bengio, Yoshua and Courville, Aaron and Bengio, Yoshua},
volume={1},
year={2016},
publisher={MIT Press}
}

@article{huh2024platonic,
  title={The platonic representation hypothesis},
  author={Huh, Minyoung and Cheung, Brian and Wang, Tongzhou and Isola, Phillip},
  journal={arXiv preprint arXiv:2405.07987},
  year={2024}
}

@article{izhikevich2003simple,
  title={Simple model of spiking neurons},
  author={Izhikevich, Eugene M},
  journal={IEEE Transactions on neural networks},
  volume={14},
  number={6},
  pages={1569--1572},
  year={2003},
  publisher={IEEE}
}

@article{schneider2023learnable,
  title={Learnable latent embeddings for joint behavioural and neural analysis},
  author={Schneider, Steffen and Lee, Jin Hwa and Mathis, Mackenzie Weygandt},
  journal={Nature},
  volume={617},
  number={7960},
  pages={360--368},
  year={2023},
  publisher={Nature Publishing Group UK London}
}

@article{bardes2021vicreg,
  title={Vicreg: Variance-invariance-covariance regularization for self-supervised learning},
  author={Bardes, Adrien and Ponce, Jean and LeCun, Yann},
  journal={arXiv preprint arXiv:2105.04906},
  year={2021}
}

@article{izhikevich2006fitzhugh,
  title={Fitzhugh-nagumo model},
  author={Izhikevich, Eugene M and FitzHugh, Richard},
  journal={Scholarpedia},
  volume={1},
  number={9},
  pages={1349},
  year={2006}
}

@article{nelson1995hodgkin,
  title={The hodgkin-huxley model},
  author={Nelson, Mark and Rinzel, John},
  journal={The book of genesis},
  volume={2},
  year={1995},
  publisher={Springer New York}
}

@article{mi2023learning,
  title={Learning time-invariant representations for individual neurons from population dynamics},
  author={Mi, Lu and Le, Trung and He, Tianxing and Shlizerman, Eli and S{\"u}mb{\"u}l, Uygar},
  journal={Advances in Neural Information Processing Systems},
  volume={36},
  pages={46007--46026},
  year={2023}
}

@article{piwecka2023single,
  title={Single-cell and spatial transcriptomics: deciphering brain complexity in health and disease},
  author={Piwecka, Monika and Rajewsky, Nikolaus and Rybak-Wolf, Agnieszka},
  journal={Nature Reviews Neurology},
  volume={19},
  number={6},
  pages={346--362},
  year={2023},
  publisher={Nature Publishing Group UK London}
}

@article{liu2001spike,
  title={Spike-frequency adaptation of a generalized leaky integrate-and-fire model neuron},
  author={Liu, Ying-Hui and Wang, Xiao-Jing},
  journal={Journal of computational neuroscience},
  volume={10},
  pages={25--45},
  year={2001},
  publisher={Springer}
}

@article{bengio2013representation,
  title={Representation learning: A review and new perspectives},
  author={Bengio, Yoshua and Courville, Aaron and Vincent, Pascal},
  journal={IEEE transactions on pattern analysis and machine intelligence},
  volume={35},
  number={8},
  pages={1798--1828},
  year={2013},
  publisher={IEEE}
}

@article{mackiewicz1993principal,
  title={Principal components analysis (PCA)},
  author={Ma{\'c}kiewicz, Andrzej and Ratajczak, Waldemar},
  journal={Computers \& Geosciences},
  volume={19},
  number={3},
  pages={303--342},
  year={1993},
  publisher={Elsevier}
}

@article{mcinnes2018umap,
  title={Umap: Uniform manifold approximation and projection for dimension reduction},
  author={McInnes, Leland and Healy, John and Melville, James},
  journal={arXiv preprint arXiv:1802.03426},
  year={2018}
}

@article{kobak2019art,
  title={The art of using t-SNE for single-cell transcriptomics},
  author={Kobak, Dmitry and Berens, Philipp},
  journal={Nature communications},
  volume={10},
  number={1},
  pages={5416},
  year={2019},
  publisher={Nature Publishing Group UK London}
}

@mastersthesis{prakash2024interpreting,
  title={Interpreting Latent Manifolds of High-Dimensional Neural Activity Using Pi-VAE},
  author={Prakash, Rohan},
  year={2024},
  school={New York University Tandon School of Engineering}
}

@article{torres2024singer,
  title={Singer Identity Representation Learning using Self-Supervised Techniques},
  author={Torres, Bernardo and Lattner, Stefan and Richard, Gael},
  journal={arXiv preprint arXiv:2401.05064},
  year={2024}
}

@article{bugeon2022transcriptomic,
  title={A transcriptomic axis predicts state modulation of cortical interneurons},
  author={Bugeon, Stephane and Duffield, Joshua and Dipoppa, Mario and Ritoux, Anne and Prankerd, Isabelle and Nicoloutsopoulos, Dimitris and Orme, David and Shinn, Maxwell and Peng, Han and Forrest, Hamish and others},
  journal={Nature},
  volume={607},
  number={7918},
  pages={330--338},
  year={2022},
  publisher={Nature Publishing Group UK London}
}

@article{steinmetz2019distributed,
  title={Distributed coding of choice, action and engagement across the mouse brain},
  author={Steinmetz, Nicholas A and Zatka-Haas, Peter and Carandini, Matteo and Harris, Kenneth D},
  journal={Nature},
  volume={576},
  number={7786},
  pages={266--273},
  year={2019},
  publisher={Nature Publishing Group UK London}
}

@article{schneider2023transcriptomic,
  title={Transcriptomic cell type structures in vivo neuronal activity across multiple timescales},
  author={Schneider, Aidan and Azabou, Mehdi and McDougall-Vigier, Louis and Parks, David F and Ensley, Sahara and Bhaskaran-Nair, Kiran and Nowakowski, Tomasz and Dyer, Eva L and Hengen, Keith B},
  journal={Cell reports},
  volume={42},
  number={4},
  year={2023},
  publisher={Elsevier}
}

@article{PatelPoo1982,
  title={Orientation of neurite growth by extracellular electric fields},
  author={Patel, N. and Poo, M. M.},
  journal={Journal of Neuroscience},
  volume={2},
  number={4},
  pages={483-496},
  year={1982}
}

@article{guo2025blendbehaviorguidedneuralpopulation,
      title={BLEND: Behavior-guided Neural Population Dynamics Modeling via Privileged Knowledge Distillation}, 
      author={Zhengrui Guo and Fangxu Zhou and Wei Wu and Qichen Sun and Lishuang Feng and Jinzhuo Wang and Hao Chen},
      year={2025},
      eprint={2410.13872},
      archivePrefix={arXiv},
      primaryClass={cs.NE},
      url={https://arxiv.org/abs/2410.13872}, 
}

@article{huh2024platonicrepresentationhypothesis,
      title={The Platonic Representation Hypothesis}, 
      author={Minyoung Huh and Brian Cheung and Tongzhou Wang and Phillip Isola},
      year={2024},
      eprint={2405.07987},
      archivePrefix={arXiv},
      primaryClass={cs.LG},
      url={https://arxiv.org/abs/2405.07987}, 
}