@article{Poggi2020OnTU,
  title={On the Uncertainty of Self-Supervised Monocular Depth Estimation},
  author={Matteo Poggi and Filippo Aleotti and Fabio Tosi and S. Mattoccia},
  journal={2020 IEEE/CVF Conference on Computer Vision and Pattern Recognition (CVPR)},
  year={2020},
  pages={3224-3234}
}

@inproceedings{Oberdiek2018ClassificationUO,
  title={Classification Uncertainty of Deep Neural Networks Based on Gradient Information},
  author={Philipp Oberdiek and Matthias Rottmann and Hanno Gottschalk},
  booktitle={ANNPR},
  year={2018}
}

@article{mcdropout,
author = {Gal, Yarin and Ghahramani, Zoubin},
year = {2015},
month = {06},
pages = {},
title = {Dropout as a Bayesian Approximation: Representing Model Uncertainty in Deep Learning},
journal = {Proceedings of The 33rd International Conference on Machine Learning}
}

@inproceedings{Lakshminarayanan2017SimpleAS,
  title={Simple and Scalable Predictive Uncertainty Estimation using Deep Ensembles},
  author={Balaji Lakshminarayanan and Alexander Pritzel and Charles Blundell},
  booktitle={NIPS},
  year={2017}
}

@article{Nix1994EstimatingTM,
  title={Estimating the mean and variance of the target probability distribution},
  author={David A. Nix and Andreas S. Weigend},
  journal={Proceedings of 1994 IEEE International Conference on Neural Networks (ICNN'94)},
  year={1994},
  volume={1},
  pages={55-60 vol.1}
}

@inproceedings{Ilg2018UncertaintyEA,
  title={Uncertainty Estimates and Multi-hypotheses Networks for Optical Flow},
  author={Eddy Ilg and {\"O}zg{\"u}n Çiçek and Silvio Galesso and Aaron Klein and Osama Makansi and Frank Hutter and Thomas Brox},
  booktitle={ECCV},
  year={2018}
}

@article{Lee2020GradientsAA,
  title={Gradients as a Measure of Uncertainty in Neural Networks},
  author={Jinsol Lee and Ghassan AlRegib},
  journal={2020 IEEE International Conference on Image Processing (ICIP)},
  year={2020},
  pages={2416-2420}
}

@inproceedings{Kendall2017WhatUD,
  title={What Uncertainties Do We Need in Bayesian Deep Learning for Computer Vision?},
  author={Alex Kendall and Yarin Gal},
  booktitle={NIPS},
  year={2017}
}

@inproceedings{Huang2021OnTI,
  title={On the Importance of Gradients for Detecting Distributional Shifts in the Wild},
  author={Rui Huang and Andrew Geng and Yixuan Li},
  booktitle={NeurIPS},
  year={2021}
}

@article{Kendall2018MultitaskLU,
  title={Multi-task Learning Using Uncertainty to Weigh Losses for Scene Geometry and Semantics},
  author={Alex Kendall and Yarin Gal and Roberto Cipolla},
  journal={2018 IEEE/CVF Conference on Computer Vision and Pattern Recognition},
  year={2018},
  pages={7482-7491}
}

@article{Godard2017UnsupervisedMD,
  title={Unsupervised Monocular Depth Estimation with Left-Right Consistency},
  author={Cl{\'e}ment Godard and Oisin Mac Aodha and Gabriel J. Brostow},
  journal={2017 IEEE Conference on Computer Vision and Pattern Recognition (CVPR)},
  year={2017},
  pages={6602-6611}
}


@article{monodepth2,
  title={Digging Into Self-Supervised Monocular Depth Estimation},
  author={Cl{\'e}ment Godard and Oisin Mac Aodha and Gabriel J. Brostow},
  journal={2019 IEEE/CVF International Conference on Computer Vision (ICCV)},
  year={2019},
  pages={3827-3837}
}

@ARTICLE{Geiger2013IJRR,
  author = {Andreas Geiger and Philip Lenz and Christoph Stiller and Raquel Urtasun},
  title = {Vision meets Robotics: The KITTI Dataset},
  journal = {International Journal of Robotics Research (IJRR)},
  year = {2013}
}

@inproceedings{SilbermanECCV12,
  author    = {Nathan Silberman, Derek Hoiem, Pushmeet Kohli and Rob Fergus},
  title     = {Indoor Segmentation and Support Inference from RGBD Images},
  booktitle = {ECCV},
  year      = {2012}
}

@article{Uhrig2017SparsityIC,
  title={Sparsity Invariant CNNs},
  author={Jonas Uhrig and N. Schneider and Lukas Schneider and Uwe Franke and Thomas Brox and Andreas Geiger},
  journal={2017 International Conference on 3D Vision (3DV)},
  year={2017},
  pages={11-20}
}

@inproceedings{Eigen2014DepthMP,
  title={Depth Map Prediction from a Single Image using a Multi-Scale Deep Network},
  author={David Eigen and Christian Puhrsch and Rob Fergus},
  booktitle={NIPS},
  year={2014}
}

@article{Laina2016DeeperDP,
  title={Deeper Depth Prediction with Fully Convolutional Residual Networks},
  author={Iro Laina and C. Rupprecht and Vasileios Belagiannis and Federico Tombari and Nassir Navab},
  journal={2016 Fourth International Conference on 3D Vision (3DV)},
  year={2016},
  pages={239-248}
}

@inproceedings{Yang2018DeepVS,
  title={Deep Virtual Stereo Odometry: Leveraging Deep Depth Prediction for Monocular Direct Sparse Odometry},
  author={Nan Yang and Rui Wang and J. St{\"u}ckler and Daniel Cremers},
  booktitle={ECCV},
  year={2018}
}

@article{Tosi2019LearningMD,
  title={Learning Monocular Depth Estimation Infusing Traditional Stereo Knowledge},
  author={Fabio Tosi and Filippo Aleotti and Matteo Poggi and S. Mattoccia},
  journal={2019 IEEE/CVF Conference on Computer Vision and Pattern Recognition (CVPR)},
  year={2019},
  pages={9791-9801}
}

@inproceedings{Klodt2018SupervisingTN,
  title={Supervising the New with the Old: Learning SFM from SFM},
  author={Maria Klodt and Andrea Vedaldi},
  booktitle={ECCV},
  year={2018}
}

@inproceedings{Mi2019TrainingFreeUE,
  title={Training-Free Uncertainty Estimation for Dense Regression: Sensitivity as a Surrogate},
  author={Lu Mi and Hao Wang and Yonglong Tian and Hao He and Nir Shavit},
  year={2019}
}

@article{Zhou2017UnsupervisedLO,
  title={Unsupervised Learning of Depth and Ego-Motion from Video},
  author={Tinghui Zhou and Matthew A. Brown and Noah Snavely and David G. Lowe},
  journal={2017 IEEE Conference on Computer Vision and Pattern Recognition (CVPR)},
  year={2017},
  pages={6612-6619}
}

@article{Bauer2021NVSMonoDepthIM,
  title={NVS-MonoDepth: Improving Monocular Depth Prediction with Novel View Synthesis},
  author={Z. Bauer and Zuoyue Li and Sergio Orts-Escolano and Miguel Cazorla and Marc Pollefeys and Martin R. Oswald},
  journal={2021 International Conference on 3D Vision (3DV)},
  year={2021},
  pages={848-858}
}

@article{Tosi2020DistilledSF,
  title={Distilled Semantics for Comprehensive Scene Understanding from Videos},
  author={Fabio Tosi and Filippo Aleotti and Pierluigi Zama Ramirez and Matteo Poggi and Samuele Salti and Luigi di Stefano and S. Mattoccia},
  journal={2020 IEEE/CVF Conference on Computer Vision and Pattern Recognition (CVPR)},
  year={2020},
  pages={4653-4664}
}

@inproceedings{Bian2019UnsupervisedSD,
  title={Unsupervised Scale-consistent Depth and Ego-motion Learning from Monocular Video},
  author={Jiawang Bian and Zhichao Li and Naiyan Wang and Huangying Zhan and Chunhua Shen and Ming-Ming Cheng and Ian D. Reid},
  booktitle={NeurIPS},
  year={2019}
}

@inproceedings{Xu2019RegionDN,
  title={Region Deformer Networks for Unsupervised Depth Estimation from Unconstrained Monocular Videos},
  author={Haofei Xu and Jianmin Zheng and Jianfei Cai and Juyong Zhang},
  booktitle={IJCAI},
  year={2019}
}

@article{Gustafsson2020EvaluatingSB,
  title={Evaluating Scalable Bayesian Deep Learning Methods for Robust Computer Vision},
  author={Fredrik K. Gustafsson and Martin Danelljan and Thomas Bo Sch{\"o}n},
  journal={2020 IEEE/CVF Conference on Computer Vision and Pattern Recognition Workshops (CVPRW)},
  year={2020},
  pages={1289-1298}
}

@article{Zhou2021SUBDepthSA,
  title={SUB-Depth: Self-distillation and Uncertainty Boosting Self-supervised Monocular Depth Estimation},
  author={Hang Zhou and Sarah Taylor and David Greenwood},
  journal={ArXiv},
  year={2021},
  volume={abs/2111.09692}
}

@inproceedings{Chanduri2021CamLessMonoDepthMD,
  author    = {Sai Shyam Chanduri and
               Igor Vozniak and
               Zeeshan Khan Suri},
  title     = {CamLessMonoDepth: Monocular Depth Estimation with Unknown Camera Parameters},
  booktitle={British Machine Vision Conference (BMVC)},
  year      = {2021},
}

@article{Yang2020D3VODD,
  title={D3VO: Deep Depth, Deep Pose and Deep Uncertainty for Monocular Visual Odometry},
  author={Nan Yang and Lukas von Stumberg and Rui Wang and Daniel Cremers},
  journal={2020 IEEE/CVF Conference on Computer Vision and Pattern Recognition (CVPR)},
  year={2020},
  pages={1278-1289}
}

@article{Bhat2021AdaBinsDE,
  title={AdaBins: Depth Estimation Using Adaptive Bins},
  author={S. Bhat and Ibraheem Alhashim and Peter Wonka},
  journal={2021 IEEE/CVF Conference on Computer Vision and Pattern Recognition (CVPR)},
  year={2021},
  pages={4008-4017}
}

@article{Wannenwetsch2017ProbFlowJO,
  title={ProbFlow: Joint Optical Flow and Uncertainty Estimation},
  author={Anne S. Wannenwetsch and Margret Keuper and Stefan Roth},
  journal={2017 IEEE International Conference on Computer Vision (ICCV)},
  year={2017},
  pages={1182-1191}
}

@article{Song2021MonocularDE,
  title={Monocular Depth Estimation Using Laplacian Pyramid-Based Depth Residuals},
  author={Minsoo Song and Seokjae Lim and Wonjun Kim},
  journal={IEEE Transactions on Circuits and Systems for Video Technology},
  year={2021},
  volume={31},
  pages={4381-4393}
}

@inproceedings{zhou_diffnet,
    title={Self-Supervised Monocular Depth Estimation with Internal Feature Fusion},
    author={Zhou, Hang and Greenwood, David and Taylor, Sarah},
    booktitle={British Machine Vision Conference (BMVC)},
    year={2021}
    }
    
@inproceedings{Nguyen_2015_CVPR,
author = {Nguyen, Anh and Yosinski, Jason and Clune, Jeff},
title = {Deep Neural Networks Are Easily Fooled: High Confidence Predictions for Unrecognizable Images},
booktitle = {Proceedings of the IEEE Conference on Computer Vision and Pattern Recognition (CVPR)},
month = {June},
year = {2015}
}

@inproceedings{monovit,
  title={MonoViT: Self-Supervised Monocular Depth Estimation with a Vision Transformer},
  author={Zhao, Chaoqiang and Zhang, Youmin and Poggi, Matteo and Tosi, Fabio and Guo, Xianda and Zhu, Zheng and Huang, Guan and Tang, Yang and Mattoccia, Stefano},
  booktitle={International Conference on 3D Vision},
  year={2022}
}

@misc{cabon2020vkitti2,
  title={Virtual KITTI 2},
  author={Cabon, Yohann and Murray, Naila and Humenberger, Martin},
  year={2020},
  eprint={2001.10773},
  archivePrefix={arXiv},
  primaryClass={cs.CV}
}

@inproceedings{Upadhyay2022BayesCapBI,
  title={BayesCap: Bayesian Identity Cap for Calibrated Uncertainty in Frozen Neural Networks},
  author={Uddeshya Upadhyay and Shyamgopal Karthik and Yanbei Chen and Massimiliano Mancini and Zeynep Akata},
  booktitle={European Conference on Computer Vision},
  year={2022}
}

@inproceedings{Laves2019WellcalibratedMU,
  title={Well-calibrated Model Uncertainty with Temperature Scaling for Dropout Variational Inference},
  author={Max-Heinrich Laves and Sontje Ihler and Karl-Philipp Kortmann and Tobias Ortmaier},
  maintitle={Advances in Neural Information Processing Systems}, 
  booktitle={Workshop on Bayesian Deep Learning},
  year={2019},
}

@article{Naeini_Cooper_Hauskrecht_2015, 
title={Obtaining Well Calibrated Probabilities Using Bayesian Binning}, 
volume={29},   
journal={Proceedings of the AAAI Conference on Artificial Intelligence}, 
author={Pakdaman Naeini, Mahdi and Cooper, Gregory and Hauskrecht, Milos},
year={2015}}

@inproceedings{ho2020DenoisingDiffusionProbabilistic,
 author = {Ho, Jonathan and Jain, Ajay and Abbeel, Pieter},
 booktitle = {Advances in Neural Information Processing Systems},
 editor = {H. Larochelle and M. Ranzato and R. Hadsell and M.F. Balcan and H. Lin},
 pages = {6840--6851},
 publisher = {Curran Associates, Inc.},
 title = {Denoising Diffusion Probabilistic Models},
 volume = {33},
 year = {2020}
}


@inproceedings{Gaidon2016Virtual,
author = {Gaidon, A and Wang, Q and Cabon, Y and Vig, E},
title = {Virtual Worlds as Proxy for Multi-Object Tracking Analysis},
booktitle = {CVPR},
year = {2016}
}

@article{saharia2022PaletteImagetoImageDiffusion,
  title={Palette: Image-to-Image Diffusion Models},
  author={Chitwan Saharia and William Chan and Huiwen Chang and Chris A. Lee and Jonathan Ho and Tim Salimans and David J. Fleet and Mohammad Norouzi},
  journal={ACM SIGGRAPH 2022 Conference Proceedings},
  year={2021}
}

@article{Yuan2022NeuralWF,
  title={Neural Window Fully-connected CRFs for Monocular Depth Estimation},
  author={Weihao Yuan and Xiaodong Gu and Zuozhuo Dai and Siyu Zhu and Ping Tan},
  journal={2022 IEEE/CVF Conference on Computer Vision and Pattern Recognition (CVPR)},
  year={2022},
  pages={3906-3915}
}

@InProceedings{Agarwal_2023_WACV,
    author    = {Agarwal, Ashutosh and Arora, Chetan},
    title     = {Attention Attention Everywhere: Monocular Depth Prediction With Skip Attention},
    booktitle = {Proceedings of the IEEE/CVF Winter Conference on Applications of Computer Vision (WACV)},
    month     = {January},
    year      = {2023},
    pages     = {5861-5870}
}

@article{Ranftl2021VisionTF,
  title={Vision Transformers for Dense Prediction},
  author={Ren{\'e} Ranftl and Alexey Bochkovskiy and Vladlen Koltun},
  journal={2021 IEEE/CVF International Conference on Computer Vision (ICCV)},
  year={2021},
  pages={12159-12168}
}

@article{Yang2021TransformerBasedAN,
  title={Transformer-Based Attention Networks for Continuous Pixel-Wise Prediction},
  author={Guanglei Yang and Hao Tang and Mingli Ding and N. Sebe and Elisa Ricci},
  journal={2021 IEEE/CVF International Conference on Computer Vision (ICCV)},
  year={2021},
  pages={16249-16259}
}

@article{Lee2021MPViTMV,
  title={MPViT: Multi-Path Vision Transformer for Dense Prediction},
  author={Youngwan Lee and Jonghee Kim and Jeffrey Willette and Sung Ju Hwang},
  journal={2022 IEEE/CVF Conference on Computer Vision and Pattern Recognition (CVPR)},
  year={2021},
  pages={7277-7286}
}

@article{dosovitskiy2020vit,
  title={An Image is Worth 16x16 Words: Transformers for Image Recognition at Scale},
  author={Dosovitskiy, Alexey and Beyer, Lucas and Kolesnikov, Alexander and Weissenborn, Dirk and Zhai, Xiaohua and Unterthiner, Thomas and  Dehghani, Mostafa and Minderer, Matthias and Heigold, Georg and Gelly, Sylvain and Uszkoreit, Jakob and Houlsby, Neil},
  journal={ICLR},
  year={2021}
}

@article{Riedlinger2021GradientBasedQO,
  title={Gradient-Based Quantification of Epistemic Uncertainty for Deep Object Detectors},
  author={Tobias Riedlinger and Matthias Rottmann and Marius Schubert and Hanno Gottschalk},
  journal={2023 IEEE/CVF Winter Conference on Applications of Computer Vision (WACV)},
  year={2021},
  pages={3910-3920}
}

@article{Maag2023PixelwiseGU,
  title={Pixel-wise Gradient Uncertainty for Convolutional Neural Networks applied to Out-of-Distribution Segmentation},
  author={Kira Maag and Tobias Riedlinger},
  journal={ArXiv},
  year={2023},
  volume={abs/2303.06920}
}

@inproceedings{lee2022adversarial,
title={Gradient-Based Adversarial and Out-of-Distribution Detection},
author={Jinsol Lee and Mohit Prabhushankar and Ghassan AlRegib},
booktitle={International Conference on Machine Learning (ICML) Workshop on New
Frontiers in Adversarial Machine Learning},
year={2022}}

@inproceedings{HuangSnapshot2017,
	author    = {Gao Huang and
	Yixuan Li and
	Geoff Pleiss and
	Zhuang Liu and
	John E. Hopcroft and
	Kilian Q. Weinberger},
	title     = {Snapshot Ensembles: Train 1, Get {M} for Free},
	booktitle = {5th International Conference on Learning Representations, {ICLR} 2017,
	Toulon, France, April 24-26, 2017, Conference Track Proceedings},
	year      = {2017}}

@article{dropout,
  author  = {Nitish Srivastava and Geoffrey Hinton and Alex Krizhevsky and Ilya Sutskever and Ruslan Salakhutdinov},
  title   = {Dropout: A Simple Way to Prevent Neural Networks from Overfitting},
  journal = {Journal of Machine Learning Research},
  year    = {2014},
  volume  = {15},
  number  = {56},
  pages   = {1929--1958}
}

@article{amini2020deep,
  title={Deep evidential regression},
  author={Amini, Alexander and Schwarting, Wilko and Soleimany, Ava and Rus, Daniela},
  journal={Advances in Neural Information Processing Systems},
  volume={33},
  year={2020}
}

@InProceedings{Hornauer2022GradientbasedUF,
author="Hornauer, Julia
and Belagiannis, Vasileios",
title="Gradient-Based Uncertainty for Monocular Depth Estimation",
booktitle="Computer Vision -- ECCV 2022",
year="2022",
publisher="Springer Nature Switzerland",
pages="613--630"}

@article{Paszke2019PyTorchAI,
  title={PyTorch: An Imperative Style, High-Performance Deep Learning Library},
  author={Adam Paszke and Sam Gross and Francisco Massa and Adam Lerer and James Bradbury and Gregory Chanan and Trevor Killeen and Zeming Lin and Natalia Gimelshein and Luca Antiga and Alban Desmaison and Andreas K{\"o}pf and Edward Yang and Zach DeVito and Martin Raison and Alykhan Tejani and Sasank Chilamkurthy and Benoit Steiner and Lu Fang and Junjie Bai and Soumith Chintala},
  journal={ArXiv},
  year={2019},
  volume={abs/1912.01703}
}

@inproceedings{
sahariaPhotorealisticTexttoImageDiffusion2022,
title={Photorealistic Text-to-Image Diffusion Models with Deep Language Understanding},
author={Chitwan Saharia and William Chan and Saurabh Saxena and Lala Li and Jay Whang and Emily Denton and Seyed Kamyar Seyed Ghasemipour and Raphael Gontijo-Lopes and Burcu Karagol Ayan and Tim Salimans and Jonathan Ho and David J. Fleet and Mohammad Norouzi},
booktitle={Advances in Neural Information Processing Systems},
editor={Alice H. Oh and Alekh Agarwal and Danielle Belgrave and Kyunghyun Cho},
year={2022},
}

@article{hoCascadedDiffusionModels,
  title={Cascaded Diffusion Models for High Fidelity Image Generation},
  author={Jonathan Ho and Chitwan Saharia and William Chan and David J. Fleet and Mohammad Norouzi and Tim Salimans},
  journal={J. Mach. Learn. Res.},
  year={2021},
  volume={23},
  pages={47:1-47:33}
}

% new papers 
@inproceedings{yang2024depth,
  title={Depth anything: Unleashing the power of large-scale unlabeled data},
  author={Yang, Lihe and Kang, Bingyi and Huang, Zilong and Xu, Xiaogang and Feng, Jiashi and Zhao, Hengshuang},
  booktitle={Proceedings of the IEEE/CVF Conference on Computer Vision and Pattern Recognition},
  pages={10371--10381},
  year={2024}
}

@inproceedings{ke2024repurposing,
  title={Repurposing diffusion-based image generators for monocular depth estimation},
  author={Ke, Bingxin and Obukhov, Anton and Huang, Shengyu and Metzger, Nando and Daudt, Rodrigo Caye and Schindler, Konrad},
  booktitle={Proceedings of the IEEE/CVF Conference on Computer Vision and Pattern Recognition},
  pages={9492--9502},
  year={2024}
}

@ARTICLE{midas,
author={Ranftl, Rene and Lasinger, Katrin and Hafner, David and Schindler, Konrad and Koltun, Vladlen},
journal={ IEEE Transactions on Pattern Analysis \& Machine Intelligence },
title={{ Towards Robust Monocular Depth Estimation: Mixing Datasets for Zero-Shot Cross-Dataset Transfer }},
year={2022},
volume={44},
number={03},
ISSN={1939-3539},
pages={1623-1637},
keywords={Training;Estimation;Three-dimensional displays;Cameras;Videos;Measurement;Motion pictures},
doi={10.1109/TPAMI.2020.3019967},
url = {https://doi.ieeecomputersociety.org/10.1109/TPAMI.2020.3019967},
publisher={IEEE Computer Society},
address={Los Alamitos, CA, USA},
month=mar}

@article{yang2024depthv2,
  title={Depth Anything V2},
  author={Yang, Lihe and Kang, Bingyi and Huang, Zilong and Zhao, Zhen and Xu, Xiaogang and Feng, Jiashi and Zhao, Hengshuang},
  journal={arXiv preprint arXiv:2406.09414},
  year={2024}
}

@inproceedings{hornauer2023out,
  title={Out-of-Distribution Detection for Monocular Depth Estimation},
  author={Hornauer, Julia and Holzbock, Adrian and Belagiannis, Vasileios},
  booktitle={Proceedings of the IEEE/CVF International Conference on Computer Vision},
  pages={1911--1921},
  year={2023}
}

