@inproceedings{DBLP:conf/fat/DAmourSABSH20,
  author       = {Alexander D'Amour and
                  Hansa Srinivasan and
                  James Atwood and
                  Pallavi Baljekar and
                  D. Sculley and
                  Yoni Halpern},
  title        = {Fairness is not static: deeper understanding of long term fairness
                  via simulation studies},
url = {https://doi.org/10.1145/3351095.3372878},
doi = {10.1145/3351095.3372878},
	series = {{FAT}* '20},
	booktitle = {Proceedings of the 2020 {Conference} on {Fairness}, {Accountability}, and {Transparency}},
  pages        = {525--534},
  publisher    = {{ACM}},
  year         = {2020}
}

@inproceedings{DBLP:conf/fat/SchwobelR22,
  author       = {Pola Schw{\"{o}}bel and
                  Peter Remmers},
	series = {{FAccT} '22},
  title        = {The Long Arc of Fairness: Formalisations and Ethical Discourse},
  pages        = {2179--2188},
url = {https://doi.org/10.1145/3531146.3534635},
doi = {10.1145/3531146.3534635},
booktitle = {Proceedings of the 2022 ACM Conference on Fairness, Accountability, and Transparency},
  publisher    = {{ACM}},
  year         = {2022}
}

@inproceedings{DBLP:conf/nips/WickpT19,
 author = {Wick, Michael and panda, swetasudha and Tristan, Jean-Baptiste},
 booktitle = {Advances in Neural Information Processing Systems},
 editor = {H. Wallach and H. Larochelle and A. Beygelzimer and F. d\textquotesingle Alch\'{e}-Buc and E. Fox and R. Garnett},
 pages = {},
 publisher = {Curran Associates, Inc.},
 title = {Unlocking Fairness: a Trade-off Revisited},
 url = {https://proceedings.neurips.cc/paper_files/paper/2019/file/373e4c5d8edfa8b74fd4b6791d0cf6dc-Paper.pdf},
 volume = {32},
 year = {2019}
}

@inproceedings{DBLP:conf/www/HuC18,
  author       = {Lily Hu and
                  Yiling Chen},
  title        = {A Short-term Intervention for Long-term Fairness in the Labor Market},
booktitle = {Proceedings of the 2018 World Wide Web Conference},
  pages        = {1389--1398},
  publisher    = {{ACM}},
url = {https://doi.org/10.1145/3178876.3186044},
doi = {10.1145/3178876.3186044},
  year         = {2018}
}

@inproceedings{DBLP:journals/corr/abs-2011-03173,
 author = {Maity, Subha and Mukherjee, Debarghya and Yurochkin, Mikhail and Sun, Yuekai},
 booktitle = {Advances in Neural Information Processing Systems},
 editor = {M. Ranzato and A. Beygelzimer and Y. Dauphin and P.S. Liang and J. Wortman Vaughan},
 pages = {25773--25784},
 publisher = {Curran Associates, Inc.},
 title = {Does enforcing fairness mitigate biases caused by subpopulation shift?},
 url = {https://proceedings.neurips.cc/paper_files/paper/2021/file/d800149d2f947ad4d64f34668f8b20f6-Paper.pdf},
 volume = {34},
 year = {2021}
}

@article{DBLP:journals/natmi/RodolfaLG21,
  author       = {Kit T. Rodolfa and
                  Hemank Lamba and
                  Rayid Ghani},
  title        = {Empirical observation of negligible fairness-accuracy trade-offs in
                  machine learning for public policy},
  journal      = {Nature Machine Intelligence},
  volume       = {3},
  number       = {10},
  pages        = {896--904},
doi={10.1038/s42256-021-00396-x},
url={https://www.nature.com/articles/s42256-021-00396-x},
  year         = {2021}
}

@book{PearlCausality2009,
    author = {Pearl, Judea},
    edition = {2nd},
    publisher = {Cambridge University Press},
    title = {Causality: Models, Reasoning, and Inference},
    year = 2009
}

