@article{leininger-tradeoffs-2025,
	title = {Overcoming {F}airness {T}rade-offs via {P}re-processing: {A} {C}ausal {P}erspective},
	url = {https://arxiv.org/abs/2501.14710},
	doi = {10.48550/arXiv.2501.14710},
	publisher = {arXiv},
	author = {Leininger, Charlotte and Rittel, Simon and Bothmann, Ludwig},
	year = {2025},
}

@misc{plecko_trade_2024,
  author       = {Drago Plecko and
                  Elias Bareinboim},
  title        = {Fairness-Accuracy Trade-Offs: {A} Causal Perspective},
  year         = {2024},
  url          = {https://doi.org/10.48550/arXiv.2405.15443},
  doi          = {10.48550/ARXIV.2405.15443},
  timestamp    = {Wed, 19 Jun 2024 08:52:55 +0200},
  biburl       = {https://dblp.org/rec/journals/corr/abs-2405-15443.bib},
  bibsource    = {dblp computer science bibliography, https://dblp.org}
}

@misc{wightman_lasac_1998,
  title={{LSAC National Longitudinal Bar Passage Study. LSAC Research Report Series}.},
  author={Linda F. Wightman},
  year={1998},
  url={https://archive.lawschooltransparency.com/reform/projects/investigations/2015/documents/NLBPS.pdf}
}