
@misc{TheTroubleWithDisparaty,
  author       = {Benn Michaels and Adolph Reed},
  title        = {The Trouble with Disparity},
  howpublished = {\url{https://nonsite.org/the-trouble-with-disparity/}},
  year         = {2020},
  note         = {Nonsite, Issue num. 32},
}

@inproceedings{DBLP:conf/nips/HardtPNS16,
  author       = {Moritz Hardt and
                  Eric Price and
                  Nati Srebro},
  title        = {Equality of Opportunity in Supervised Learning},
  booktitle    = {{NIPS}},
  pages        = {3315--3323},
  year         = {2016}
}

@inproceedings{DBLP:conf/icse/VermaR18,
  author       = {Sahil Verma and
                  Julia Rubin},
  title        = {Fairness definitions explained},
  booktitle    = {FairWare@ICSE},
  pages        = {1--7},
  publisher    = {{ACM}},
  year         = {2018}
}

@inproceedings{DBLP:conf/fat/Binns20,
  author       = {Reuben Binns},
  title        = {On the apparent conflict between individual and group fairness},
  booktitle    = {FAT*},
  pages        = {514--524},
  publisher    = {{ACM}},
  year         = {2020}
}

@inproceedings{DBLP:conf/www/HuC18,
  author       = {Lily Hu and
                  Yiling Chen},
  title        = {A Short-term Intervention for Long-term Fairness in the Labor Market},
booktitle = {Proceedings of the 2018 World Wide Web Conference},
  pages        = {1389--1398},
  publisher    = {{ACM}},
url = {https://doi.org/10.1145/3178876.3186044},
doi = {10.1145/3178876.3186044},
  year         = {2018}
}

@inproceedings{DBLP:conf/fat/DAmourSABSH20,
  author       = {Alexander D'Amour and
                  Hansa Srinivasan and
                  James Atwood and
                  Pallavi Baljekar and
                  D. Sculley and
                  Yoni Halpern},
  title        = {Fairness is not static: deeper understanding of long term fairness
                  via simulation studies},
url = {https://doi.org/10.1145/3351095.3372878},
doi = {10.1145/3351095.3372878},
	series = {{FAT}* '20},
	booktitle = {Proceedings of the 2020 {Conference} on {Fairness}, {Accountability}, and {Transparency}},
  pages        = {525--534},
  publisher    = {{ACM}},
  year         = {2020}
}

@inproceedings{DBLP:conf/fat/SchwobelR22,
  author       = {Pola Schw{\"{o}}bel and
                  Peter Remmers},
	series = {{FAccT} '22},
  title        = {The Long Arc of Fairness: Formalisations and Ethical Discourse},
  pages        = {2179--2188},
url = {https://doi.org/10.1145/3531146.3534635},
doi = {10.1145/3531146.3534635},
booktitle = {Proceedings of the 2022 ACM Conference on Fairness, Accountability, and Transparency},
  publisher    = {{ACM}},
  year         = {2022}
}

@inproceedings{DBLP:conf/nips/WickpT19,
 author = {Wick, Michael and panda, swetasudha and Tristan, Jean-Baptiste},
 booktitle = {Advances in Neural Information Processing Systems},
 editor = {H. Wallach and H. Larochelle and A. Beygelzimer and F. d\textquotesingle Alch\'{e}-Buc and E. Fox and R. Garnett},
 pages = {},
 publisher = {Curran Associates, Inc.},
 title = {Unlocking Fairness: a Trade-off Revisited},
 url = {https://proceedings.neurips.cc/paper_files/paper/2019/file/373e4c5d8edfa8b74fd4b6791d0cf6dc-Paper.pdf},
 volume = {32},
 year = {2019}
}

@article{DBLP:journals/natmi/RodolfaLG21,
  author       = {Kit T. Rodolfa and
                  Hemank Lamba and
                  Rayid Ghani},
  title        = {Empirical observation of negligible fairness-accuracy trade-offs in
                  machine learning for public policy},
  journal      = {Nature Machine Intelligence},
  volume       = {3},
  number       = {10},
  pages        = {896--904},
doi={10.1038/s42256-021-00396-x},
url={https://www.nature.com/articles/s42256-021-00396-x},
  year         = {2021}
}

@inproceedings{DBLP:journals/corr/abs-2011-03173,
 author = {Maity, Subha and Mukherjee, Debarghya and Yurochkin, Mikhail and Sun, Yuekai},
 booktitle = {Advances in Neural Information Processing Systems},
 editor = {M. Ranzato and A. Beygelzimer and Y. Dauphin and P.S. Liang and J. Wortman Vaughan},
 pages = {25773--25784},
 publisher = {Curran Associates, Inc.},
 title = {Does enforcing fairness mitigate biases caused by subpopulation shift?},
 url = {https://proceedings.neurips.cc/paper_files/paper/2021/file/d800149d2f947ad4d64f34668f8b20f6-Paper.pdf},
 volume = {34},
 year = {2021}
}

@inproceedings{Zemel2013LearningFairRepresentations,
  author       = {Richard S. Zemel and
                  Yu Wu and
                  Kevin Swersky and
                  Toniann Pitassi and
                  Cynthia Dwork},
  title        = {Learning Fair Representations},
  booktitle    = {{ICML} {(3)}},
  series       = {{JMLR} Workshop and Conference Proceedings},
  volume       = {28},
  pages        = {325--333},
  publisher    = {JMLR.org},
  year         = {2013}
}

@inproceedings{Kamiran2009_ClassifyingWihtoutDiscriminating,
  title={Classifying without discriminating},
  author={Kamiran, Faisal and Calders, Toon},
  booktitle={2009 2nd international conference on computer, control and communication},
  pages={1--6},
  year={2009},
  organization={IEEE}
}

@article{Alvarez2024Policy,
  title={Policy advice and best practices on bias and fairness in {AI}},
  author={Jose M. Alvarez and Bringas-Colmenarejo, Alejandra and Elobaid, Alaa and Fabbrizzi, Simone and Fahimi, Miriam and Ferrara, Antonio and Ghodsi, Siamak and Mougan, Carlos and Papageorgiou, Ioanna and Reyero, Paula and others},
  journal={Ethics and Information Technology},
  volume={26},
  doi={10.1007/s10676-024-09746-w},
  url={https://link.springer.com/article/10.1007/s10676-024-09746-w},
  number={2},
  pages={31},
  year={2024}
}

@inproceedings{DBLP:conf/aaai/Ruggieri0PST23,
  author       = {Salvatore Ruggieri and
                  Jose M. Alvarez and
                  Andrea Pugnana and
                  Laura State and
                  Franco Turini},
  title        = {Can We Trust Fair-{AI}?},
  booktitle    = {{AAAI}},
  pages        = {15421--15430},
  publisher    = {{AAAI} Press},
  year         = {2023}
}

@article{Romei2014MultiSurveyDiscrimination,
  author    = {Andrea Romei and
               Salvatore Ruggieri},
  title     = {A multidisciplinary survey on discrimination analysis},
  journal   = {The Knowledge Engineering Review},
doi={10.1017/S0269888913000039},
url={ https://www.cambridge.org/core/product/D69E925AC96CDEC643C18A07F2A326D7},
  volume    = {29},
  number    = {5},
  pages     = {582--638},
  year      = {2014}
}

@article{Mittelstadt2024UnfairML,
  title={The Unfairness of Fair Machine Learning: Leveling Down and Strict Egalitarianism by Default},
  author={Mittelstadt, Brent and Wachter, Sandra and Russell, Chris},
  journal={Michigan Technology Law Review},
  volume={30},
  number={1},
  pages={3},
  year={2024},
url={https://ssrn.com/abstract=4331652},
}

@inproceedings{DBLP:conf/icml/Wagstaff12,
  author    = {Kiri Wagstaff},
  title     = {Machine Learning that Matters},
  booktitle = {{ICML}},
  publisher = {icml.cc / Omnipress},
  year      = {2012}
}

@inproceedings{Russo2024BridgingResearchAndPractice,
  title={Bridging Research and Practice Through Conversation: Reflecting on Our Experience},
  author={Russo, Mayra and Jorgensen, Mackenzie and Scott, Kristen M and Xu, Wendy and Nguyen, Di H and Finocchiaro, Jessie and Olckers, Matthew},
  pages={1--11},
url = {https://doi.org/10.1145/3689904.3694705},
doi = {10.1145/3689904.3694705},
booktitle = {Proceedings of the 4th ACM Conference on Equity and Access in Algorithms, Mechanisms, and Optimization},
articleno = {7},
numpages = {11},
  year={2024}
}


@book{PearlCausality2009,
    author = {Pearl, Judea},
    edition = {2nd},
    publisher = {Cambridge University Press},
    title = {Causality: Models, Reasoning, and Inference},
    year = 2009
}
