@inproceedings{NEURIPS2022_67d57c32,
 author = {Dao, Tri and Fu, Dan and Ermon, Stefano and Rudra, Atri and R\'{e}, Christopher},
 booktitle = {Advances in Neural Information Processing Systems},
 editor = {S. Koyejo and S. Mohamed and A. Agarwal and D. Belgrave and K. Cho and A. Oh},
 pages = {16344--16359},
 publisher = {Curran Associates, Inc.},
 title = {FlashAttention: Fast and Memory-Efficient Exact Attention with IO-Awareness},
 url = {https://proceedings.neurips.cc/paper_files/paper/2022/file/67d57c32e20fd0a7a302cb81d36e40d5-Paper-Conference.pdf},
 volume = {35},
 year = {2022}
}

@inproceedings{NEURIPS2022_b9603de9,
 author = {Li, Muyang and Lin, Ji and Meng, Chenlin and Ermon, Stefano and Han, Song and Zhu, Jun-Yan},
 booktitle = {Advances in Neural Information Processing Systems},
 editor = {S. Koyejo and S. Mohamed and A. Agarwal and D. Belgrave and K. Cho and A. Oh},
 pages = {28858--28873},
 publisher = {Curran Associates, Inc.},
 title = {Efficient Spatially Sparse Inference for Conditional GANs and Diffusion Models},
 url = {https://proceedings.neurips.cc/paper_files/paper/2022/file/b9603de9e49d0838e53b6c9cf9d06556-Paper-Conference.pdf},
 volume = {35},
 year = {2022}
}

@article{Peebles2022DiT,
  title={Scalable Diffusion Models with Transformers},
  author={William Peebles and Saining Xie},
  year={2022},
  journal={arXiv preprint arXiv:2212.09748},
}

@article{Selvaraju2024FORAFC,
  title={FORA: Fast-Forward Caching in Diffusion Transformer Acceleration},
  author={Pratheba Selvaraju and Tianyu Ding and Tianyi Chen and Ilya Zharkov and Luming Liang},
  journal={ArXiv},
  year={2024},
  volume={abs/2407.01425},
  url={https://api.semanticscholar.org/CorpusID:270870209}
}

@misc{fang2023structuralpruningdiffusionmodels,
      title={Structural Pruning for Diffusion Models}, 
      author={Gongfan Fang and Xinyin Ma and Xinchao Wang},
      year={2023},
      eprint={2305.10924},
      archivePrefix={arXiv},
      primaryClass={cs.LG},
      url={https://arxiv.org/abs/2305.10924}, 
}

@misc{li2023qdiffusionquantizingdiffusionmodels,
      title={Q-Diffusion: Quantizing Diffusion Models}, 
      author={Xiuyu Li and Yijiang Liu and Long Lian and Huanrui Yang and Zhen Dong and Daniel Kang and Shanghang Zhang and Kurt Keutzer},
      year={2023},
      eprint={2302.04304},
      archivePrefix={arXiv},
      primaryClass={cs.CV},
      url={https://arxiv.org/abs/2302.04304}, 
}

@misc{li2024distrifusiondistributedparallelinference,
      title={DistriFusion: Distributed Parallel Inference for High-Resolution Diffusion Models}, 
      author={Muyang Li and Tianle Cai and Jiaxin Cao and Qinsheng Zhang and Han Cai and Junjie Bai and Yangqing Jia and Ming-Yu Liu and Kai Li and Song Han},
      year={2024},
      eprint={2402.19481},
      archivePrefix={arXiv},
      primaryClass={cs.CV},
      url={https://arxiv.org/abs/2402.19481}, 
}

@article{lipman2022flow,
  title={Flow matching for generative modeling},
  author={Lipman, Yaron and Chen, Ricky TQ and Ben-Hamu, Heli and Nickel, Maximilian and Le, Matt},
  journal={arXiv preprint arXiv:2210.02747},
  year={2022}
}

@misc{liu2022flowstraightfastlearning,
      title={Flow Straight and Fast: Learning to Generate and Transfer Data with Rectified Flow}, 
      author={Xingchao Liu and Chengyue Gong and Qiang Liu},
      year={2022},
      eprint={2209.03003},
      archivePrefix={arXiv},
      primaryClass={cs.LG},
      url={https://arxiv.org/abs/2209.03003}, 
}

@article{liu2024faster,
  title={Faster Diffusion via Temporal Attention Decomposition},
  author={Liu, Haozhe and Zhang, Wentian and Xie, Jinheng and Faccio, Francesco and Xu, Mengmeng and Xiang, Tao and Shou, Mike Zheng and Perez-Rua, Juan-Manuel and Schmidhuber, J{\"u}rgen},
  journal={arXiv preprint arXiv:2404.02747v2},
  year={2024}
}

@misc{liu2024instaflowstephighqualitydiffusionbased,
      title={InstaFlow: One Step is Enough for High-Quality Diffusion-Based Text-to-Image Generation}, 
      author={Xingchao Liu and Xiwen Zhang and Jianzhu Ma and Jian Peng and Qiang Liu},
      year={2024},
      eprint={2309.06380},
      archivePrefix={arXiv},
      primaryClass={cs.LG},
      url={https://arxiv.org/abs/2309.06380}, 
}

@article{lu2022dpm,
  title={DPM-Solver: A Fast ODE Solver for Diffusion Probabilistic Model Sampling in Around 10 Steps},
  author={Lu, Cheng and Zhou, Yuhao and Bao, Fan and Chen, Jianfei and Li, Chongxuan and Zhu, Jun},
  journal={arXiv preprint arXiv:2206.00927},
  year={2022}
}

@inproceedings{ma2023deepcache,
  title={DeepCache: Accelerating Diffusion Models for Free},
  author={Ma, Xinyin and Fang, Gongfan and Wang, Xinchao},
  booktitle={The IEEE/CVF Conference on Computer Vision and Pattern Recognition},
  year={2024}
}

@misc{milakov2018onlinenormalizercalculationsoftmax,
      title={Online normalizer calculation for softmax}, 
      author={Maxim Milakov and Natalia Gimelshein},
      year={2018},
      eprint={1805.02867},
      archivePrefix={arXiv},
      primaryClass={cs.PF},
      url={https://arxiv.org/abs/1805.02867}, 
}

@misc{ronneberger2015unetconvolutionalnetworksbiomedical,
      title={U-Net: Convolutional Networks for Biomedical Image Segmentation}, 
      author={Olaf Ronneberger and Philipp Fischer and Thomas Brox},
      year={2015},
      eprint={1505.04597},
      archivePrefix={arXiv},
      primaryClass={cs.CV},
      url={https://arxiv.org/abs/1505.04597}, 
}

@misc{shih2023paradigms,
    title = {Parallel Sampling of Diffusion Models},
    author={Shih, Andy and Belkhale, Suneel and Ermon, Stefano and Sadigh, Dorsa and Anari, Nima},
    publisher = {arXiv},
    year = {2023},
}

@article{song2023consistency,
  title={Consistency Models},
  author={Song, Yang and Dhariwal, Prafulla and Chen, Mark and Sutskever, Ilya},
  journal={arXiv preprint arXiv:2303.01469},
  year={2023},
}

@misc{song2023improvedtechniquestrainingconsistency,
      title={Improved Techniques for Training Consistency Models}, 
      author={Yang Song and Prafulla Dhariwal},
      year={2023},
      eprint={2310.14189},
      archivePrefix={arXiv},
      primaryClass={cs.LG},
      url={https://arxiv.org/abs/2310.14189}, 
}

@article{tgate,
  title={Cross-Attention Makes Inference Cumbersome in Text-to-Image Diffusion Models},
  author={Zhang, Wentian and Liu, Haozhe and Xie, Jinheng and Faccio, Francesco and Shou, Mike Zheng and Schmidhuber, J{\"u}rgen},
  journal={arXiv preprint arXiv:2404.02747v1},
  year={2024}
}

@misc{tong2024improvinggeneralizingflowbasedgenerative,
      title={Improving and generalizing flow-based generative models with minibatch optimal transport}, 
      author={Alexander Tong and Kilian Fatras and Nikolay Malkin and Guillaume Huguet and Yanlei Zhang and Jarrid Rector-Brooks and Guy Wolf and Yoshua Bengio},
      year={2024},
      eprint={2302.00482},
      archivePrefix={arXiv},
      primaryClass={cs.LG},
      url={https://arxiv.org/abs/2302.00482}, 
}

@misc{wang2024pipefusiondisplacedpatchpipeline,
      title={PipeFusion: Displaced Patch Pipeline Parallelism for Inference of Diffusion Transformer Models}, 
      author={Jiannan Wang and Jiarui Fang and Aoyu Li and PengCheng Yang},
      year={2024},
      eprint={2405.14430},
      archivePrefix={arXiv},
      primaryClass={cs.CV},
      url={https://arxiv.org/abs/2405.14430}, 
}

@misc{wang2024sparsedmsparseefficientdiffusion,
      title={SparseDM: Toward Sparse Efficient Diffusion Models}, 
      author={Kafeng Wang and Jianfei Chen and He Li and Zhenpeng Mi and Jun Zhu},
      year={2024},
      eprint={2404.10445},
      archivePrefix={arXiv},
      primaryClass={cs.LG},
      url={https://arxiv.org/abs/2404.10445}, 
}

@article{wimbauer2023cache,
  title={Cache Me if You Can: Accelerating Diffusion Models through Block Caching},
  author={Wimbauer, Felix and Wu, Bichen and Schoenfeld, Edgar and Dai, Xiaoliang and Hou, Ji and He, Zijian and Sanakoyeu, Artsiom and Zhang, Peizhao and Tsai, Sam and Kohler, Jonas and others},
  journal={arXiv preprint arXiv:2312.03209},
  year={2023}
}

@inproceedings{yin2024one,
  title={One-step diffusion with distribution matching distillation},
  author={Yin, Tianwei and Gharbi, Micha{\"e}l and Zhang, Richard and Shechtman, Eli and Durand, Fredo and Freeman, William T and Park, Taesung},
  booktitle={Proceedings of the IEEE/CVF Conference on Computer Vision and Pattern Recognition},
  pages={6613--6623},
  year={2024}
}

@misc{zhao2024viditqefficientaccuratequantization,
      title={ViDiT-Q: Efficient and Accurate Quantization of Diffusion Transformers for Image and Video Generation}, 
      author={Tianchen Zhao and Tongcheng Fang and Enshu Liu and Rui Wan and Widyadewi Soedarmadji and Shiyao Li and Zinan Lin and Guohao Dai and Shengen Yan and Huazhong Yang and Xuefei Ning and Yu Wang},
      year={2024},
      eprint={2406.02540},
      archivePrefix={arXiv},
      primaryClass={cs.CV},
      url={https://arxiv.org/abs/2406.02540}, 
}

@misc{zheng2023dpmsolverv3improveddiffusionode,
      title={DPM-Solver-v3: Improved Diffusion ODE Solver with Empirical Model Statistics}, 
      author={Kaiwen Zheng and Cheng Lu and Jianfei Chen and Jun Zhu},
      year={2023},
      eprint={2310.13268},
      archivePrefix={arXiv},
      primaryClass={cs.CV},
      url={https://arxiv.org/abs/2310.13268}, 
}

@misc{zou2024acceleratingdiffusiontransformerstokenwise,
      title={Accelerating Diffusion Transformers with Token-wise Feature Caching}, 
      author={Chang Zou and Xuyang Liu and Ting Liu and Siteng Huang and Linfeng Zhang},
      year={2024},
      eprint={2410.05317},
      archivePrefix={arXiv},
      primaryClass={cs.LG},
      url={https://arxiv.org/abs/2410.05317}, 
}

