@misc{esser2024scalingrectifiedflowtransformers,
      title={Scaling Rectified Flow Transformers for High-Resolution Image Synthesis}, 
      author={Patrick Esser and Sumith Kulal and Andreas Blattmann and Rahim Entezari and Jonas Müller and Harry Saini and Yam Levi and Dominik Lorenz and Axel Sauer and Frederic Boesel and Dustin Podell and Tim Dockhorn and Zion English and Kyle Lacey and Alex Goodwin and Yannik Marek and Robin Rombach},
      year={2024},
      eprint={2403.03206},
      archivePrefix={arXiv},
      primaryClass={cs.CV},
      url={https://arxiv.org/abs/2403.03206}, 
}

@misc{ho2020denoisingdiffusionprobabilisticmodels,
      title={Denoising Diffusion Probabilistic Models}, 
      author={Jonathan Ho and Ajay Jain and Pieter Abbeel},
      year={2020},
      eprint={2006.11239},
      archivePrefix={arXiv},
      primaryClass={cs.LG},
      url={https://arxiv.org/abs/2006.11239}, 
}

@inproceedings{ma2023deepcache,
  title={DeepCache: Accelerating Diffusion Models for Free},
  author={Ma, Xinyin and Fang, Gongfan and Wang, Xinchao},
  booktitle={The IEEE/CVF Conference on Computer Vision and Pattern Recognition},
  year={2024}
}

@misc{chen2023pixartalpha,
      title={PixArt-$\alpha$: Fast Training of Diffusion Transformer for Photorealistic Text-to-Image Synthesis}, 
      author={Junsong Chen and Jincheng Yu and Chongjian Ge and Lewei Yao and Enze Xie and Yue Wu and Zhongdao Wang and James Kwok and Ping Luo and Huchuan Lu and Zhenguo Li},
      year={2023},
      eprint={2310.00426},
      archivePrefix={arXiv},
      primaryClass={cs.CV}
}
@misc{chen2024pixartdelta,
      title={PIXART-{\delta}: Fast and Controllable Image Generation with Latent Consistency Models}, 
      author={Junsong Chen and Yue Wu and Simian Luo and Enze Xie and Sayak Paul and Ping Luo and Hang Zhao and Zhenguo Li},
      year={2024},
      eprint={2401.05252},
      archivePrefix={arXiv},
      primaryClass={cs.CV}
}

@misc{yu2022scalingautoregressivemodelscontentrich,
      title={Scaling Autoregressive Models for Content-Rich Text-to-Image Generation}, 
      author={Jiahui Yu and Yuanzhong Xu and Jing Yu Koh and Thang Luong and Gunjan Baid and Zirui Wang and Vijay Vasudevan and Alexander Ku and Yinfei Yang and Burcu Karagol Ayan and Ben Hutchinson and Wei Han and Zarana Parekh and Xin Li and Han Zhang and Jason Baldridge and Yonghui Wu},
      year={2022},
      eprint={2206.10789},
      archivePrefix={arXiv},
      primaryClass={cs.CV},
      url={https://arxiv.org/abs/2206.10789}, 
}

@misc{lin2015microsoftcococommonobjects,
      title={Microsoft COCO: Common Objects in Context}, 
      author={Tsung-Yi Lin and Michael Maire and Serge Belongie and Lubomir Bourdev and Ross Girshick and James Hays and Pietro Perona and Deva Ramanan and C. Lawrence Zitnick and Piotr Dollár},
      year={2015},
      eprint={1405.0312},
      archivePrefix={arXiv},
      primaryClass={cs.CV},
      url={https://arxiv.org/abs/1405.0312}, 
}

@inproceedings{MacQueen1967SomeMF,
  title={Some methods for classification and analysis of multivariate observations},
  author={J. MacQueen},
  year={1967},
  url={https://api.semanticscholar.org/CorpusID:6278891}
}

@misc{song2021scorebasedgenerativemodelingstochastic,
      title={Score-Based Generative Modeling through Stochastic Differential Equations}, 
      author={Yang Song and Jascha Sohl-Dickstein and Diederik P. Kingma and Abhishek Kumar and Stefano Ermon and Ben Poole},
      year={2021},
      eprint={2011.13456},
      archivePrefix={arXiv},
      primaryClass={cs.LG},
      url={https://arxiv.org/abs/2011.13456}, 
}

@misc{wang2024pipefusiondisplacedpatchpipeline,
      title={PipeFusion: Displaced Patch Pipeline Parallelism for Inference of Diffusion Transformer Models}, 
      author={Jiannan Wang and Jiarui Fang and Aoyu Li and PengCheng Yang},
      year={2024},
      eprint={2405.14430},
      archivePrefix={arXiv},
      primaryClass={cs.CV},
      url={https://arxiv.org/abs/2405.14430}, 
}

@misc{li2024distrifusiondistributedparallelinference,
      title={DistriFusion: Distributed Parallel Inference for High-Resolution Diffusion Models}, 
      author={Muyang Li and Tianle Cai and Jiaxin Cao and Qinsheng Zhang and Han Cai and Junjie Bai and Yangqing Jia and Ming-Yu Liu and Kai Li and Song Han},
      year={2024},
      eprint={2402.19481},
      archivePrefix={arXiv},
      primaryClass={cs.CV},
      url={https://arxiv.org/abs/2402.19481}, 
}

@article{song2023consistency,
  title={Consistency Models},
  author={Song, Yang and Dhariwal, Prafulla and Chen, Mark and Sutskever, Ilya},
  journal={arXiv preprint arXiv:2303.01469},
  year={2023},
}

@article{lu2022dpm,
  title={DPM-Solver: A Fast ODE Solver for Diffusion Probabilistic Model Sampling in Around 10 Steps},
  author={Lu, Cheng and Zhou, Yuhao and Bao, Fan and Chen, Jianfei and Li, Chongxuan and Zhu, Jun},
  journal={arXiv preprint arXiv:2206.00927},
  year={2022}
}

@article{wimbauer2023cache,
  title={Cache Me if You Can: Accelerating Diffusion Models through Block Caching},
  author={Wimbauer, Felix and Wu, Bichen and Schoenfeld, Edgar and Dai, Xiaoliang and Hou, Ji and He, Zijian and Sanakoyeu, Artsiom and Zhang, Peizhao and Tsai, Sam and Kohler, Jonas and others},
  journal={arXiv preprint arXiv:2312.03209},
  year={2023}
}

@inproceedings{ma2023deepcache,
  title={DeepCache: Accelerating Diffusion Models for Free},
  author={Ma, Xinyin and Fang, Gongfan and Wang, Xinchao},
  booktitle={The IEEE/CVF Conference on Computer Vision and Pattern Recognition},
  year={2024}
}

@article{tgate,
  title={Cross-Attention Makes Inference Cumbersome in Text-to-Image Diffusion Models},
  author={Zhang, Wentian and Liu, Haozhe and Xie, Jinheng and Faccio, Francesco and Shou, Mike Zheng and Schmidhuber, J{\"u}rgen},
  journal={arXiv preprint arXiv:2404.02747v1},
  year={2024}
}

@article{liu2024faster,
  title={Faster Diffusion via Temporal Attention Decomposition},
  author={Liu, Haozhe and Zhang, Wentian and Xie, Jinheng and Faccio, Francesco and Xu, Mengmeng and Xiang, Tao and Shou, Mike Zheng and Perez-Rua, Juan-Manuel and Schmidhuber, J{\"u}rgen},
  journal={arXiv preprint arXiv:2404.02747v2},
  year={2024}
}

@article{Selvaraju2024FORAFC,
  title={FORA: Fast-Forward Caching in Diffusion Transformer Acceleration},
  author={Pratheba Selvaraju and Tianyu Ding and Tianyi Chen and Ilya Zharkov and Luming Liang},
  journal={ArXiv},
  year={2024},
  volume={abs/2407.01425},
  url={https://api.semanticscholar.org/CorpusID:270870209}
}

@article{Peebles2022DiT,
  title={Scalable Diffusion Models with Transformers},
  author={William Peebles and Saining Xie},
  year={2022},
  journal={arXiv preprint arXiv:2212.09748},
}

@misc{wang2024pfdifftrainingfreeaccelerationdiffusion,
      title={PFDiff: Training-free Acceleration of Diffusion Models through the Gradient Guidance of Past and Future}, 
      author={Guangyi Wang and Yuren Cai and Lijiang Li and Wei Peng and Songzhi Su},
      year={2024},
      eprint={2408.08822},
      archivePrefix={arXiv},
      primaryClass={cs.CV},
      url={https://arxiv.org/abs/2408.08822}, 
}

@article{Auer2002FinitetimeAO,
  title={Finite-time Analysis of the Multiarmed Bandit Problem},
  author={Peter Auer and Nicol{\`o} Cesa-Bianchi and Paul Fischer},
  journal={Machine Learning},
  year={2002},
  volume={47},
  pages={235-256},
  url={https://api.semanticscholar.org/CorpusID:207609497}
}

@article{Sutton1998ReinforcementLA,
  title={Reinforcement Learning: An Introduction},
  author={Richard S. Sutton and Andrew G. Barto},
  journal={IEEE Trans. Neural Networks},
  year={1998},
  volume={9},
  pages={1054-1054},
  url={https://api.semanticscholar.org/CorpusID:60035920}
}

@inproceedings{Dean2012LargeSD,
  title={Large Scale Distributed Deep Networks},
  author={Jeffrey Dean and Gregory S. Corrado and Rajat Monga and Kai Chen and Matthieu Devin and Quoc V. Le and Mark Z. Mao and Marc'Aurelio Ranzato and Andrew W. Senior and Paul A. Tucker and Ke Yang and A. Ng},
  booktitle={Neural Information Processing Systems},
  year={2012},
  url={https://api.semanticscholar.org/CorpusID:372467}
}

@article{Zhang2015StalenessAwareAF,
  title={Staleness-Aware Async-SGD for Distributed Deep Learning},
  author={Wei Zhang and Suyog Gupta and Xiangru Lian and Ji Liu},
  journal={ArXiv},
  year={2015},
  volume={abs/1511.05950},
  url={https://api.semanticscholar.org/CorpusID:993719}
}

@inproceedings{Bottou2010LargeScaleML,
  title={Large-Scale Machine Learning with Stochastic Gradient Descent},
  author={L{\'e}on Bottou},
  booktitle={International Conference on Computational Statistics},
  year={2010},
  url={https://api.semanticscholar.org/CorpusID:115963355}
}

@article{Zheng2016AsynchronousSG,
  title={Asynchronous Stochastic Gradient Descent with Delay Compensation},
  author={Shuxin Zheng and Qi Meng and Taifeng Wang and Wei Chen and Nenghai Yu and Zhiming Ma and Tie-Yan Liu},
  journal={ArXiv},
  year={2016},
  volume={abs/1609.08326},
  url={https://api.semanticscholar.org/CorpusID:3713670}
}

@article{Ho2022ClassifierFreeDG,
  title={Classifier-Free Diffusion Guidance},
  author={Jonathan Ho},
  journal={ArXiv},
  year={2022},
  volume={abs/2207.12598},
  url={https://api.semanticscholar.org/CorpusID:249145348}
}

@inproceedings{Radford2021LearningTV,
  title={Learning Transferable Visual Models From Natural Language Supervision},
  author={Alec Radford and Jong Wook Kim and Chris Hallacy and Aditya Ramesh and Gabriel Goh and Sandhini Agarwal and Girish Sastry and Amanda Askell and Pamela Mishkin and Jack Clark and Gretchen Krueger and Ilya Sutskever},
  booktitle={International Conference on Machine Learning},
  year={2021},
  url={https://api.semanticscholar.org/CorpusID:231591445}
}

@article{Shi1997NormalizedCA,
  title={Normalized cuts and image segmentation},
  author={Jianbo Shi and Jitendra Malik},
  journal={Proceedings of IEEE Computer Society Conference on Computer Vision and Pattern Recognition},
  year={1997},
  pages={731-737},
  url={https://api.semanticscholar.org/CorpusID:14848918}
}

@inproceedings{bianchi2020mincutpool,
    title={Spectral Clustering with Graph Neural Networks for Graph Pooling},
    author={Bianchi, Filippo Maria and Grattarola, Daniele and Alippi, Cesare},
    booktitle={Proceedings of the 37th international conference on Machine learning},
    pages={2729-2738},
    year={2020},
    organization={ACM}
}

@misc{hessel2022clipscorereferencefreeevaluationmetric,
      title={CLIPScore: A Reference-free Evaluation Metric for Image Captioning}, 
      author={Jack Hessel and Ari Holtzman and Maxwell Forbes and Ronan Le Bras and Yejin Choi},
      year={2022},
      eprint={2104.08718},
      archivePrefix={arXiv},
      primaryClass={cs.CV},
      url={https://arxiv.org/abs/2104.08718}, 
}

@inproceedings{NEURIPS2021_49ad23d1,
 author = {Dhariwal, Prafulla and Nichol, Alexander},
 booktitle = {Advances in Neural Information Processing Systems},
 editor = {M. Ranzato and A. Beygelzimer and Y. Dauphin and P.S. Liang and J. Wortman Vaughan},
 pages = {8780--8794},
 publisher = {Curran Associates, Inc.},
 title = {Diffusion Models Beat GANs on Image Synthesis},
 url = {https://proceedings.neurips.cc/paper_files/paper/2021/file/49ad23d1ec9fa4bd8d77d02681df5cfa-Paper.pdf},
 volume = {34},
 year = {2021}
}

@inproceedings{NEURIPS2019_3001ef25,
 author = {Song, Yang and Ermon, Stefano},
 booktitle = {Advances in Neural Information Processing Systems},
 editor = {H. Wallach and H. Larochelle and A. Beygelzimer and F. d\textquotesingle Alch\'{e}-Buc and E. Fox and R. Garnett},
 pages = {},
 publisher = {Curran Associates, Inc.},
 title = {Generative Modeling by Estimating Gradients of the Data Distribution},
 url = {https://proceedings.neurips.cc/paper_files/paper/2019/file/3001ef257407d5a371a96dcd947c7d93-Paper.pdf},
 volume = {32},
 year = {2019}
}

@inproceedings{Karras2022edm,
  author    = {Tero Karras and Miika Aittala and Timo Aila and Samuli Laine},
  title     = {Elucidating the Design Space of Diffusion-Based Generative Models},
  booktitle = {Proc. NeurIPS},
  year      = {2022}
}

@article{wang2024atedm,
  author    = {Wang, Hongjie and Liu, Difan and Kang, Yan and Li, Yijun and Lin, Zhe and Jha, Niraj K. and Liu, Yuchen},
  title     = {Attention-Driven Training-Free Efficiency Enhancement of Diffusion Models},
  journal   = {arXiv preprint arXiv:2405.05252},
  year      = {2024},
}

@misc{ma2024learningtocache,
      title={Learning-to-Cache: Accelerating Diffusion Transformer via Layer Caching}, 
      author={Xinyin Ma and Gongfan Fang and Michael Bi Mi and Xinchao Wang},
      year={2024},
      eprint={2406.01733},
      archivePrefix={arXiv},
      primaryClass={cs.LG}
}

@misc{shih2023paradigms,
    title = {Parallel Sampling of Diffusion Models},
    author={Shih, Andy and Belkhale, Suneel and Ermon, Stefano and Sadigh, Dorsa and Anari, Nima},
    publisher = {arXiv},
    year = {2023},
}

@misc{song2023improvedtechniquestrainingconsistency,
      title={Improved Techniques for Training Consistency Models}, 
      author={Yang Song and Prafulla Dhariwal},
      year={2023},
      eprint={2310.14189},
      archivePrefix={arXiv},
      primaryClass={cs.LG},
      url={https://arxiv.org/abs/2310.14189}, 
}

@misc{ronneberger2015unetconvolutionalnetworksbiomedical,
      title={U-Net: Convolutional Networks for Biomedical Image Segmentation}, 
      author={Olaf Ronneberger and Philipp Fischer and Thomas Brox},
      year={2015},
      eprint={1505.04597},
      archivePrefix={arXiv},
      primaryClass={cs.CV},
      url={https://arxiv.org/abs/1505.04597}, 
}

@inproceedings{NEURIPS2022_b9603de9,
 author = {Li, Muyang and Lin, Ji and Meng, Chenlin and Ermon, Stefano and Han, Song and Zhu, Jun-Yan},
 booktitle = {Advances in Neural Information Processing Systems},
 editor = {S. Koyejo and S. Mohamed and A. Agarwal and D. Belgrave and K. Cho and A. Oh},
 pages = {28858--28873},
 publisher = {Curran Associates, Inc.},
 title = {Efficient Spatially Sparse Inference for Conditional GANs and Diffusion Models},
 url = {https://proceedings.neurips.cc/paper_files/paper/2022/file/b9603de9e49d0838e53b6c9cf9d06556-Paper-Conference.pdf},
 volume = {35},
 year = {2022}
}

@misc{wang2024sparsedmsparseefficientdiffusion,
      title={SparseDM: Toward Sparse Efficient Diffusion Models}, 
      author={Kafeng Wang and Jianfei Chen and He Li and Zhenpeng Mi and Jun Zhu},
      year={2024},
      eprint={2404.10445},
      archivePrefix={arXiv},
      primaryClass={cs.LG},
      url={https://arxiv.org/abs/2404.10445}, 
}

@misc{lu2024simplifyingstabilizingscalingcontinuoustime,
      title={Simplifying, Stabilizing and Scaling Continuous-Time Consistency Models}, 
      author={Cheng Lu and Yang Song},
      year={2024},
      eprint={2410.11081},
      archivePrefix={arXiv},
      primaryClass={cs.LG},
      url={https://arxiv.org/abs/2410.11081}, 
}

@misc{liu2024instaflowstephighqualitydiffusionbased,
      title={InstaFlow: One Step is Enough for High-Quality Diffusion-Based Text-to-Image Generation}, 
      author={Xingchao Liu and Xiwen Zhang and Jianzhu Ma and Jian Peng and Qiang Liu},
      year={2024},
      eprint={2309.06380},
      archivePrefix={arXiv},
      primaryClass={cs.LG},
      url={https://arxiv.org/abs/2309.06380}, 
}

@misc{liu2022flowstraightfastlearning,
      title={Flow Straight and Fast: Learning to Generate and Transfer Data with Rectified Flow}, 
      author={Xingchao Liu and Chengyue Gong and Qiang Liu},
      year={2022},
      eprint={2209.03003},
      archivePrefix={arXiv},
      primaryClass={cs.LG},
      url={https://arxiv.org/abs/2209.03003}, 
}

@article{lipman2022flow,
  title={Flow matching for generative modeling},
  author={Lipman, Yaron and Chen, Ricky TQ and Ben-Hamu, Heli and Nickel, Maximilian and Le, Matt},
  journal={arXiv preprint arXiv:2210.02747},
  year={2022}
}

@misc{tong2024improvinggeneralizingflowbasedgenerative,
      title={Improving and generalizing flow-based generative models with minibatch optimal transport}, 
      author={Alexander Tong and Kilian Fatras and Nikolay Malkin and Guillaume Huguet and Yanlei Zhang and Jarrid Rector-Brooks and Guy Wolf and Yoshua Bengio},
      year={2024},
      eprint={2302.00482},
      archivePrefix={arXiv},
      primaryClass={cs.LG},
      url={https://arxiv.org/abs/2302.00482}, 
}

@inproceedings{yin2024one,
  title={One-step diffusion with distribution matching distillation},
  author={Yin, Tianwei and Gharbi, Micha{\"e}l and Zhang, Richard and Shechtman, Eli and Durand, Fredo and Freeman, William T and Park, Taesung},
  booktitle={Proceedings of the IEEE/CVF Conference on Computer Vision and Pattern Recognition},
  pages={6613--6623},
  year={2024}
}

@misc{zhao2024viditqefficientaccuratequantization,
      title={ViDiT-Q: Efficient and Accurate Quantization of Diffusion Transformers for Image and Video Generation}, 
      author={Tianchen Zhao and Tongcheng Fang and Enshu Liu and Rui Wan and Widyadewi Soedarmadji and Shiyao Li and Zinan Lin and Guohao Dai and Shengen Yan and Huazhong Yang and Xuefei Ning and Yu Wang},
      year={2024},
      eprint={2406.02540},
      archivePrefix={arXiv},
      primaryClass={cs.CV},
      url={https://arxiv.org/abs/2406.02540}, 
}

@misc{fang2023structuralpruningdiffusionmodels,
      title={Structural Pruning for Diffusion Models}, 
      author={Gongfan Fang and Xinyin Ma and Xinchao Wang},
      year={2023},
      eprint={2305.10924},
      archivePrefix={arXiv},
      primaryClass={cs.LG},
      url={https://arxiv.org/abs/2305.10924}, 
}

@misc{li2023qdiffusionquantizingdiffusionmodels,
      title={Q-Diffusion: Quantizing Diffusion Models}, 
      author={Xiuyu Li and Yijiang Liu and Long Lian and Huanrui Yang and Zhen Dong and Daniel Kang and Shanghang Zhang and Kurt Keutzer},
      year={2023},
      eprint={2302.04304},
      archivePrefix={arXiv},
      primaryClass={cs.CV},
      url={https://arxiv.org/abs/2302.04304}, 
}

@article{oasis2024,
  author    = {Decart and Julian Quevedo, Quinn McIntyre, Spruce Campbell, Robert Wachen},
  title     = {Oasis: A Universe in a Transformer},
  year      = {2024},
  url       = {https://oasis-model.github.io/}
}

@misc{liu2024mardinimaskedautoregressivediffusion,
      title={MarDini: Masked Autoregressive Diffusion for Video Generation at Scale}, 
      author={Haozhe Liu and Shikun Liu and Zijian Zhou and Mengmeng Xu and Yanping Xie and Xiao Han and Juan C. Pérez and Ding Liu and Kumara Kahatapitiya and Menglin Jia and Jui-Chieh Wu and Sen He and Tao Xiang and Jürgen Schmidhuber and Juan-Manuel Pérez-Rúa},
      year={2024},
      eprint={2410.20280},
      archivePrefix={arXiv},
      primaryClass={cs.CV},
      url={https://arxiv.org/abs/2410.20280}, 
}

@misc{chen2024diffusionforcingnexttokenprediction,
      title={Diffusion Forcing: Next-token Prediction Meets Full-Sequence Diffusion}, 
      author={Boyuan Chen and Diego Marti Monso and Yilun Du and Max Simchowitz and Russ Tedrake and Vincent Sitzmann},
      year={2024},
      eprint={2407.01392},
      archivePrefix={arXiv},
      primaryClass={cs.LG},
      url={https://arxiv.org/abs/2407.01392}, 
}

@article{videoworldsimulators2024,
  title={Video generation models as world simulators},
  author={Tim Brooks and Bill Peebles and Connor Holmes and Will DePue and Yufei Guo and Li Jing and David Schnurr and Joe Taylor and Troy Luhman and Eric Luhman and Clarence Ng and Ricky Wang and Aditya Ramesh},
  year={2024},
  url={https://openai.com/research/video-generation-models-as-world-simulators},
}

@misc{zheng2023dpmsolverv3improveddiffusionode,
      title={DPM-Solver-v3: Improved Diffusion ODE Solver with Empirical Model Statistics}, 
      author={Kaiwen Zheng and Cheng Lu and Jianfei Chen and Jun Zhu},
      year={2023},
      eprint={2310.13268},
      archivePrefix={arXiv},
      primaryClass={cs.CV},
      url={https://arxiv.org/abs/2310.13268}, 
}

@misc{chen2024pixartsigma,
      title={PixArt-\Sigma: Weak-to-Strong Training of Diffusion Transformer for 4K Text-to-Image Generation},
      author={Junsong Chen and Chongjian Ge and Enze Xie and Yue Wu and Lewei Yao and Xiaozhe Ren and Zhongdao Wang and Ping Luo and Huchuan Lu and Zhenguo Li},
      year={2024},
      eprint={2403.04692},
      archivePrefix={arXiv},
      primaryClass={cs.CV}
}

@misc{zou2024acceleratingdiffusiontransformerstokenwise,
      title={Accelerating Diffusion Transformers with Token-wise Feature Caching}, 
      author={Chang Zou and Xuyang Liu and Ting Liu and Siteng Huang and Linfeng Zhang},
      year={2024},
      eprint={2410.05317},
      archivePrefix={arXiv},
      primaryClass={cs.LG},
      url={https://arxiv.org/abs/2410.05317}, 
}

@misc{milakov2018onlinenormalizercalculationsoftmax,
      title={Online normalizer calculation for softmax}, 
      author={Maxim Milakov and Natalia Gimelshein},
      year={2018},
      eprint={1805.02867},
      archivePrefix={arXiv},
      primaryClass={cs.PF},
      url={https://arxiv.org/abs/1805.02867}, 
}

@inproceedings{NEURIPS2022_67d57c32,
 author = {Dao, Tri and Fu, Dan and Ermon, Stefano and Rudra, Atri and R\'{e}, Christopher},
 booktitle = {Advances in Neural Information Processing Systems},
 editor = {S. Koyejo and S. Mohamed and A. Agarwal and D. Belgrave and K. Cho and A. Oh},
 pages = {16344--16359},
 publisher = {Curran Associates, Inc.},
 title = {FlashAttention: Fast and Memory-Efficient Exact Attention with IO-Awareness},
 url = {https://proceedings.neurips.cc/paper_files/paper/2022/file/67d57c32e20fd0a7a302cb81d36e40d5-Paper-Conference.pdf},
 volume = {35},
 year = {2022}
}


@INPROCEEDINGS{5206848,
  author={Deng, Jia and Dong, Wei and Socher, Richard and Li, Li-Jia and Kai Li and Li Fei-Fei},
  booktitle={2009 IEEE Conference on Computer Vision and Pattern Recognition}, 
  title={ImageNet: A large-scale hierarchical image database}, 
  year={2009},
  volume={},
  number={},
  pages={248-255},
  keywords={Large-scale systems;Image databases;Explosions;Internet;Robustness;Information retrieval;Image retrieval;Multimedia databases;Ontologies;Spine},
  doi={10.1109/CVPR.2009.5206848}}

