@article{ding2020automatic,
  title={Automatic detection of dispersed defects in resin eyeglass based on machine vision technology},
  author={Ding, Wei and Wang, Qingguo and Zhu, Jianfeng},
  journal={IEEE Access},
  volume={8},
  pages={44661--44670},
  year={2020},
  publisher={IEEE}
}

@article{lin2024optical,
  title={An optical lens defect detection method for micro vision based on WGSO-YOLO},
  author={Lin, Qicheng and Takamasu, Kiyoshi and Chen, Meiyun},
  journal={IEEE Transactions on Instrumentation and Measurement},
  year={2024},
  publisher={IEEE}
}

@article{pan2019comprehensive,
  title={Comprehensive defect-detection method for a small-sized curved optical lens},
  author={Pan, Jinda and Yan, Ning and Zhu, Linlin and Zhang, Xiaodong and Fang, Fengzhou},
  journal={Applied optics},
  volume={59},
  number={1},
  pages={234--243},
  year={2019},
  publisher={Optical Society of America}
}

@article{tang2023improved,
  title={Improved STMask R-CNN-based defect detection model for automatic visual inspection of an optics lens},
  author={Tang, Haiyang and Liang, Shan and Yao, Dan and Qiao, Yongjie},
  journal={Applied Optics},
  volume={62},
  number={33},
  pages={8869--8881},
  year={2023},
  publisher={Optica Publishing Group}
}

@article{tao2015novel,
  title={A novel and effective surface flaw inspection instrument for large-aperture optical elements},
  author={Tao, Xian and Zhang, Zhengtao and Zhang, Feng and Xu, De},
  journal={IEEE Transactions on Instrumentation and Measurement},
  volume={64},
  number={9},
  pages={2530--2540},
  year={2015},
  publisher={IEEE}
}

@article{yang2023deep,
  title={Deep learning-based weak micro-defect detection on an optical lens surface with micro vision},
  author={Yang, Wennuo and Chen, Meiyun and Wu, Heng and Lin, Zhengyang and Kong, Deqing and Xie, Shengli and Takamasu, Kiyoshi},
  journal={Optics Express},
  volume={31},
  number={4},
  pages={5593--5608},
  year={2023},
  publisher={Optica Publishing Group}
}

