@incollection{hussain2023child,
  title={Child Emotion Recognition via Custom Lightweight CNN Architecture},
  author={Hussain, Muhammad and Al-Aqrabi, Hussain},
  booktitle={Kids Cybersecurity Using Computational Intelligence Techniques},
  pages={165--174},
  year={2023},
  publisher={Springer}
}
@inproceedings{aydin2023domain,
  title={Domain modelling for a lightweight convolutional network focused on automated exudate detection in retinal fundus images},
  author={Aydin, Burcu Ataer and Hussain, Muhammad and Hill, Richard and Al-Aqrabi, Hussain},
  booktitle={2023 9th International Conference on Information Technology Trends (ITT)},
  pages={145--150},
  year={2023},
  organization={IEEE}
}
@article{Ochmas2023Examining,
title={Examining the Use of Lenses},
author={Nastaran Ochmas},
journal={Journal for Research in Applied Sciences and Biotechnology},
year={2023},
doi={10.55544/jrasb.2.1.40}
}

@article{tang2023improved,
  title={Improved STMask R-CNN-based defect detection model for automatic visual inspection of an optics lens},
  author={Tang, Haiyang and Liang, Shan and Yao, Dan and Qiao, Yongjie},
  journal={Applied Optics},
  volume={62},
  number={33},
  pages={8869--8881},
  year={2023},
  publisher={Optica Publishing Group}
}

@article{pan2019comprehensive,
  title={Comprehensive defect-detection method for a small-sized curved optical lens},
  author={Pan, Jinda and Yan, Ning and Zhu, Linlin and Zhang, Xiaodong and Fang, Fengzhou},
  journal={Applied optics},
  volume={59},
  number={1},
  pages={234--243},
  year={2019},
  publisher={Optical Society of America}
}

@article{ding2020automatic,
  title={Automatic detection of dispersed defects in resin eyeglass based on machine vision technology},
  author={Ding, Wei and Wang, Qingguo and Zhu, Jianfeng},
  journal={IEEE Access},
  volume={8},
  pages={44661--44670},
  year={2020},
  publisher={IEEE}
}

@article{yang2023deep,
  title={Deep learning-based weak micro-defect detection on an optical lens surface with micro vision},
  author={Yang, Wennuo and Chen, Meiyun and Wu, Heng and Lin, Zhengyang and Kong, Deqing and Xie, Shengli and Takamasu, Kiyoshi},
  journal={Optics Express},
  volume={31},
  number={4},
  pages={5593--5608},
  year={2023},
  publisher={Optica Publishing Group}
}

@article{maschmeyer1983precision,
  title={Precision molded-glass optics},
  author={Maschmeyer, Richard O and Andrysick, Chester A and Geyer, Thomas W and Meissner, Helmuth E and Parker, Charles J and Sanford, L Michael},
  journal={Applied optics},
  volume={22},
  number={16},
  pages={2410--2412},
  year={1983},
  publisher={Optica Publishing Group}
}

@article{tao2015novel,
  title={A novel and effective surface flaw inspection instrument for large-aperture optical elements},
  author={Tao, Xian and Zhang, Zhengtao and Zhang, Feng and Xu, De},
  journal={IEEE Transactions on Instrumentation and Measurement},
  volume={64},
  number={9},
  pages={2530--2540},
  year={2015},
  publisher={IEEE}
}
@article{lin2024optical,
  title={An optical lens defect detection method for micro vision based on WGSO-YOLO},
  author={Lin, Qicheng and Takamasu, Kiyoshi and Chen, Meiyun},
  journal={IEEE Transactions on Instrumentation and Measurement},
  year={2024},
  publisher={IEEE}
}