% Use this file for citations not found in the ACL Anthology (contained in "anthology.bib").

@book{Aho:72,
    author  = {Alfred V. Aho and Jeffrey D. Ullman},
    title   = {The Theory of Parsing, Translation and Compiling},
    year    = "1972",
    volume  = "1",
    publisher = {Prentice-Hall},
    address = {Englewood Cliffs, NJ}
}

@book{APA:83,
    author  = {{American Psychological Association}},
    title   = {Publications Manual},
    year    = "1983",
    publisher = {American Psychological Association},
    address = {Washington, DC}
}

@article{Chandra:81,
	author = {Ashok K. Chandra and Dexter C. Kozen and Larry J. Stockmeyer},
	year = "1981",
	title = {Alternation},
	journal = {Journal of the Association for Computing Machinery},
	volume = "28",
	number = "1",
	pages = "114--133",
	doi = "10.1145/322234.322243",
}

@inproceedings{andrew2007scalable,
  title={Scalable training of {L1}-regularized log-linear models},
  author={Andrew, Galen and Gao, Jianfeng},
  booktitle={Proceedings of the 24th International Conference on Machine Learning},
  pages={33--40},
  year={2007},
}

@book{Gusfield:97,
    author  = {Dan Gusfield},
    title   = {Algorithms on Strings, Trees and Sequences},
    year    = "1997",
    publisher = {Cambridge University Press},
    address = {Cambridge, UK}
}

@article{rasooli-tetrault-2015,
    author    = {Mohammad Sadegh Rasooli and Joel R. Tetreault},
    title     = {Yara Parser: {A} Fast and Accurate Dependency Parser},
    journal   = {Computing Research Repository},
    volume    = {arXiv:1503.06733},
    year      = {2015},
    url       = {http://arxiv.org/abs/1503.06733},
    note    = {version 2}
}

@article{Ando2005,
	Acmid = {1194905},
	Author = {Ando, Rie Kubota and Zhang, Tong},
	Issn = {1532-4435},
	Issue_Date = {12/1/2005},
	Journal = {Journal of Machine Learning Research},
	Month = dec,
	Numpages = {37},
	Pages = {1817--1853},
	Publisher = {JMLR.org},
	Title = {A Framework for Learning Predictive Structures from Multiple Tasks and Unlabeled Data},
	Volume = {6},
	Year = {2005}
}

@article{gibbssampling,
  title={Stochastic relaxation, Gibbs distributions, and the Bayesian restoration of images},
  author={Geman, Stuart and Geman, Donald},
  journal={IEEE Transactions on pattern analysis and machine intelligence},
  number={6},
  pages={721--741},
  year={1984},
  publisher={IEEE}
}

@article{collapse,
  title={The curse of recursion: Training on generated data makes models forget},
  author={Shumailov, Ilia and Shumaylov, Zakhar and Zhao, Yiren and Gal, Yarin and Papernot, Nicolas and Anderson, Ross},
  journal={arXiv preprint arXiv:2305.17493},
  year={2023}
}

@article{codealpaca,
  title={Code alpaca: An instruction-following llama model for code generation},
  author={Chaudhary, Sahil},
  journal={GitHub repository},
  year={2023}
}

@inproceedings{selfinstruct,
  title={Self-Instruct: Aligning Language Models with Self-Generated Instructions},
  author={Wang, Yizhong and Kordi, Yeganeh and Mishra, Swaroop and Liu, Alisa and Smith, Noah A and Khashabi, Daniel and Hajishirzi, Hannaneh},
  booktitle={Proceedings of the 61st Annual Meeting of the Association for Computational Linguistics (Volume 1: Long Papers)},
  pages={13484--13508},
  year={2023}
}

@article{wizardcoder,
  title={Wizardcoder: Empowering code large language models with evol-instruct},
  author={Luo, Ziyang and Xu, Can and Zhao, Pu and Sun, Qingfeng and Geng, Xiubo and Hu, Wenxiang and Tao, Chongyang and Ma, Jing and Lin, Qingwei and Jiang, Daxin},
  journal={arXiv preprint arXiv:2306.08568},
  year={2023}
}

@article{magicoder,
  title={Magicoder: Source code is all you need},
  author={Wei, Yuxiang and Wang, Zhe and Liu, Jiawei and Ding, Yifeng and Zhang, Lingming},
  journal={arXiv preprint arXiv:2312.02120},
  year={2023}
}

@inproceedings{wavecoder,
  title={Wavecoder: Widespread and versatile enhancement for code large language models by instruction tuning},
  author={Yu, Zhaojian and Zhang, Xin and Shang, Ning and Huang, Yangyu and Xu, Can and Zhao, Yishujie and Hu, Wenxiang and Yin, Qiufeng},
  booktitle={Proceedings of the 62nd Annual Meeting of the Association for Computational Linguistics (Volume 1: Long Papers)},
  pages={5140--5153},
  year={2024}
}

@article{mathgenie,
  title={Mathgenie: Generating synthetic data with question back-translation for enhancing mathematical reasoning of llms},
  author={Lu, Zimu and Zhou, Aojun and Ren, Houxing and Wang, Ke and Shi, Weikang and Pan, Junting and Zhan, Mingjie and Li, Hongsheng},
  journal={arXiv preprint arXiv:2402.16352},
  year={2024}
}

@article{instruction-backtranslation,
  title={Self-alignment with instruction backtranslation},
  author={Li, Xian and Yu, Ping and Zhou, Chunting and Schick, Timo and Levy, Omer and Zettlemoyer, Luke and Weston, Jason and Lewis, Mike},
  journal={arXiv preprint arXiv:2308.06259},
  year={2023}
}

@article{inversecoder,
  title={InverseCoder: Unleashing the Power of Instruction-Tuned Code LLMs with Inverse-Instruct},
  author={Wu, Yutong and Huang, Di and Shi, Wenxuan and Wang, Wei and Gao, Lingzhe and Liu, Shihao and Nan, Ziyuan and Yuan, Kaizhao and Zhang, Rui and Zhang, Xishan and others},
  journal={arXiv preprint arXiv:2407.05700},
  year={2024}
}

@article{star,
  title={Star: Bootstrapping reasoning with reasoning},
  author={Zelikman, Eric and Wu, Yuhuai and Mu, Jesse and Goodman, Noah},
  journal={Advances in Neural Information Processing Systems},
  volume={35},
  pages={15476--15488},
  year={2022}
}

@article{lmsi,
  title={Large language models can self-improve},
  author={Huang, Jiaxin and Gu, Shixiang Shane and Hou, Le and Wu, Yuexin and Wang, Xuezhi and Yu, Hongkun and Han, Jiawei},
  journal={arXiv preprint arXiv:2210.11610},
  year={2022}
}

@article{rft,
  title={Scaling relationship on learning mathematical reasoning with large language models},
  author={Yuan, Zheng and Yuan, Hongyi and Li, Chengpeng and Dong, Guanting and Lu, Keming and Tan, Chuanqi and Zhou, Chang and Zhou, Jingren},
  journal={arXiv preprint arXiv:2308.01825},
  year={2023}
}

@article{selfcodealign,
  title={Selfcodealign: Self-alignment for code generation},
  author={Wei, Yuxiang and Cassano, Federico and Liu, Jiawei and Ding, Yifeng and Jain, Naman and Mueller, Zachary and de Vries, Harm and Von Werra, Leandro and Guha, Arjun and Zhang, Lingming},
  journal={arXiv preprint arXiv:2410.24198},
  year={2024}
}

@article{rest,
  title={Reinforced self-training (rest) for language modeling},
  author={Gulcehre, Caglar and Paine, Tom Le and Srinivasan, Srivatsan and Konyushkova, Ksenia and Weerts, Lotte and Sharma, Abhishek and Siddhant, Aditya and Ahern, Alex and Wang, Miaosen and Gu, Chenjie and others},
  journal={arXiv preprint arXiv:2308.08998},
  year={2023}
}

@article{restem,
  title={Beyond human data: Scaling self-training for problem-solving with language models},
  author={Singh, Avi and Co-Reyes, John D and Agarwal, Rishabh and Anand, Ankesh and Patil, Piyush and Garcia, Xavier and Liu, Peter J and Harrison, James and Lee, Jaehoon and Xu, Kelvin and others},
  journal={arXiv preprint arXiv:2312.06585},
  year={2023}
}

@article{ding2024mitigating,
  title={Mitigating Tail Narrowing in LLM Self-Improvement via Socratic-Guided Sampling},
  author={Ding, Yiwen and Xi, Zhiheng and He, Wei and Li, Zhuoyuan and Zhai, Yitao and Shi, Xiaowei and Cai, Xunliang and Gui, Tao and Zhang, Qi and Huang, Xuanjing},
  journal={arXiv preprint arXiv:2411.00750},
  year={2024}
}

@article{dohmatob2024tale,
  title={A tale of tails: Model collapse as a change of scaling laws},
  author={Dohmatob, Elvis and Feng, Yunzhen and Yang, Pu and Charton, Francois and Kempe, Julia},
  journal={arXiv preprint arXiv:2402.07043},
  year={2024}
}

@article{perplexity,
  title={A statistical approach to machine translation},
  author={Brown, Peter F and Cocke, John and Della Pietra, Stephen A and Della Pietra, Vincent J and Jelinek, Frederick and Lafferty, John and Mercer, Robert L and Roossin, Paul S},
  journal={Computational linguistics},
  volume={16},
  number={2},
  pages={79--85},
  year={1990}
}

@article{apps+,
  title={Stepcoder: Improve code generation with reinforcement learning from compiler feedback},
  author={Dou, Shihan and Liu, Yan and Jia, Haoxiang and Xiong, Limao and Zhou, Enyu and Shen, Wei and Shan, Junjie and Huang, Caishuang and Wang, Xiao and Fan, Xiaoran and others},
  journal={arXiv preprint arXiv:2402.01391},
  year={2024}
}

@article{apps,
  title={Measuring coding challenge competence with apps},
  author={Hendrycks, Dan and Basart, Steven and Kadavath, Saurav and Mazeika, Mantas and Arora, Akul and Guo, Ethan and Burns, Collin and Puranik, Samir and He, Horace and Song, Dawn and others},
  journal={arXiv preprint arXiv:2105.09938},
  year={2021}
}

@article{mbpp,
  title={Program synthesis with large language models},
  author={Austin, Jacob and Odena, Augustus and Nye, Maxwell and Bosma, Maarten and Michalewski, Henryk and Dohan, David and Jiang, Ellen and Cai, Carrie and Terry, Michael and Le, Quoc and others},
  journal={arXiv preprint arXiv:2108.07732},
  year={2021}
}

@article{codeinsight,
  title={CodeInsight: A Curated Dataset of Practical Coding Solutions from Stack Overflow},
  author={Beau, Nathana{\"e}l and Crabb{\'e}, Beno{\^\i}t},
  journal={arXiv preprint arXiv:2409.16819},
  year={2024}
}

@article{mbpp+,
  title={Is your code generated by chatgpt really correct? rigorous evaluation of large language models for code generation},
  author={Liu, Jiawei and Xia, Chunqiu Steven and Wang, Yuyao and Zhang, Lingming},
  journal={Advances in Neural Information Processing Systems},
  volume={36},
  year={2024}
}

@article{deepseek-coder,
  title={DeepSeek-Coder: When the Large Language Model Meets Programming--The Rise of Code Intelligence},
  author={Guo, Daya and Zhu, Qihao and Yang, Dejian and Xie, Zhenda and Dong, Kai and Zhang, Wentao and Chen, Guanting and Bi, Xiao and Wu, Yu and Li, YK and others},
  journal={arXiv preprint arXiv:2401.14196},
  year={2024}
}

@article{codellama,
  title={Code llama: Open foundation models for code},
  author={Roziere, Baptiste and Gehring, Jonas and Gloeckle, Fabian and Sootla, Sten and Gat, Itai and Tan, Xiaoqing Ellen and Adi, Yossi and Liu, Jingyu and Sauvestre, Romain and Remez, Tal and others},
  journal={arXiv preprint arXiv:2308.12950},
  year={2023}
}

%%%% Added by zx
@inproceedings{archcode,
  title={Archcode: Incorporating software requirements in code generation with large language models},
  author={Han, Hojae and Kim, Jaejin and Yoo, Jaeseok and Lee, Youngwon and Hwang, Seung-won},
  booktitle={Proceedings of the 62nd Annual Meeting of the Association for Computational Linguistics (Volume 1: Long Papers)},
  pages={13520--13552},
  year={2024}
}

@article{self-planning,
  title={Self-planning code generation with large language models},
  author={Jiang, Xue and Dong, Yihong and Wang, Lecheng and Fang, Zheng and Shang, Qiwei and Li, Ge and Jin, Zhi and Jiao, Wenpin},
  journal={ACM Transactions on Software Engineering and Methodology},
  volume={33},
  number={7},
  pages={1--30},
  year={2024},
  publisher={ACM New York, NY}
}

@inproceedings{b4,
author = {Chen, Mouxiang and Liu, Zhongxin and Tao, He and Hong, Yusu and Lo, David and Xia, Xin and Sun, Jianling},
title = {B4: Towards Optimal Assessment of Plausible Code Solutions with Plausible Tests},
year = {2024},
isbn = {9798400712487},
publisher = {Association for Computing Machinery},
address = {New York, NY, USA},
booktitle = {Proceedings of the 39th IEEE/ACM International Conference on Automated Software Engineering},
pages = {1693–1705},
numpages = {13},
location = {Sacramento, CA, USA},
series = {ASE '24}
}

@article{codet,
  title={Codet: Code generation with generated tests},
  author={Chen, Bei and Zhang, Fengji and Nguyen, Anh and Zan, Daoguang and Lin, Zeqi and Lou, Jian-Guang and Chen, Weizhu},
  journal={arXiv preprint arXiv:2207.10397},
  year={2022}
}

@article{dstc,
  title={DSTC: Direct Preference Learning with Only Self-Generated Tests and Code to Improve Code LMs},
  author={Liu, Zhihan and Zhang, Shenao and Liu, Yongfei and Liu, Boyi and Yang, Yingxiang and Wang, Zhaoran},
  journal={arXiv preprint arXiv:2411.13611},
  year={2024}
}

@article{nl2code:survey,
  title={Large language models meet nl2code: A survey},
  author={Zan, Daoguang and Chen, Bei and Zhang, Fengji and Lu, Dianjie and Wu, Bingchao and Guan, Bei and Wang, Yongji and Lou, Jian-Guang},
  journal={arXiv preprint arXiv:2212.09420},
  year={2022}
}

@article{codegensurvey,
  title={A Survey on Large Language Models for Code Generation},
  author={Jiang, Juyong and Wang, Fan and Shen, Jiasi and Kim, Sungju and Kim, Sunghun},
  journal={arXiv preprint arXiv:2406.00515},
  year={2024}
}

@inproceedings{codesumm,
author = { Sun, Weisong and Miao, Yun and Li, Yuekang and Zhang, Hongyu and Fang, Chunrong and Liu, Yi and Deng, Gelei and Liu, Yang and Chen, Zhenyu },
booktitle = { 2025 IEEE/ACM 47th International Conference on Software Engineering (ICSE) },
title = {{ Source Code Summarization in the Era of Large Language Models }},
year = {2025},
volume = {},
ISSN = {1558-1225},
pages = {419-431},
publisher = {IEEE Computer Society},
address = {Los Alamitos, CA, USA},
month =May
}

@inproceedings{reco,
    title = "Rewriting the Code: A Simple Method for Large Language Model Augmented Code Search",
    author = "Li, Haochen  and
      Zhou, Xin  and
      Shen, Zhiqi",
    editor = "Ku, Lun-Wei  and
      Martins, Andre  and
      Srikumar, Vivek",
    booktitle = "Proceedings of the 62nd Annual Meeting of the Association for Computational Linguistics (Volume 1: Long Papers)",
    month = aug,
    year = "2024",
    address = "Bangkok, Thailand",
    publisher = "Association for Computational Linguistics",
    pages = "1371--1389",
}

@article{llmasajudge,
  title={Judging llm-as-a-judge with mt-bench and chatbot arena},
  author={Zheng, Lianmin and Chiang, Wei-Lin and Sheng, Ying and Zhuang, Siyuan and Wu, Zhanghao and Zhuang, Yonghao and Lin, Zi and Li, Zhuohan and Li, Dacheng and Xing, Eric and others},
  journal={Advances in Neural Information Processing Systems},
  volume={36},
  pages={46595--46623},
  year={2023}
}

@article{llmasajudgesurvey,
  title={A Survey on LLM-as-a-Judge},
  author={Gu, Jiawei and Jiang, Xuhui and Shi, Zhichao and Tan, Hexiang and Zhai, Xuehao and Xu, Chengjin and Li, Wei and Shen, Yinghan and Ma, Shengjie and Liu, Honghao and others},
  journal={arXiv preprint arXiv:2411.15594},
  year={2024}
}

@inproceedings{li-etal-2023-rethinking-negative,
    title = "Rethinking Negative Pairs in Code Search",
    author = "Li, Haochen  and
      Zhou, Xin  and
      Luu, Anh  and
      Miao, Chunyan",
    editor = "Bouamor, Houda  and
      Pino, Juan  and
      Bali, Kalika",
    booktitle = "Proceedings of the 2023 Conference on Empirical Methods in Natural Language Processing",
    month = dec,
    year = "2023",
    address = "Singapore",
    publisher = "Association for Computational Linguistics",
    pages = "12760--12774",
}

@inproceedings{li-etal-2022-exploring-representation,
    title = "Exploring Representation-level Augmentation for Code Search",
    author = "Li, Haochen  and
      Miao, Chunyan  and
      Leung, Cyril  and
      Huang, Yanxian  and
      Huang, Yuan  and
      Zhang, Hongyu  and
      Wang, Yanlin",
    editor = "Goldberg, Yoav  and
      Kozareva, Zornitsa  and
      Zhang, Yue",
    booktitle = "Proceedings of the 2022 Conference on Empirical Methods in Natural Language Processing",
    month = dec,
    year = "2022",
    address = "Abu Dhabi, United Arab Emirates",
    publisher = "Association for Computational Linguistics",
    pages = "4924--4936"
}

@article{liu2024large,
  title={Large language model-based agents for software engineering: A survey},
  author={Liu, Junwei and Wang, Kaixin and Chen, Yixuan and Peng, Xin and Chen, Zhenpeng and Zhang, Lingming and Lou, Yiling},
  journal={arXiv preprint arXiv:2409.02977},
  year={2024}
}

@article{wang2024openhands,
  title={Openhands: An open platform for ai software developers as generalist agents},
  author={Wang, Xingyao and Li, Boxuan and Song, Yufan and Xu, Frank F and Tang, Xiangru and Zhuge, Mingchen and Pan, Jiayi and Song, Yueqi and Li, Bowen and Singh, Jaskirat and others},
  journal={arXiv preprint arXiv:2407.16741},
  year={2024}
}

