% Use this file for citations not found in the ACL Anthology (contained in "anthology.bib").

@article{DBLP:journals/corr/abs-2309-01219,
  author       = {Yue Zhang and
                  Yafu Li and
                  Leyang Cui and
                  Deng Cai and
                  Lemao Liu and
                  Tingchen Fu and
                  Xinting Huang and
                  Enbo Zhao and
                  Yu Zhang and
                  Yulong Chen and
                  Longyue Wang and
                  Anh Tuan Luu and
                  Wei Bi and
                  Freda Shi and
                  Shuming Shi},
  title        = {Siren's Song in the {AI} Ocean: {A} Survey on Hallucination in Large
                  Language Models},
  journal      = {CoRR},
  volume       = {abs/2309.01219},
  year         = {2023},
  url          = {https://doi.org/10.48550/arXiv.2309.01219},
  doi          = {10.48550/arXiv.2309.01219},
  eprinttype    = {arXiv},
  eprint       = {2309.01219},
  timestamp    = {Mon, 11 Sep 2023 16:01:35 +0200},
  biburl       = {https://dblp.org/rec/journals/corr/abs-2309-01219.bib},
  bibsource    = {dblp computer science bibliography, https://dblp.org}
}

@article{DBLP:journals/corr/abs-2302-12813,
  author       = {Baolin Peng and
                  Michel Galley and
                  Pengcheng He and
                  Hao Cheng and
                  Yujia Xie and
                  Yu Hu and
                  Qiuyuan Huang and
                  Lars Liden and
                  Zhou Yu and
                  Weizhu Chen and
                  Jianfeng Gao},
  title        = {Check Your Facts and Try Again: Improving Large Language Models with
                  External Knowledge and Automated Feedback},
  journal      = {CoRR},
  volume       = {abs/2302.12813},
  year         = {2023},
  url          = {https://doi.org/10.48550/arXiv.2302.12813},
  doi          = {10.48550/arXiv.2302.12813},
  eprinttype    = {arXiv},
  eprint       = {2302.12813},
  timestamp    = {Mon, 24 Apr 2023 14:46:57 +0200},
  biburl       = {https://dblp.org/rec/journals/corr/abs-2302-12813.bib},
  bibsource    = {dblp computer science bibliography, https://dblp.org}
}

@article{DBLP:journals/csur/JiLFYSXIBMF23,
  author       = {Ziwei Ji and
                  Nayeon Lee and
                  Rita Frieske and
                  Tiezheng Yu and
                  Dan Su and
                  Yan Xu and
                  Etsuko Ishii and
                  Yejin Bang and
                  Andrea Madotto and
                  Pascale Fung},
  title        = {Survey of Hallucination in Natural Language Generation},
  journal      = {{ACM} Comput. Surv.},
  volume       = {55},
  number       = {12},
  pages        = {248:1--248:38},
  year         = {2023},
  url          = {https://doi.org/10.1145/3571730},
  doi          = {10.1145/3571730},
  timestamp    = {Mon, 28 Aug 2023 21:19:33 +0200},
  biburl       = {https://dblp.org/rec/journals/csur/JiLFYSXIBMF23.bib},
  bibsource    = {dblp computer science bibliography, https://dblp.org}
}

@article{DBLP:journals/corr/abs-2303-08774,
  author       = {OpenAI},
  title        = {{GPT-4} Technical Report},
  journal      = {CoRR},
  volume       = {abs/2303.08774},
  year         = {2023},
  url          = {https://doi.org/10.48550/arXiv.2303.08774},
  doi          = {10.48550/ARXIV.2303.08774},
  eprinttype    = {arXiv},
  eprint       = {2303.08774},
  timestamp    = {Mon, 28 Aug 2023 21:26:19 +0200},
  biburl       = {https://dblp.org/rec/journals/corr/abs-2303-08774.bib},
  bibsource    = {dblp computer science bibliography, https://dblp.org}
}

@inproceedings{DBLP:conf/emnlp/QinZ0CYY23,
  author       = {Chengwei Qin and
                  Aston Zhang and
                  Zhuosheng Zhang and
                  Jiaao Chen and
                  Michihiro Yasunaga and
                  Diyi Yang},
  editor       = {Houda Bouamor and
                  Juan Pino and
                  Kalika Bali},
  title        = {Is ChatGPT a General-Purpose Natural Language Processing Task Solver?},
  booktitle    = {Proceedings of the 2023 Conference on Empirical Methods in Natural
                  Language Processing, {EMNLP} 2023, Singapore, December 6-10, 2023},
  pages        = {1339--1384},
  publisher    = {Association for Computational Linguistics},
  year         = {2023},
  url          = {https://doi.org/10.18653/v1/2023.emnlp-main.85},
  doi          = {10.18653/V1/2023.EMNLP-MAIN.85},
  timestamp    = {Fri, 12 Apr 2024 13:11:45 +0200},
  biburl       = {https://dblp.org/rec/conf/emnlp/QinZ0CYY23.bib},
  bibsource    = {dblp computer science bibliography, https://dblp.org}
}

%llama2
@article{DBLP:journals/corr/abs-2307-09288,
  author       = {Hugo Touvron and
                  Louis Martin and
                  Kevin Stone and
                  Peter Albert and
                  Amjad Almahairi and
                  Yasmine Babaei and
                  Nikolay Bashlykov and
                  Soumya Batra and
                  Prajjwal Bhargava and
                  Shruti Bhosale and
                  Dan Bikel and
                  Lukas Blecher and
                  Cristian Canton{-}Ferrer and
                  Moya Chen and
                  Guillem Cucurull and
                  others},
  title        = {Llama 2: Open Foundation and Fine-Tuned Chat Models},
  journal      = {CoRR},
  volume       = {abs/2307.09288},
  year         = {2023},
  url          = {https://doi.org/10.48550/arXiv.2307.09288},
  doi          = {10.48550/arXiv.2307.09288},
  eprinttype    = {arXiv},
  eprint       = {2307.09288},
  timestamp    = {Mon, 28 Aug 2023 21:26:22 +0200},
  biburl       = {https://dblp.org/rec/journals/corr/abs-2307-09288.bib},
  bibsource    = {dblp computer science bibliography, https://dblp.org}
}

@inproceedings{DBLP:conf/iclr/SinitsinPPPB20,
  author       = {Anton Sinitsin and
                  Vsevolod Plokhotnyuk and
                  Dmitry V. Pyrkin and
                  Sergei Popov and
                  Artem Babenko},
  title        = {Editable Neural Networks},
  booktitle    = {8th International Conference on Learning Representations, {ICLR} 2020,
                  Addis Ababa, Ethiopia, April 26-30, 2020},
  publisher    = {OpenReview.net},
  year         = {2020},
  url          = {https://openreview.net/forum?id=HJedXaEtvS},
  timestamp    = {Tue, 19 Apr 2022 17:04:27 +0200},
  biburl       = {https://dblp.org/rec/conf/iclr/SinitsinPPPB20.bib},
  bibsource    = {dblp computer science bibliography, https://dblp.org}
}

@inproceedings{DBLP:conf/emnlp/CaoAT21,
  author       = {Nicola De Cao and
                  Wilker Aziz and
                  Ivan Titov},
  editor       = {Marie{-}Francine Moens and
                  Xuanjing Huang and
                  Lucia Specia and
                  Scott Wen{-}tau Yih},
  title        = {Editing Factual Knowledge in Language Models},
  booktitle    = {Proceedings of the 2021 Conference on Empirical Methods in Natural
                  Language Processing, {EMNLP} 2021, Virtual Event / Punta Cana, Dominican
                  Republic, 7-11 November, 2021},
  pages        = {6491--6506},
  publisher    = {Association for Computational Linguistics},
  year         = {2021},
  url          = {https://doi.org/10.18653/v1/2021.emnlp-main.522},
  doi          = {10.18653/v1/2021.emnlp-main.522},
  timestamp    = {Sun, 02 Oct 2022 16:00:24 +0200},
  biburl       = {https://dblp.org/rec/conf/emnlp/CaoAT21.bib},
  bibsource    = {dblp computer science bibliography, https://dblp.org}
}

@article{DBLP:journals/corr/abs-2012-00363,
  author       = {Chen Zhu and
                  Ankit Singh Rawat and
                  Manzil Zaheer and
                  Srinadh Bhojanapalli and
                  Daliang Li and
                  Felix X. Yu and
                  Sanjiv Kumar},
  title        = {Modifying Memories in Transformer Models},
  journal      = {CoRR},
  volume       = {abs/2012.00363},
  year         = {2020},
  url          = {https://arxiv.org/abs/2012.00363},
  eprinttype    = {arXiv},
  eprint       = {2012.00363},
  timestamp    = {Fri, 04 Dec 2020 12:07:23 +0100},
  biburl       = {https://dblp.org/rec/journals/corr/abs-2012-00363.bib},
  bibsource    = {dblp computer science bibliography, https://dblp.org}
}

@inproceedings{DBLP:conf/acl/DaiDHSCW22,
  author       = {Damai Dai and
                  Li Dong and
                  Yaru Hao and
                  Zhifang Sui and
                  Baobao Chang and
                  Furu Wei},
  editor       = {Smaranda Muresan and
                  Preslav Nakov and
                  Aline Villavicencio},
  title        = {Knowledge Neurons in Pretrained Transformers},
  booktitle    = {Proceedings of the 60th Annual Meeting of the Association for Computational
                  Linguistics (Volume 1: Long Papers), {ACL} 2022, Dublin, Ireland,
                  May 22-27, 2022},
  pages        = {8493--8502},
  publisher    = {Association for Computational Linguistics},
  year         = {2022},
  url          = {https://doi.org/10.18653/v1/2022.acl-long.581},
  doi          = {10.18653/v1/2022.acl-long.581},
  timestamp    = {Mon, 01 Aug 2022 16:27:52 +0200},
  biburl       = {https://dblp.org/rec/conf/acl/DaiDHSCW22.bib},
  bibsource    = {dblp computer science bibliography, https://dblp.org}
}

@inproceedings{DBLP:conf/icml/MitchellLBMF22,
  author       = {Eric Mitchell and
                  Charles Lin and
                  Antoine Bosselut and
                  Christopher D. Manning and
                  Chelsea Finn},
  editor       = {Kamalika Chaudhuri and
                  Stefanie Jegelka and
                  Le Song and
                  Csaba Szepesv{\'{a}}ri and
                  Gang Niu and
                  Sivan Sabato},
  title        = {Memory-Based Model Editing at Scale},
  booktitle    = {International Conference on Machine Learning, {ICML} 2022, 17-23 July
                  2022, Baltimore, Maryland, {USA}},
  series       = {Proceedings of Machine Learning Research},
  volume       = {162},
  pages        = {15817--15831},
  publisher    = {{PMLR}},
  year         = {2022},
  url          = {https://proceedings.mlr.press/v162/mitchell22a.html},
  timestamp    = {Tue, 12 Jul 2022 17:36:52 +0200},
  biburl       = {https://dblp.org/rec/conf/icml/MitchellLBMF22.bib},
  bibsource    = {dblp computer science bibliography, https://dblp.org}
}

@inproceedings{DBLP:conf/nips/MengBAB22,
  author       = {Kevin Meng and
                  David Bau and
                  Alex Andonian and
                  Yonatan Belinkov},
  title        = {Locating and Editing Factual Associations in {GPT}},
  booktitle    = {NeurIPS},
  year         = {2022},
  url          = {https://proceedings.neurips.cc/paper_files/paper/2022/file/6f1d43d5a82a37e89b0665b33bf3a182-Paper-Conference.pdf},
  timestamp    = {Thu, 11 May 2023 17:08:21 +0200},
  biburl       = {https://dblp.org/rec/conf/nips/MengBAB22.bib},
  bibsource    = {dblp computer science bibliography, https://dblp.org}
}

@inproceedings{DBLP:conf/iclr/MengSABB23,
  author       = {Kevin Meng and
                  Arnab Sen Sharma and
                  Alex J. Andonian and
                  Yonatan Belinkov and
                  David Bau},
  title        = {Mass-Editing Memory in a Transformer},
  booktitle    = {The Eleventh International Conference on Learning Representations,
                  {ICLR} 2023, Kigali, Rwanda, May 1-5, 2023},
  publisher    = {OpenReview.net},
  year         = {2023},
  url          = {https://openreview.net/pdf?id=MkbcAHIYgyS},
  timestamp    = {Fri, 30 Jun 2023 14:55:53 +0200},
  biburl       = {https://dblp.org/rec/conf/iclr/MengSABB23.bib},
  bibsource    = {dblp computer science bibliography, https://dblp.org}
}

@inproceedings{DBLP:conf/emnlp/YaoWT0LDC023,
  author       = {Yunzhi Yao and
                  Peng Wang and
                  Bozhong Tian and
                  Siyuan Cheng and
                  Zhoubo Li and
                  Shumin Deng and
                  Huajun Chen and
                  Ningyu Zhang},
  editor       = {Houda Bouamor and
                  Juan Pino and
                  Kalika Bali},
  title        = {Editing Large Language Models: Problems, Methods, and Opportunities},
  booktitle    = {Proceedings of the 2023 Conference on Empirical Methods in Natural
                  Language Processing, {EMNLP} 2023, Singapore, December 6-10, 2023},
  pages        = {10222--10240},
  publisher    = {Association for Computational Linguistics},
  year         = {2023},
  url          = {https://aclanthology.org/2023.emnlp-main.632},
  timestamp    = {Wed, 13 Dec 2023 17:20:20 +0100},
  biburl       = {https://dblp.org/rec/conf/emnlp/YaoWT0LDC023.bib},
  bibsource    = {dblp computer science bibliography, https://dblp.org}
}

@inproceedings{DBLP:conf/emnlp/ZhongWMPC23,
  author       = {Zexuan Zhong and
                  Zhengxuan Wu and
                  Christopher D. Manning and
                  Christopher Potts and
                  Danqi Chen},
  editor       = {Houda Bouamor and
                  Juan Pino and
                  Kalika Bali},
  title        = {MQuAKE: Assessing Knowledge Editing in Language Models via Multi-Hop
                  Questions},
  booktitle    = {Proceedings of the 2023 Conference on Empirical Methods in Natural
                  Language Processing, {EMNLP} 2023, Singapore, December 6-10, 2023},
  pages        = {15686--15702},
  publisher    = {Association for Computational Linguistics},
  year         = {2023},
  url          = {https://aclanthology.org/2023.emnlp-main.971},
  timestamp    = {Thu, 14 Dec 2023 18:03:42 +0100},
  biburl       = {https://dblp.org/rec/conf/emnlp/ZhongWMPC23.bib},
  bibsource    = {dblp computer science bibliography, https://dblp.org}
}

@article{DBLP:journals/corr/abs-2310-10322,
  author       = {Jun{-}Yu Ma and
                  Jia{-}Chen Gu and
                  Zhen{-}Hua Ling and
                  Quan Liu and
                  Cong Liu},
  title        = {Untying the Reversal Curse via Bidirectional Language Model Editing},
  journal      = {CoRR},
  volume       = {abs/2310.10322},
  year         = {2023},
  url          = {https://doi.org/10.48550/arXiv.2310.10322},
  doi          = {10.48550/ARXIV.2310.10322},
  eprinttype    = {arXiv},
  eprint       = {2310.10322},
  timestamp    = {Wed, 25 Oct 2023 17:11:46 +0200},
  biburl       = {https://dblp.org/rec/journals/corr/abs-2310-10322.bib},
  bibsource    = {dblp computer science bibliography, https://dblp.org}
}

@inproceedings{DBLP:conf/icml/MaL0G24,
  author       = {Jun{-}Yu Ma and
                  Zhen{-}Hua Ling and
                  Ningyu Zhang and
                  Jia{-}Chen Gu},
  title        = {Neighboring Perturbations of Knowledge Editing on Large Language Models},
  booktitle    = {Forty-first International Conference on Machine Learning, {ICML} 2024,
                  Vienna, Austria, July 21-27, 2024},
  publisher    = {OpenReview.net},
  year         = {2024},
  url          = {https://openreview.net/forum?id=K9NTPRvVRI},
  timestamp    = {Mon, 02 Sep 2024 16:55:26 +0200},
  biburl       = {https://dblp.org/rec/conf/icml/MaL0G24.bib},
  bibsource    = {dblp computer science bibliography, https://dblp.org}
}

@inproceedings{DBLP:journals/corr/abs-2401-04700,
  author       = {Jia{-}Chen Gu and
                  Hao{-}Xiang Xu and
                  Jun{-}Yu Ma and
                  Pan Lu and
                  Zhen{-}Hua Ling and
                  Kai{-}Wei Chang and
                  Nanyun Peng},
  title        = {Model Editing Harms General Abilities of Large Language Models: Regularization to the Rescue},
  booktitle    = {Proceedings of the 2024 Conference on Empirical Methods in Natural Language Processing},
  year         = {2024},
  url          = {https://doi.org/10.48550/arXiv.2401.04700},
  publisher    = {Association for Computational Linguistics}
}

@article{DBLP:journals/corr/abs-2308-07269,
  author       = {Peng Wang and
                  Ningyu Zhang and
                  Xin Xie and
                  Yunzhi Yao and
                  Bozhong Tian and
                  Mengru Wang and
                  Zekun Xi and
                  Siyuan Cheng and
                  Kangwei Liu and
                  Guozhou Zheng and
                  Huajun Chen},
  title        = {EasyEdit: An Easy-to-use Knowledge Editing Framework for Large Language
                  Models},
  journal      = {CoRR},
  volume       = {abs/2308.07269},
  year         = {2023},
  url          = {https://doi.org/10.48550/arXiv.2308.07269},
  doi          = {10.48550/arXiv.2308.07269},
  eprinttype    = {arXiv},
  eprint       = {2308.07269},
  timestamp    = {Wed, 23 Aug 2023 14:43:32 +0200},
  biburl       = {https://dblp.org/rec/journals/corr/abs-2308-07269.bib},
  bibsource    = {dblp computer science bibliography, https://dblp.org}
}

@inproceedings{DBLP:conf/acl/GuptaRA24,
  author       = {Akshat Gupta and
                  Anurag Rao and
                  Gopala Anumanchipalli},
  editor       = {Lun{-}Wei Ku and
                  Andre Martins and
                  Vivek Srikumar},
  title        = {Model Editing at Scale leads to Gradual and Catastrophic Forgetting},
  booktitle    = {Findings of the Association for Computational Linguistics, {ACL} 2024,
                  Bangkok, Thailand and virtual meeting, August 11-16, 2024},
  pages        = {15202--15232},
  publisher    = {Association for Computational Linguistics},
  year         = {2024},
  url          = {https://doi.org/10.18653/v1/2024.findings-acl.902},
  doi          = {10.18653/V1/2024.FINDINGS-ACL.902},
  timestamp    = {Tue, 24 Sep 2024 10:55:50 +0200},
  biburl       = {https://dblp.org/rec/conf/acl/GuptaRA24.bib},
  bibsource    = {dblp computer science bibliography, https://dblp.org}
}

@inproceedings{DBLP:conf/acl/Yang0MLYC24,
  author       = {Wanli Yang and
                  Fei Sun and
                  Xinyu Ma and
                  Xun Liu and
                  Dawei Yin and
                  Xueqi Cheng},
  editor       = {Lun{-}Wei Ku and
                  Andre Martins and
                  Vivek Srikumar},
  title        = {The Butterfly Effect of Model Editing: Few Edits Can Trigger Large
                  Language Models Collapse},
  booktitle    = {Findings of the Association for Computational Linguistics, {ACL} 2024,
                  Bangkok, Thailand and virtual meeting, August 11-16, 2024},
  pages        = {5419--5437},
  publisher    = {Association for Computational Linguistics},
  year         = {2024},
  url          = {https://doi.org/10.18653/v1/2024.findings-acl.322},
  doi          = {10.18653/V1/2024.FINDINGS-ACL.322},
  timestamp    = {Tue, 24 Sep 2024 10:55:38 +0200},
  biburl       = {https://dblp.org/rec/conf/acl/Yang0MLYC24.bib},
  bibsource    = {dblp computer science bibliography, https://dblp.org}
}

@inproceedings{DBLP:conf/acl/HuC00024,
  author       = {Chenhui Hu and
                  Pengfei Cao and
                  Yubo Chen and
                  Kang Liu and
                  Jun Zhao},
  editor       = {Lun{-}Wei Ku and
                  Andre Martins and
                  Vivek Srikumar},
  title        = {WilKE: Wise-Layer Knowledge Editor for Lifelong Knowledge Editing},
  booktitle    = {Findings of the Association for Computational Linguistics, {ACL} 2024,
                  Bangkok, Thailand and virtual meeting, August 11-16, 2024},
  pages        = {3476--3503},
  publisher    = {Association for Computational Linguistics},
  year         = {2024},
  url          = {https://doi.org/10.18653/v1/2024.findings-acl.207},
  doi          = {10.18653/V1/2024.FINDINGS-ACL.207},
  timestamp    = {Tue, 24 Sep 2024 10:55:33 +0200},
  biburl       = {https://dblp.org/rec/conf/acl/HuC00024.bib},
  bibsource    = {dblp computer science bibliography, https://dblp.org}
}

@article{radford2019language,
  title={Language models are unsupervised multitask learners},
  author={Radford, Alec and Wu, Jeffrey and Child, Rewon and Luan, David and Amodei, Dario and Sutskever, Ilya and others},
  journal={OpenAI blog},
  volume={1},
  number={8},
  pages={9},
  year={2019},
  url={https://dcmpx.remotevs.com/net/cloudfront/d4mucfpksywv/SL/better-language-models/language_models_are_unsupervised_multitask_learners.pdf}
}

@inproceedings{DBLP:conf/mlcw/DaganGM05,
  author       = {Ido Dagan and
                  Oren Glickman and
                  Bernardo Magnini},
  editor       = {Joaquin Qui{\~{n}}onero Candela and
                  Ido Dagan and
                  Bernardo Magnini and
                  Florence d'Alch{\'{e}}{-}Buc},
  title        = {The {PASCAL} Recognising Textual Entailment Challenge},
  booktitle    = {Machine Learning Challenges, Evaluating Predictive Uncertainty, Visual
                  Object Classification and Recognizing Textual Entailment, First {PASCAL}
                  Machine Learning Challenges Workshop, {MLCW} 2005, Southampton, UK,
                  April 11-13, 2005, Revised Selected Papers},
  series       = {Lecture Notes in Computer Science},
  volume       = {3944},
  pages        = {177--190},
  publisher    = {Springer},
  year         = {2005},
  url          = {https://doi.org/10.1007/11736790\_9},
  doi          = {10.1007/11736790\_9},
  timestamp    = {Sat, 30 Sep 2023 09:53:14 +0200},
  biburl       = {https://dblp.org/rec/conf/mlcw/DaganGM05.bib},
  bibsource    = {dblp computer science bibliography, https://dblp.org}
}

@article{DBLP:journals/tacl/KwiatkowskiPRCP19,
  author       = {Tom Kwiatkowski and
                  Jennimaria Palomaki and
                  Olivia Redfield and
                  Michael Collins and
                  Ankur P. Parikh and
                  Chris Alberti and
                  Danielle Epstein and
                  Illia Polosukhin and
                  Jacob Devlin and
                  Kenton Lee and
                  Kristina Toutanova and
                  Llion Jones and
                  Matthew Kelcey and
                  Ming{-}Wei Chang and
                  Andrew M. Dai and
                  Jakob Uszkoreit and
                  Quoc Le and
                  Slav Petrov},
  title        = {Natural Questions: a Benchmark for Question Answering Research},
  journal      = {Trans. Assoc. Comput. Linguistics},
  volume       = {7},
  pages        = {452--466},
  year         = {2019},
  url          = {https://doi.org/10.1162/tacl\_a\_00276},
  doi          = {10.1162/TACL\_A\_00276},
  timestamp    = {Tue, 16 Aug 2022 23:05:11 +0200},
  biburl       = {https://dblp.org/rec/journals/tacl/KwiatkowskiPRCP19.bib},
  bibsource    = {dblp computer science bibliography, https://dblp.org}
}

@inproceedings{gliwa-etal-2019-samsum,
    title = "{SAMS}um Corpus: A Human-annotated Dialogue Dataset for Abstractive Summarization",
    author = "Gliwa, Bogdan  and
      Mochol, Iwona  and
      Biesek, Maciej  and
      Wawer, Aleksander",
    editor = "Wang, Lu  and
      Cheung, Jackie Chi Kit  and
      Carenini, Giuseppe  and
      Liu, Fei",
    booktitle = "Proceedings of the 2nd Workshop on New Frontiers in Summarization",
    month = nov,
    year = "2019",
    address = "Hong Kong, China",
    publisher = "Association for Computational Linguistics",
    url = "https://aclanthology.org/D19-5409",
    doi = "10.18653/v1/D19-5409",
    pages = "70--79",
}


@inproceedings{DBLP:conf/emnlp/SocherPWCMNP13,
  author       = {Richard Socher and
                  Alex Perelygin and
                  Jean Wu and
                  Jason Chuang and
                  Christopher D. Manning and
                  Andrew Y. Ng and
                  Christopher Potts},
  title        = {Recursive Deep Models for Semantic Compositionality Over a Sentiment
                  Treebank},
  booktitle    = {Proceedings of the 2013 Conference on Empirical Methods in Natural
                  Language Processing, {EMNLP} 2013, 18-21 October 2013, Grand Hyatt
                  Seattle, Seattle, Washington, USA, {A} meeting of SIGDAT, a Special
                  Interest Group of the {ACL}},
  pages        = {1631--1642},
  publisher    = {{ACL}},
  year         = {2013},
  url          = {https://aclanthology.org/D13-1170/},
  timestamp    = {Fri, 06 Aug 2021 00:40:22 +0200},
  biburl       = {https://dblp.org/rec/conf/emnlp/SocherPWCMNP13.bib},
  bibsource    = {dblp computer science bibliography, https://dblp.org}
}

@article{kahan2013tutorial,
  title={A tutorial overview of vector and matrix norms},
  author={Kahan, W},
  journal={University of California, Berkeley, CA, USA, Lecture notes},
  pages={19},
  year={2013},
  url={http://people.eecs.berkeley.edu/~wkahan/MathH110/NormOvrv.pdf}
}

@inproceedings{DBLP:conf/iclr/MitchellLBFM22,
  author       = {Eric Mitchell and
                  Charles Lin and
                  Antoine Bosselut and
                  Chelsea Finn and
                  Christopher D. Manning},
  title        = {Fast Model Editing at Scale},
  booktitle    = {The Tenth International Conference on Learning Representations, {ICLR}
                  2022, Virtual Event, April 25-29, 2022},
  publisher    = {OpenReview.net},
  year         = {2022},
  url          = {https://openreview.net/forum?id=0DcZxeWfOPt},
  timestamp    = {Sat, 20 Aug 2022 01:15:42 +0200},
  biburl       = {https://dblp.org/rec/conf/iclr/MitchellLBFM22.bib},
  bibsource    = {dblp computer science bibliography, https://dblp.org}
}

@article{DBLP:journals/corr/abs-2401-10471,
  author       = {Yiwei Wang and
                  Muhao Chen and
                  Nanyun Peng and
                  Kai{-}Wei Chang},
  title        = {DeepEdit: Knowledge Editing as Decoding with Constraints},
  journal      = {CoRR},
  volume       = {abs/2401.10471},
  year         = {2024},
  url          = {https://doi.org/10.48550/arXiv.2401.10471},
  doi          = {10.48550/ARXIV.2401.10471},
  eprinttype    = {arXiv},
  eprint       = {2401.10471},
  timestamp    = {Fri, 02 Feb 2024 14:13:19 +0100},
  biburl       = {https://dblp.org/rec/journals/corr/abs-2401-10471.bib},
  bibsource    = {dblp computer science bibliography, https://dblp.org}
}

@article{DBLP:journals/corr/abs-2310-02168,
  author       = {Shengyu Mao and
                  Ningyu Zhang and
                  Xiaohan Wang and
                  Mengru Wang and
                  Yunzhi Yao and
                  Yong Jiang and
                  Pengjun Xie and
                  Fei Huang and
                  Huajun Chen},
  title        = {Editing Personality for LLMs},
  journal      = {CoRR},
  volume       = {abs/2310.02168},
  year         = {2023},
  url          = {https://doi.org/10.48550/arXiv.2310.02168},
  doi          = {10.48550/ARXIV.2310.02168},
  eprinttype    = {arXiv},
  eprint       = {2310.02168},
  timestamp    = {Thu, 19 Oct 2023 13:12:52 +0200},
  biburl       = {https://dblp.org/rec/journals/corr/abs-2310-02168.bib},
  bibsource    = {dblp computer science bibliography, https://dblp.org}
}

@inproceedings{DBLP:conf/emnlp/0008TL0WC023,
  author       = {Siyuan Cheng and
                  Bozhong Tian and
                  Qingbin Liu and
                  Xi Chen and
                  Yongheng Wang and
                  Huajun Chen and
                  Ningyu Zhang},
  editor       = {Houda Bouamor and
                  Juan Pino and
                  Kalika Bali},
  title        = {Can We Edit Multimodal Large Language Models?},
  booktitle    = {Proceedings of the 2023 Conference on Empirical Methods in Natural
                  Language Processing, {EMNLP} 2023, Singapore, December 6-10, 2023},
  pages        = {13877--13888},
  publisher    = {Association for Computational Linguistics},
  year         = {2023},
  url          = {https://aclanthology.org/2023.emnlp-main.856},
  timestamp    = {Wed, 13 Dec 2023 17:20:20 +0100},
  biburl       = {https://dblp.org/rec/conf/emnlp/0008TL0WC023.bib},
  bibsource    = {dblp computer science bibliography, https://dblp.org}
}

@inproceedings{DBLP:conf/emnlp/WuLXDW0X23,
  author       = {Xinwei Wu and
                  Junzhuo Li and
                  Minghui Xu and
                  Weilong Dong and
                  Shuangzhi Wu and
                  Chao Bian and
                  Deyi Xiong},
  editor       = {Houda Bouamor and
                  Juan Pino and
                  Kalika Bali},
  title        = {{DEPN:} Detecting and Editing Privacy Neurons in Pretrained Language
                  Models},
  booktitle    = {Proceedings of the 2023 Conference on Empirical Methods in Natural
                  Language Processing, {EMNLP} 2023, Singapore, December 6-10, 2023},
  pages        = {2875--2886},
  publisher    = {Association for Computational Linguistics},
  year         = {2023},
  url          = {https://aclanthology.org/2023.emnlp-main.174},
  timestamp    = {Wed, 13 Dec 2023 17:20:20 +0100},
  biburl       = {https://dblp.org/rec/conf/emnlp/WuLXDW0X23.bib},
  bibsource    = {dblp computer science bibliography, https://dblp.org}
}

@misc{llama3,
  author = {Meta},
  title = {Introducing Meta Llama 3: The most capable openly available LLM to date},
  year = {2024},
  url = {https://ai.meta.com/blog/meta-llama-3/},
}

@inproceedings{DBLP:conf/conll/LevySCZ17,
  author       = {Omer Levy and
                  Minjoon Seo and
                  Eunsol Choi and
                  Luke Zettlemoyer},
  editor       = {Roger Levy and
                  Lucia Specia},
  title        = {Zero-Shot Relation Extraction via Reading Comprehension},
  booktitle    = {Proceedings of the 21st Conference on Computational Natural Language
                  Learning (CoNLL 2017), Vancouver, Canada, August 3-4, 2017},
  pages        = {333--342},
  publisher    = {Association for Computational Linguistics},
  year         = {2017},
  url          = {https://doi.org/10.18653/v1/K17-1034},
  doi          = {10.18653/v1/K17-1034},
  timestamp    = {Fri, 06 Aug 2021 00:41:08 +0200},
  biburl       = {https://dblp.org/rec/conf/conll/LevySCZ17.bib},
  bibsource    = {dblp computer science bibliography, https://dblp.org}
}

@article{DBLP:journals/corr/abs-2312-12740,
  author       = {Yasmin Moslem and
                  Rejwanul Haque and
                  Andy Way},
  title        = {Fine-tuning Large Language Models for Adaptive Machine Translation},
  journal      = {CoRR},
  volume       = {abs/2312.12740},
  year         = {2023},
  url          = {https://doi.org/10.48550/arXiv.2312.12740},
  doi          = {10.48550/ARXIV.2312.12740},
  eprinttype    = {arXiv},
  eprint       = {2312.12740},
  timestamp    = {Wed, 17 Jan 2024 15:55:49 +0100},
  biburl       = {https://dblp.org/rec/journals/corr/abs-2312-12740.bib},
  bibsource    = {dblp computer science bibliography, https://dblp.org}
}

@article{DBLP:journals/corr/abs-2310-10047,
  author       = {Yixin Liu and
                  Avi Singh and
                  C. Daniel Freeman and
                  John D. Co{-}Reyes and
                  Peter J. Liu},
  title        = {Improving Large Language Model Fine-tuning for Solving Math Problems},
  journal      = {CoRR},
  volume       = {abs/2310.10047},
  year         = {2023},
  url          = {https://doi.org/10.48550/arXiv.2310.10047},
  doi          = {10.48550/ARXIV.2310.10047},
  eprinttype    = {arXiv},
  eprint       = {2310.10047},
  timestamp    = {Wed, 25 Oct 2023 17:11:46 +0200},
  biburl       = {https://dblp.org/rec/journals/corr/abs-2310-10047.bib},
  bibsource    = {dblp computer science bibliography, https://dblp.org}
}

@article{DBLP:journals/tc/Kohonen72,
  author       = {Teuvo Kohonen},
  title        = {Correlation Matrix Memories},
  journal      = {{IEEE} Trans. Computers},
  volume       = {21},
  number       = {4},
  pages        = {353--359},
  year         = {1972},
  url          = {https://doi.org/10.1109/TC.1972.5008975},
  doi          = {10.1109/TC.1972.5008975},
  timestamp    = {Sat, 20 May 2017 00:24:31 +0200},
  biburl       = {https://dblp.org/rec/journals/tc/Kohonen72.bib},
  bibsource    = {dblp computer science bibliography, https://dblp.org}
}

@article{anderson1972simple,
  title={A simple neural network generating an interactive memory},
  author={Anderson, James A},
  journal={Mathematical biosciences},
  volume={14},
  number={3-4},
  pages={197--220},
  year={1972},
  publisher={Elsevier},
  url={https://www.sciencedirect.com/science/article/abs/pii/0025556472900752}
}

@article{DBLP:journals/corr/SmilkovTKVW17,
  author       = {Daniel Smilkov and
                  Nikhil Thorat and
                  Been Kim and
                  Fernanda B. Vi{\'{e}}gas and
                  Martin Wattenberg},
  title        = {SmoothGrad: removing noise by adding noise},
  journal      = {CoRR},
  volume       = {abs/1706.03825},
  year         = {2017},
  url          = {http://arxiv.org/abs/1706.03825},
  eprinttype    = {arXiv},
  eprint       = {1706.03825},
  timestamp    = {Mon, 13 Aug 2018 16:48:36 +0200},
  biburl       = {https://dblp.org/rec/journals/corr/SmilkovTKVW17.bib},
  bibsource    = {dblp computer science bibliography, https://dblp.org}
}

@inproceedings{DBLP:conf/nips/AdebayoGMGHK18,
  author       = {Julius Adebayo and
                  Justin Gilmer and
                  Michael Muelly and
                  Ian J. Goodfellow and
                  Moritz Hardt and
                  Been Kim},
  editor       = {Samy Bengio and
                  Hanna M. Wallach and
                  Hugo Larochelle and
                  Kristen Grauman and
                  Nicol{\`{o}} Cesa{-}Bianchi and
                  Roman Garnett},
  title        = {Sanity Checks for Saliency Maps},
  booktitle    = {Advances in Neural Information Processing Systems 31: Annual Conference
                  on Neural Information Processing Systems 2018, NeurIPS 2018, December
                  3-8, 2018, Montr{\'{e}}al, Canada},
  pages        = {9525--9536},
  year         = {2018},
  url          = {https://proceedings.neurips.cc/paper/2018/hash/294a8ed24b1ad22ec2e7efea049b8737-Abstract.html},
  timestamp    = {Mon, 16 May 2022 15:41:51 +0200},
  biburl       = {https://dblp.org/rec/conf/nips/AdebayoGMGHK18.bib},
  bibsource    = {dblp computer science bibliography, https://dblp.org}
}

@article{zou2005regularization,
  title={Regularization and variable selection via the elastic net},
  author={Zou, Hui and Hastie, Trevor},
  journal={Journal of the Royal Statistical Society Series B: Statistical Methodology},
  volume={67},
  number={2},
  pages={301--320},
  year={2005},
  publisher={Oxford University Press},
  url={https://academic.oup.com/jrsssb/article/67/2/301/7109482}
}

@inproceedings{DBLP:conf/acl/ChenFWB17,
  author       = {Danqi Chen and
                  Adam Fisch and
                  Jason Weston and
                  Antoine Bordes},
  editor       = {Regina Barzilay and
                  Min{-}Yen Kan},
  title        = {Reading Wikipedia to Answer Open-Domain Questions},
  booktitle    = {Proceedings of the 55th Annual Meeting of the Association for Computational
                  Linguistics, {ACL} 2017, Vancouver, Canada, July 30 - August 4, Volume
                  1: Long Papers},
  pages        = {1870--1879},
  publisher    = {Association for Computational Linguistics},
  year         = {2017},
  url          = {https://doi.org/10.18653/v1/P17-1171},
  doi          = {10.18653/V1/P17-1171},
  timestamp    = {Thu, 14 Dec 2023 18:03:42 +0100},
  biburl       = {https://dblp.org/rec/conf/acl/ChenFWB17.bib},
  bibsource    = {dblp computer science bibliography, https://dblp.org}
}

@inproceedings{DBLP:conf/acl/LeeCT19,
  author       = {Kenton Lee and
                  Ming{-}Wei Chang and
                  Kristina Toutanova},
  editor       = {Anna Korhonen and
                  David R. Traum and
                  Llu{\'{\i}}s M{\`{a}}rquez},
  title        = {Latent Retrieval for Weakly Supervised Open Domain Question Answering},
  booktitle    = {Proceedings of the 57th Conference of the Association for Computational
                  Linguistics, {ACL} 2019, Florence, Italy, July 28- August 2, 2019,
                  Volume 1: Long Papers},
  pages        = {6086--6096},
  publisher    = {Association for Computational Linguistics},
  year         = {2019},
  url          = {https://doi.org/10.18653/v1/p19-1612},
  doi          = {10.18653/V1/P19-1612},
  timestamp    = {Fri, 06 Aug 2021 00:41:01 +0200},
  biburl       = {https://dblp.org/rec/conf/acl/LeeCT19.bib},
  bibsource    = {dblp computer science bibliography, https://dblp.org}
}

@inproceedings{lin-2004-rouge,
    title = "{ROUGE}: A Package for Automatic Evaluation of Summaries",
    author = "Lin, Chin-Yew",
    booktitle = "Text Summarization Branches Out",
    month = jul,
    year = "2004",
    address = "Barcelona, Spain",
    publisher = "Association for Computational Linguistics",
    url = "https://aclanthology.org/W04-1013",
    pages = "74--81",
}

@inproceedings{DBLP:conf/acl/TenneyDP19,
  author       = {Ian Tenney and
                  Dipanjan Das and
                  Ellie Pavlick},
  editor       = {Anna Korhonen and
                  David R. Traum and
                  Llu{\'{\i}}s M{\`{a}}rquez},
  title        = {{BERT} Rediscovers the Classical {NLP} Pipeline},
  booktitle    = {Proceedings of the 57th Conference of the Association for Computational
                  Linguistics, {ACL} 2019, Florence, Italy, July 28- August 2, 2019,
                  Volume 1: Long Papers},
  pages        = {4593--4601},
  publisher    = {Association for Computational Linguistics},
  year         = {2019},
  url          = {https://doi.org/10.18653/v1/p19-1452},
  doi          = {10.18653/v1/p19-1452},
  timestamp    = {Fri, 06 Aug 2021 00:41:01 +0200},
  biburl       = {https://dblp.org/rec/conf/acl/TenneyDP19.bib},
  bibsource    = {dblp computer science bibliography, https://dblp.org}
}

@inproceedings{DBLP:conf/blackboxnlp/VigB19,
  author       = {Jesse Vig and
                  Yonatan Belinkov},
  editor       = {Tal Linzen and
                  Grzegorz Chrupala and
                  Yonatan Belinkov and
                  Dieuwke Hupkes},
  title        = {Analyzing the Structure of Attention in a Transformer Language Model},
  booktitle    = {Proceedings of the 2019 {ACL} Workshop BlackboxNLP: Analyzing and
                  Interpreting Neural Networks for NLP, BlackboxNLP@ACL 2019, Florence,
                  Italy, August 1, 2019},
  pages        = {63--76},
  publisher    = {Association for Computational Linguistics},
  year         = {2019},
  url          = {https://doi.org/10.18653/v1/W19-4808},
  doi          = {10.18653/v1/W19-4808},
  timestamp    = {Mon, 09 Aug 2021 16:25:38 +0200},
  biburl       = {https://dblp.org/rec/conf/blackboxnlp/VigB19.bib},
  bibsource    = {dblp computer science bibliography, https://dblp.org}
}

@inproceedings{DBLP:conf/emnlp/VoitaST19a,
  author       = {Elena Voita and
                  Rico Sennrich and
                  Ivan Titov},
  editor       = {Kentaro Inui and
                  Jing Jiang and
                  Vincent Ng and
                  Xiaojun Wan},
  title        = {The Bottom-up Evolution of Representations in the Transformer: {A}
                  Study with Machine Translation and Language Modeling Objectives},
  booktitle    = {Proceedings of the 2019 Conference on Empirical Methods in Natural
                  Language Processing and the 9th International Joint Conference on
                  Natural Language Processing, {EMNLP-IJCNLP} 2019, Hong Kong, China,
                  November 3-7, 2019},
  pages        = {4395--4405},
  publisher    = {Association for Computational Linguistics},
  year         = {2019},
  url          = {https://doi.org/10.18653/v1/D19-1448},
  doi          = {10.18653/v1/D19-1448},
  timestamp    = {Thu, 07 Apr 2022 09:14:07 +0200},
  biburl       = {https://dblp.org/rec/conf/emnlp/VoitaST19a.bib},
  bibsource    = {dblp computer science bibliography, https://dblp.org}
}

@inproceedings{DBLP:conf/blackboxnlp/ClarkKLM19,
  author       = {Kevin Clark and
                  Urvashi Khandelwal and
                  Omer Levy and
                  Christopher D. Manning},
  editor       = {Tal Linzen and
                  Grzegorz Chrupala and
                  Yonatan Belinkov and
                  Dieuwke Hupkes},
  title        = {What Does {BERT} Look at? An Analysis of BERT's Attention},
  booktitle    = {Proceedings of the 2019 {ACL} Workshop BlackboxNLP: Analyzing and
                  Interpreting Neural Networks for NLP, BlackboxNLP@ACL 2019, Florence,
                  Italy, August 1, 2019},
  pages        = {276--286},
  publisher    = {Association for Computational Linguistics},
  year         = {2019},
  url          = {https://doi.org/10.18653/v1/W19-4828},
  doi          = {10.18653/v1/W19-4828},
  timestamp    = {Mon, 09 Aug 2021 16:25:38 +0200},
  biburl       = {https://dblp.org/rec/conf/blackboxnlp/ClarkKLM19.bib},
  bibsource    = {dblp computer science bibliography, https://dblp.org}
}

@inproceedings{DBLP:conf/nips/VaswaniSPUJGKP17,
  author    = {Ashish Vaswani and
               Noam Shazeer and
               Niki Parmar and
               Jakob Uszkoreit and
               Llion Jones and
               Aidan N. Gomez and
               Lukasz Kaiser and
               Illia Polosukhin},
  editor    = {Isabelle Guyon and
               Ulrike von Luxburg and
               Samy Bengio and
               Hanna M. Wallach and
               Rob Fergus and
               S. V. N. Vishwanathan and
               Roman Garnett},
  title     = {Attention is All you Need},
  booktitle = {Advances in Neural Information Processing Systems 30: Annual Conference
               on Neural Information Processing Systems 2017, December 4-9, 2017,
               Long Beach, CA, {USA}},
  pages     = {5998--6008},
  year      = {2017},
  url       = {https://proceedings.neurips.cc/paper/2017/hash/3f5ee243547dee91fbd053c1c4a845aa-Abstract.html},
  timestamp = {Thu, 21 Jan 2021 15:15:21 +0100},
  biburl    = {https://dblp.org/rec/conf/nips/VaswaniSPUJGKP17.bib},
  bibsource = {dblp computer science bibliography, https://dblp.org}
}

@inproceedings{DBLP:conf/emnlp/GevaSBL21,
  author       = {Mor Geva and
                  Roei Schuster and
                  Jonathan Berant and
                  Omer Levy},
  editor       = {Marie{-}Francine Moens and
                  Xuanjing Huang and
                  Lucia Specia and
                  Scott Wen{-}tau Yih},
  title        = {Transformer Feed-Forward Layers Are Key-Value Memories},
  booktitle    = {Proceedings of the 2021 Conference on Empirical Methods in Natural
                  Language Processing, {EMNLP} 2021, Virtual Event / Punta Cana, Dominican
                  Republic, 7-11 November, 2021},
  pages        = {5484--5495},
  publisher    = {Association for Computational Linguistics},
  year         = {2021},
  url          = {https://doi.org/10.18653/v1/2021.emnlp-main.446},
  doi          = {10.18653/v1/2021.emnlp-main.446},
  timestamp    = {Thu, 20 Jan 2022 10:02:18 +0100},
  biburl       = {https://dblp.org/rec/conf/emnlp/GevaSBL21.bib},
  bibsource    = {dblp computer science bibliography, https://dblp.org}
}

@inproceedings{DBLP:conf/akbc/DaBLCB21,
  author       = {Jeff Da and
                  Ronan Le Bras and
                  Ximing Lu and
                  Yejin Choi and
                  Antoine Bosselut},
  editor       = {Danqi Chen and
                  Jonathan Berant and
                  Andrew McCallum and
                  Sameer Singh},
  title        = {Analyzing Commonsense Emergence in Few-shot Knowledge Models},
  booktitle    = {3rd Conference on Automated Knowledge Base Construction, {AKBC} 2021,
                  Virtual, October 4-8, 2021},
  year         = {2021},
  url          = {https://doi.org/10.24432/C5NK5J},
  doi          = {10.24432/C5NK5J},
  timestamp    = {Sat, 29 Apr 2023 10:09:26 +0200},
  biburl       = {https://dblp.org/rec/conf/akbc/DaBLCB21.bib},
  bibsource    = {dblp computer science bibliography, https://dblp.org}
}

@inproceedings{DBLP:conf/emnlp/GevaCWG22,
  author       = {Mor Geva and
                  Avi Caciularu and
                  Kevin Ro Wang and
                  Yoav Goldberg},
  editor       = {Yoav Goldberg and
                  Zornitsa Kozareva and
                  Yue Zhang},
  title        = {Transformer Feed-Forward Layers Build Predictions by Promoting Concepts
                  in the Vocabulary Space},
  booktitle    = {Proceedings of the 2022 Conference on Empirical Methods in Natural
                  Language Processing, {EMNLP} 2022, Abu Dhabi, United Arab Emirates,
                  December 7-11, 2022},
  pages        = {30--45},
  publisher    = {Association for Computational Linguistics},
  year         = {2022},
  url          = {https://doi.org/10.18653/v1/2022.emnlp-main.3},
  doi          = {10.18653/v1/2022.emnlp-main.3},
  timestamp    = {Thu, 10 Aug 2023 12:35:28 +0200},
  biburl       = {https://dblp.org/rec/conf/emnlp/GevaCWG22.bib},
  bibsource    = {dblp computer science bibliography, https://dblp.org}
}

@inproceedings{DBLP:conf/acl/0003BLZZW0H24,
  author       = {Zihao Lin and
                  Mohammad Beigi and
                  Hongxuan Li and
                  Yufan Zhou and
                  Yuxiang Zhang and
                  Qifan Wang and
                  Wenpeng Yin and
                  Lifu Huang},
  editor       = {Lun{-}Wei Ku and
                  Andre Martins and
                  Vivek Srikumar},
  title        = {Navigating the Dual Facets: {A} Comprehensive Evaluation of Sequential
                  Memory Editing in Large Language Models},
  booktitle    = {Proceedings of the 62nd Annual Meeting of the Association for Computational
                  Linguistics (Volume 1: Long Papers), {ACL} 2024, Bangkok, Thailand,
                  August 11-16, 2024},
  pages        = {13755--13772},
  publisher    = {Association for Computational Linguistics},
  year         = {2024},
  url          = {https://doi.org/10.18653/v1/2024.acl-long.742},
  doi          = {10.18653/V1/2024.ACL-LONG.742},
  timestamp    = {Tue, 24 Sep 2024 10:55:38 +0200},
  biburl       = {https://dblp.org/rec/conf/acl/0003BLZZW0H24.bib},
  bibsource    = {dblp computer science bibliography, https://dblp.org}
}

@inproceedings{zheng2024prompt,
  title={On prompt-driven safeguarding for large language models},
  author={Zheng, Chujie and Yin, Fan and Zhou, Hao and Meng, Fandong and Zhou, Jie and Chang, Kai-Wei and Huang, Minlie and Peng, Nanyun},
  booktitle={ICLR 2024 Workshop on Secure and Trustworthy Large Language Models},
  year={2024},
  url= {https://openreview.net/pdf?id=lFwf7bnpUs}
}


@inproceedings{ma2024perturbation,
  title={Perturbation-Restrained Sequential Model Editing},
  author={Ma, Jun-Yu and Wang, Hong and Xu, Hao-Xiang and Ling, Zhen-Hua and Gu, Jia-Chen},
  booktitle    = {Thirteenth International Conference on Learning Representations, {ICLR} 2025},
  year={2025},
  url={https://arxiv.org/pdf/2405.16821}
}




@inproceedings{DBLP:journals/corr/SimonyanVZ13,
  author       = {Karen Simonyan and
                  Andrea Vedaldi and
                  Andrew Zisserman},
  editor       = {Yoshua Bengio and
                  Yann LeCun},
  title        = {Deep Inside Convolutional Networks: Visualising Image Classification
                  Models and Saliency Maps},
  booktitle    = {2nd International Conference on Learning Representations, {ICLR} 2014,
                  Banff, AB, Canada, April 14-16, 2014, Workshop Track Proceedings},
  year         = {2014},
  url          = {http://arxiv.org/abs/1312.6034},
  timestamp    = {Thu, 25 Jul 2019 14:36:46 +0200},
  biburl       = {https://dblp.org/rec/journals/corr/SimonyanVZ13.bib},
  bibsource    = {dblp computer science bibliography, https://dblp.org}
}

@inproceedings{DBLP:conf/eccv/ZeilerF14,
  author       = {Matthew D. Zeiler and
                  Rob Fergus},
  editor       = {David J. Fleet and
                  Tom{\'{a}}s Pajdla and
                  Bernt Schiele and
                  Tinne Tuytelaars},
  title        = {Visualizing and Understanding Convolutional Networks},
  booktitle    = {Computer Vision - {ECCV} 2014 - 13th European Conference, Zurich,
                  Switzerland, September 6-12, 2014, Proceedings, Part {I}},
  series       = {Lecture Notes in Computer Science},
  volume       = {8689},
  pages        = {818--833},
  publisher    = {Springer},
  year         = {2014},
  url          = {https://doi.org/10.1007/978-3-319-10590-1\_53},
  doi          = {10.1007/978-3-319-10590-1\_53},
  timestamp    = {Sat, 30 Sep 2023 09:39:19 +0200},
  biburl       = {https://dblp.org/rec/conf/eccv/ZeilerF14.bib},
  bibsource    = {dblp computer science bibliography, https://dblp.org}
}

@inproceedings{DBLP:journals/corr/SpringenbergDBR14,
  author       = {Jost Tobias Springenberg and
                  Alexey Dosovitskiy and
                  Thomas Brox and
                  Martin A. Riedmiller},
  editor       = {Yoshua Bengio and
                  Yann LeCun},
  title        = {Striving for Simplicity: The All Convolutional Net},
  booktitle    = {3rd International Conference on Learning Representations, {ICLR} 2015,
                  San Diego, CA, USA, May 7-9, 2015, Workshop Track Proceedings},
  year         = {2015},
  url          = {http://arxiv.org/abs/1412.6806},
  timestamp    = {Wed, 17 Jul 2019 10:40:54 +0200},
  biburl       = {https://dblp.org/rec/journals/corr/SpringenbergDBR14.bib},
  bibsource    = {dblp computer science bibliography, https://dblp.org}
}

@inproceedings{DBLP:conf/icml/SundararajanTY17,
  author       = {Mukund Sundararajan and
                  Ankur Taly and
                  Qiqi Yan},
  editor       = {Doina Precup and
                  Yee Whye Teh},
  title        = {Axiomatic Attribution for Deep Networks},
  booktitle    = {Proceedings of the 34th International Conference on Machine Learning,
                  {ICML} 2017, Sydney, NSW, Australia, 6-11 August 2017},
  series       = {Proceedings of Machine Learning Research},
  volume       = {70},
  pages        = {3319--3328},
  publisher    = {{PMLR}},
  year         = {2017},
  url          = {http://proceedings.mlr.press/v70/sundararajan17a.html},
  timestamp    = {Wed, 29 May 2019 08:41:45 +0200},
  biburl       = {https://dblp.org/rec/conf/icml/SundararajanTY17.bib},
  bibsource    = {dblp computer science bibliography, https://dblp.org}
}

@article{DBLP:journals/corr/abs-2308-03296,
  author       = {Roger B. Grosse and
                  Juhan Bae and
                  Cem Anil and
                  Nelson Elhage and
                  Alex Tamkin and
                  Amirhossein Tajdini and
                  Benoit Steiner and
                  Dustin Li and
                  Esin Durmus and
                  Ethan Perez and
                  Evan Hubinger and
                  Kamile Lukosiute and
                  Karina Nguyen and
                  Nicholas Joseph and
                  Sam McCandlish and
                  Jared Kaplan and
                  Samuel R. Bowman},
  title        = {Studying Large Language Model Generalization with Influence Functions},
  journal      = {CoRR},
  volume       = {abs/2308.03296},
  year         = {2023},
  url          = {https://doi.org/10.48550/arXiv.2308.03296},
  doi          = {10.48550/ARXIV.2308.03296},
  eprinttype    = {arXiv},
  eprint       = {2308.03296},
  timestamp    = {Tue, 22 Aug 2023 08:37:26 +0200},
  biburl       = {https://dblp.org/rec/journals/corr/abs-2308-03296.bib},
  bibsource    = {dblp computer science bibliography, https://dblp.org}
}

@inproceedings{DBLP:conf/nips/XieS0L23,
  author       = {Sang Michael Xie and
                  Shibani Santurkar and
                  Tengyu Ma and
                  Percy Liang},
  editor       = {Alice Oh and
                  Tristan Naumann and
                  Amir Globerson and
                  Kate Saenko and
                  Moritz Hardt and
                  Sergey Levine},
  title        = {Data Selection for Language Models via Importance Resampling},
  booktitle    = {Advances in Neural Information Processing Systems 36: Annual Conference
                  on Neural Information Processing Systems 2023, NeurIPS 2023, New Orleans,
                  LA, USA, December 10 - 16, 2023},
  year         = {2023},
  url          = {http://papers.nips.cc/paper\_files/paper/2023/hash/6b9aa8f418bde2840d5f4ab7a02f663b-Abstract-Conference.html},
  timestamp    = {Fri, 01 Mar 2024 16:26:20 +0100},
  biburl       = {https://dblp.org/rec/conf/nips/XieS0L23.bib},
  bibsource    = {dblp computer science bibliography, https://dblp.org}
}

@inproceedings{DBLP:conf/cvpr/JainSK0PM23,
  author       = {Saachi Jain and
                  Hadi Salman and
                  Alaa Khaddaj and
                  Eric Wong and
                  Sung Min Park and
                  Aleksander Madry},
  title        = {A Data-Based Perspective on Transfer Learning},
  booktitle    = {{IEEE/CVF} Conference on Computer Vision and Pattern Recognition,
                  {CVPR} 2023, Vancouver, BC, Canada, June 17-24, 2023},
  pages        = {3613--3622},
  publisher    = {{IEEE}},
  year         = {2023},
  url          = {https://doi.org/10.1109/CVPR52729.2023.00352},
  doi          = {10.1109/CVPR52729.2023.00352},
  timestamp    = {Mon, 28 Aug 2023 16:14:40 +0200},
  biburl       = {https://dblp.org/rec/conf/cvpr/JainSK0PM23.bib},
  bibsource    = {dblp computer science bibliography, https://dblp.org}
}

@inproceedings{DBLP:conf/iclr/FrankleC19,
  author       = {Jonathan Frankle and
                  Michael Carbin},
  title        = {The Lottery Ticket Hypothesis: Finding Sparse, Trainable Neural Networks},
  booktitle    = {7th International Conference on Learning Representations, {ICLR} 2019,
                  New Orleans, LA, USA, May 6-9, 2019},
  publisher    = {OpenReview.net},
  year         = {2019},
  url          = {https://openreview.net/forum?id=rJl-b3RcF7},
  timestamp    = {Thu, 25 Jul 2019 13:03:15 +0200},
  biburl       = {https://dblp.org/rec/conf/iclr/FrankleC19.bib},
  bibsource    = {dblp computer science bibliography, https://dblp.org}
}

@inproceedings{DBLP:conf/iclr/PatilHB24,
  author       = {Vaidehi Patil and
                  Peter Hase and
                  Mohit Bansal},
  title        = {Can Sensitive Information Be Deleted From LLMs? Objectives for Defending
                  Against Extraction Attacks},
  booktitle    = {The Twelfth International Conference on Learning Representations,
                  {ICLR} 2024, Vienna, Austria, May 7-11, 2024},
  publisher    = {OpenReview.net},
  year         = {2024},
  url          = {https://openreview.net/forum?id=7erlRDoaV8},
  timestamp    = {Mon, 29 Jul 2024 17:17:48 +0200},
  biburl       = {https://dblp.org/rec/conf/iclr/PatilHB24.bib},
  bibsource    = {dblp computer science bibliography, https://dblp.org}
}

@inproceedings{DBLP:conf/wacv/ChattopadhyaySH18,
  author       = {Aditya Chattopadhyay and
                  Anirban Sarkar and
                  Prantik Howlader and
                  Vineeth N. Balasubramanian},
  title        = {Grad-CAM++: Generalized Gradient-Based Visual Explanations for Deep
                  Convolutional Networks},
  booktitle    = {2018 {IEEE} Winter Conference on Applications of Computer Vision,
                  {WACV} 2018, Lake Tahoe, NV, USA, March 12-15, 2018},
  pages        = {839--847},
  publisher    = {{IEEE} Computer Society},
  year         = {2018},
  url          = {https://doi.org/10.1109/WACV.2018.00097},
  doi          = {10.1109/WACV.2018.00097},
  timestamp    = {Fri, 24 Mar 2023 00:04:56 +0100},
  biburl       = {https://dblp.org/rec/conf/wacv/ChattopadhyaySH18.bib},
  bibsource    = {dblp computer science bibliography, https://dblp.org}
}

@article{DBLP:journals/ijcv/SelvarajuCDVPB20,
  author       = {Ramprasaath R. Selvaraju and
                  Michael Cogswell and
                  Abhishek Das and
                  Ramakrishna Vedantam and
                  Devi Parikh and
                  Dhruv Batra},
  title        = {Grad-CAM: Visual Explanations from Deep Networks via Gradient-Based
                  Localization},
  journal      = {Int. J. Comput. Vis.},
  volume       = {128},
  number       = {2},
  pages        = {336--359},
  year         = {2020},
  url          = {https://doi.org/10.1007/s11263-019-01228-7},
  doi          = {10.1007/S11263-019-01228-7},
  timestamp    = {Tue, 16 Aug 2022 23:09:01 +0200},
  biburl       = {https://dblp.org/rec/journals/ijcv/SelvarajuCDVPB20.bib},
  bibsource    = {dblp computer science bibliography, https://dblp.org}
}

@inproceedings{DBLP:conf/bmvc/PetsiukDS18,
  author       = {Vitali Petsiuk and
                  Abir Das and
                  Kate Saenko},
  title        = {{RISE:} Randomized Input Sampling for Explanation of Black-box Models},
  booktitle    = {British Machine Vision Conference 2018, {BMVC} 2018, Newcastle, UK,
                  September 3-6, 2018},
  pages        = {151},
  publisher    = {{BMVA} Press},
  year         = {2018},
  url          = {http://bmvc2018.org/contents/papers/1064.pdf},
  timestamp    = {Tue, 21 Apr 2020 23:17:57 +0200},
  biburl       = {https://dblp.org/rec/conf/bmvc/PetsiukDS18.bib},
  bibsource    = {dblp computer science bibliography, https://dblp.org}
}

@article{fang2024alphaedit,
  title={Alphaedit: Null-space constrained knowledge editing for language models},
  author={Fang, Junfeng and Jiang, Houcheng and Wang, Kun and Ma, Yunshan and Wang, Xiang and He, Xiangnan and Chua, Tat-Seng},
  journal={arXiv preprint arXiv:2410.02355},
  url          = {https://arxiv.org/pdf/2410.02355},
  year={2024}
}

@article{jiang2024neuron,
  title={Neuron-Level Sequential Editing for Large Language Models},
  author={Jiang, Houcheng and Fang, Junfeng and Zhang, Tianyu and Zhang, An and Wang, Ruipeng and Liang, Tao and Wang, Xiang},
  journal={arXiv preprint arXiv:2410.04045},
  url          = {https://arxiv.org/pdf/2410.04045},
  year={2024}
}
