@inproceedings{DBLP:conf/acl/0003BLZZW0H24,
  author       = {Zihao Lin and
                  Mohammad Beigi and
                  Hongxuan Li and
                  Yufan Zhou and
                  Yuxiang Zhang and
                  Qifan Wang and
                  Wenpeng Yin and
                  Lifu Huang},
  editor       = {Lun{-}Wei Ku and
                  Andre Martins and
                  Vivek Srikumar},
  title        = {Navigating the Dual Facets: {A} Comprehensive Evaluation of Sequential
                  Memory Editing in Large Language Models},
  booktitle    = {Proceedings of the 62nd Annual Meeting of the Association for Computational
                  Linguistics (Volume 1: Long Papers), {ACL} 2024, Bangkok, Thailand,
                  August 11-16, 2024},
  pages        = {13755--13772},
  publisher    = {Association for Computational Linguistics},
  year         = {2024},
  url          = {https://doi.org/10.18653/v1/2024.acl-long.742},
  doi          = {10.18653/V1/2024.ACL-LONG.742},
  timestamp    = {Tue, 24 Sep 2024 10:55:38 +0200},
  biburl       = {https://dblp.org/rec/conf/acl/0003BLZZW0H24.bib},
  bibsource    = {dblp computer science bibliography, https://dblp.org}
}

@inproceedings{DBLP:conf/acl/DaiDHSCW22,
  author       = {Damai Dai and
                  Li Dong and
                  Yaru Hao and
                  Zhifang Sui and
                  Baobao Chang and
                  Furu Wei},
  editor       = {Smaranda Muresan and
                  Preslav Nakov and
                  Aline Villavicencio},
  title        = {Knowledge Neurons in Pretrained Transformers},
  booktitle    = {Proceedings of the 60th Annual Meeting of the Association for Computational
                  Linguistics (Volume 1: Long Papers), {ACL} 2022, Dublin, Ireland,
                  May 22-27, 2022},
  pages        = {8493--8502},
  publisher    = {Association for Computational Linguistics},
  year         = {2022},
  url          = {https://doi.org/10.18653/v1/2022.acl-long.581},
  doi          = {10.18653/v1/2022.acl-long.581},
  timestamp    = {Mon, 01 Aug 2022 16:27:52 +0200},
  biburl       = {https://dblp.org/rec/conf/acl/DaiDHSCW22.bib},
  bibsource    = {dblp computer science bibliography, https://dblp.org}
}

@inproceedings{DBLP:conf/cvpr/JainSK0PM23,
  author       = {Saachi Jain and
                  Hadi Salman and
                  Alaa Khaddaj and
                  Eric Wong and
                  Sung Min Park and
                  Aleksander Madry},
  title        = {A Data-Based Perspective on Transfer Learning},
  booktitle    = {{IEEE/CVF} Conference on Computer Vision and Pattern Recognition,
                  {CVPR} 2023, Vancouver, BC, Canada, June 17-24, 2023},
  pages        = {3613--3622},
  publisher    = {{IEEE}},
  year         = {2023},
  url          = {https://doi.org/10.1109/CVPR52729.2023.00352},
  doi          = {10.1109/CVPR52729.2023.00352},
  timestamp    = {Mon, 28 Aug 2023 16:14:40 +0200},
  biburl       = {https://dblp.org/rec/conf/cvpr/JainSK0PM23.bib},
  bibsource    = {dblp computer science bibliography, https://dblp.org}
}

@inproceedings{DBLP:conf/emnlp/0008TL0WC023,
  author       = {Siyuan Cheng and
                  Bozhong Tian and
                  Qingbin Liu and
                  Xi Chen and
                  Yongheng Wang and
                  Huajun Chen and
                  Ningyu Zhang},
  editor       = {Houda Bouamor and
                  Juan Pino and
                  Kalika Bali},
  title        = {Can We Edit Multimodal Large Language Models?},
  booktitle    = {Proceedings of the 2023 Conference on Empirical Methods in Natural
                  Language Processing, {EMNLP} 2023, Singapore, December 6-10, 2023},
  pages        = {13877--13888},
  publisher    = {Association for Computational Linguistics},
  year         = {2023},
  url          = {https://aclanthology.org/2023.emnlp-main.856},
  timestamp    = {Wed, 13 Dec 2023 17:20:20 +0100},
  biburl       = {https://dblp.org/rec/conf/emnlp/0008TL0WC023.bib},
  bibsource    = {dblp computer science bibliography, https://dblp.org}
}

@inproceedings{DBLP:conf/emnlp/CaoAT21,
  author       = {Nicola De Cao and
                  Wilker Aziz and
                  Ivan Titov},
  editor       = {Marie{-}Francine Moens and
                  Xuanjing Huang and
                  Lucia Specia and
                  Scott Wen{-}tau Yih},
  title        = {Editing Factual Knowledge in Language Models},
  booktitle    = {Proceedings of the 2021 Conference on Empirical Methods in Natural
                  Language Processing, {EMNLP} 2021, Virtual Event / Punta Cana, Dominican
                  Republic, 7-11 November, 2021},
  pages        = {6491--6506},
  publisher    = {Association for Computational Linguistics},
  year         = {2021},
  url          = {https://doi.org/10.18653/v1/2021.emnlp-main.522},
  doi          = {10.18653/v1/2021.emnlp-main.522},
  timestamp    = {Sun, 02 Oct 2022 16:00:24 +0200},
  biburl       = {https://dblp.org/rec/conf/emnlp/CaoAT21.bib},
  bibsource    = {dblp computer science bibliography, https://dblp.org}
}

@inproceedings{DBLP:conf/emnlp/GevaCWG22,
  author       = {Mor Geva and
                  Avi Caciularu and
                  Kevin Ro Wang and
                  Yoav Goldberg},
  editor       = {Yoav Goldberg and
                  Zornitsa Kozareva and
                  Yue Zhang},
  title        = {Transformer Feed-Forward Layers Build Predictions by Promoting Concepts
                  in the Vocabulary Space},
  booktitle    = {Proceedings of the 2022 Conference on Empirical Methods in Natural
                  Language Processing, {EMNLP} 2022, Abu Dhabi, United Arab Emirates,
                  December 7-11, 2022},
  pages        = {30--45},
  publisher    = {Association for Computational Linguistics},
  year         = {2022},
  url          = {https://doi.org/10.18653/v1/2022.emnlp-main.3},
  doi          = {10.18653/v1/2022.emnlp-main.3},
  timestamp    = {Thu, 10 Aug 2023 12:35:28 +0200},
  biburl       = {https://dblp.org/rec/conf/emnlp/GevaCWG22.bib},
  bibsource    = {dblp computer science bibliography, https://dblp.org}
}

@inproceedings{DBLP:conf/emnlp/GevaSBL21,
  author       = {Mor Geva and
                  Roei Schuster and
                  Jonathan Berant and
                  Omer Levy},
  editor       = {Marie{-}Francine Moens and
                  Xuanjing Huang and
                  Lucia Specia and
                  Scott Wen{-}tau Yih},
  title        = {Transformer Feed-Forward Layers Are Key-Value Memories},
  booktitle    = {Proceedings of the 2021 Conference on Empirical Methods in Natural
                  Language Processing, {EMNLP} 2021, Virtual Event / Punta Cana, Dominican
                  Republic, 7-11 November, 2021},
  pages        = {5484--5495},
  publisher    = {Association for Computational Linguistics},
  year         = {2021},
  url          = {https://doi.org/10.18653/v1/2021.emnlp-main.446},
  doi          = {10.18653/v1/2021.emnlp-main.446},
  timestamp    = {Thu, 20 Jan 2022 10:02:18 +0100},
  biburl       = {https://dblp.org/rec/conf/emnlp/GevaSBL21.bib},
  bibsource    = {dblp computer science bibliography, https://dblp.org}
}

@inproceedings{DBLP:conf/emnlp/WuLXDW0X23,
  author       = {Xinwei Wu and
                  Junzhuo Li and
                  Minghui Xu and
                  Weilong Dong and
                  Shuangzhi Wu and
                  Chao Bian and
                  Deyi Xiong},
  editor       = {Houda Bouamor and
                  Juan Pino and
                  Kalika Bali},
  title        = {{DEPN:} Detecting and Editing Privacy Neurons in Pretrained Language
                  Models},
  booktitle    = {Proceedings of the 2023 Conference on Empirical Methods in Natural
                  Language Processing, {EMNLP} 2023, Singapore, December 6-10, 2023},
  pages        = {2875--2886},
  publisher    = {Association for Computational Linguistics},
  year         = {2023},
  url          = {https://aclanthology.org/2023.emnlp-main.174},
  timestamp    = {Wed, 13 Dec 2023 17:20:20 +0100},
  biburl       = {https://dblp.org/rec/conf/emnlp/WuLXDW0X23.bib},
  bibsource    = {dblp computer science bibliography, https://dblp.org}
}

@inproceedings{DBLP:conf/emnlp/YaoWT0LDC023,
  author       = {Yunzhi Yao and
                  Peng Wang and
                  Bozhong Tian and
                  Siyuan Cheng and
                  Zhoubo Li and
                  Shumin Deng and
                  Huajun Chen and
                  Ningyu Zhang},
  editor       = {Houda Bouamor and
                  Juan Pino and
                  Kalika Bali},
  title        = {Editing Large Language Models: Problems, Methods, and Opportunities},
  booktitle    = {Proceedings of the 2023 Conference on Empirical Methods in Natural
                  Language Processing, {EMNLP} 2023, Singapore, December 6-10, 2023},
  pages        = {10222--10240},
  publisher    = {Association for Computational Linguistics},
  year         = {2023},
  url          = {https://aclanthology.org/2023.emnlp-main.632},
  timestamp    = {Wed, 13 Dec 2023 17:20:20 +0100},
  biburl       = {https://dblp.org/rec/conf/emnlp/YaoWT0LDC023.bib},
  bibsource    = {dblp computer science bibliography, https://dblp.org}
}

@inproceedings{DBLP:conf/iclr/FrankleC19,
  author       = {Jonathan Frankle and
                  Michael Carbin},
  title        = {The Lottery Ticket Hypothesis: Finding Sparse, Trainable Neural Networks},
  booktitle    = {7th International Conference on Learning Representations, {ICLR} 2019,
                  New Orleans, LA, USA, May 6-9, 2019},
  publisher    = {OpenReview.net},
  year         = {2019},
  url          = {https://openreview.net/forum?id=rJl-b3RcF7},
  timestamp    = {Thu, 25 Jul 2019 13:03:15 +0200},
  biburl       = {https://dblp.org/rec/conf/iclr/FrankleC19.bib},
  bibsource    = {dblp computer science bibliography, https://dblp.org}
}

@inproceedings{DBLP:conf/iclr/MengSABB23,
  author       = {Kevin Meng and
                  Arnab Sen Sharma and
                  Alex J. Andonian and
                  Yonatan Belinkov and
                  David Bau},
  title        = {Mass-Editing Memory in a Transformer},
  booktitle    = {The Eleventh International Conference on Learning Representations,
                  {ICLR} 2023, Kigali, Rwanda, May 1-5, 2023},
  publisher    = {OpenReview.net},
  year         = {2023},
  url          = {https://openreview.net/pdf?id=MkbcAHIYgyS},
  timestamp    = {Fri, 30 Jun 2023 14:55:53 +0200},
  biburl       = {https://dblp.org/rec/conf/iclr/MengSABB23.bib},
  bibsource    = {dblp computer science bibliography, https://dblp.org}
}

@inproceedings{DBLP:conf/iclr/MitchellLBFM22,
  author       = {Eric Mitchell and
                  Charles Lin and
                  Antoine Bosselut and
                  Chelsea Finn and
                  Christopher D. Manning},
  title        = {Fast Model Editing at Scale},
  booktitle    = {The Tenth International Conference on Learning Representations, {ICLR}
                  2022, Virtual Event, April 25-29, 2022},
  publisher    = {OpenReview.net},
  year         = {2022},
  url          = {https://openreview.net/forum?id=0DcZxeWfOPt},
  timestamp    = {Sat, 20 Aug 2022 01:15:42 +0200},
  biburl       = {https://dblp.org/rec/conf/iclr/MitchellLBFM22.bib},
  bibsource    = {dblp computer science bibliography, https://dblp.org}
}

@inproceedings{DBLP:conf/nips/MengBAB22,
  author       = {Kevin Meng and
                  David Bau and
                  Alex Andonian and
                  Yonatan Belinkov},
  title        = {Locating and Editing Factual Associations in {GPT}},
  booktitle    = {NeurIPS},
  year         = {2022},
  url          = {https://proceedings.neurips.cc/paper_files/paper/2022/file/6f1d43d5a82a37e89b0665b33bf3a182-Paper-Conference.pdf},
  timestamp    = {Thu, 11 May 2023 17:08:21 +0200},
  biburl       = {https://dblp.org/rec/conf/nips/MengBAB22.bib},
  bibsource    = {dblp computer science bibliography, https://dblp.org}
}

@inproceedings{DBLP:conf/nips/XieS0L23,
  author       = {Sang Michael Xie and
                  Shibani Santurkar and
                  Tengyu Ma and
                  Percy Liang},
  editor       = {Alice Oh and
                  Tristan Naumann and
                  Amir Globerson and
                  Kate Saenko and
                  Moritz Hardt and
                  Sergey Levine},
  title        = {Data Selection for Language Models via Importance Resampling},
  booktitle    = {Advances in Neural Information Processing Systems 36: Annual Conference
                  on Neural Information Processing Systems 2023, NeurIPS 2023, New Orleans,
                  LA, USA, December 10 - 16, 2023},
  year         = {2023},
  url          = {http://papers.nips.cc/paper\_files/paper/2023/hash/6b9aa8f418bde2840d5f4ab7a02f663b-Abstract-Conference.html},
  timestamp    = {Fri, 01 Mar 2024 16:26:20 +0100},
  biburl       = {https://dblp.org/rec/conf/nips/XieS0L23.bib},
  bibsource    = {dblp computer science bibliography, https://dblp.org}
}

@article{DBLP:journals/corr/SmilkovTKVW17,
  author       = {Daniel Smilkov and
                  Nikhil Thorat and
                  Been Kim and
                  Fernanda B. Vi{\'{e}}gas and
                  Martin Wattenberg},
  title        = {SmoothGrad: removing noise by adding noise},
  journal      = {CoRR},
  volume       = {abs/1706.03825},
  year         = {2017},
  url          = {http://arxiv.org/abs/1706.03825},
  eprinttype    = {arXiv},
  eprint       = {1706.03825},
  timestamp    = {Mon, 13 Aug 2018 16:48:36 +0200},
  biburl       = {https://dblp.org/rec/journals/corr/SmilkovTKVW17.bib},
  bibsource    = {dblp computer science bibliography, https://dblp.org}
}

@article{DBLP:journals/corr/abs-2012-00363,
  author       = {Chen Zhu and
                  Ankit Singh Rawat and
                  Manzil Zaheer and
                  Srinadh Bhojanapalli and
                  Daliang Li and
                  Felix X. Yu and
                  Sanjiv Kumar},
  title        = {Modifying Memories in Transformer Models},
  journal      = {CoRR},
  volume       = {abs/2012.00363},
  year         = {2020},
  url          = {https://arxiv.org/abs/2012.00363},
  eprinttype    = {arXiv},
  eprint       = {2012.00363},
  timestamp    = {Fri, 04 Dec 2020 12:07:23 +0100},
  biburl       = {https://dblp.org/rec/journals/corr/abs-2012-00363.bib},
  bibsource    = {dblp computer science bibliography, https://dblp.org}
}

@article{DBLP:journals/corr/abs-2308-03296,
  author       = {Roger B. Grosse and
                  Juhan Bae and
                  Cem Anil and
                  Nelson Elhage and
                  Alex Tamkin and
                  Amirhossein Tajdini and
                  Benoit Steiner and
                  Dustin Li and
                  Esin Durmus and
                  Ethan Perez and
                  Evan Hubinger and
                  Kamile Lukosiute and
                  Karina Nguyen and
                  Nicholas Joseph and
                  Sam McCandlish and
                  Jared Kaplan and
                  Samuel R. Bowman},
  title        = {Studying Large Language Model Generalization with Influence Functions},
  journal      = {CoRR},
  volume       = {abs/2308.03296},
  year         = {2023},
  url          = {https://doi.org/10.48550/arXiv.2308.03296},
  doi          = {10.48550/ARXIV.2308.03296},
  eprinttype    = {arXiv},
  eprint       = {2308.03296},
  timestamp    = {Tue, 22 Aug 2023 08:37:26 +0200},
  biburl       = {https://dblp.org/rec/journals/corr/abs-2308-03296.bib},
  bibsource    = {dblp computer science bibliography, https://dblp.org}
}

@article{DBLP:journals/corr/abs-2308-07269,
  author       = {Peng Wang and
                  Ningyu Zhang and
                  Xin Xie and
                  Yunzhi Yao and
                  Bozhong Tian and
                  Mengru Wang and
                  Zekun Xi and
                  Siyuan Cheng and
                  Kangwei Liu and
                  Guozhou Zheng and
                  Huajun Chen},
  title        = {EasyEdit: An Easy-to-use Knowledge Editing Framework for Large Language
                  Models},
  journal      = {CoRR},
  volume       = {abs/2308.07269},
  year         = {2023},
  url          = {https://doi.org/10.48550/arXiv.2308.07269},
  doi          = {10.48550/arXiv.2308.07269},
  eprinttype    = {arXiv},
  eprint       = {2308.07269},
  timestamp    = {Wed, 23 Aug 2023 14:43:32 +0200},
  biburl       = {https://dblp.org/rec/journals/corr/abs-2308-07269.bib},
  bibsource    = {dblp computer science bibliography, https://dblp.org}
}

@article{DBLP:journals/corr/abs-2310-02168,
  author       = {Shengyu Mao and
                  Ningyu Zhang and
                  Xiaohan Wang and
                  Mengru Wang and
                  Yunzhi Yao and
                  Yong Jiang and
                  Pengjun Xie and
                  Fei Huang and
                  Huajun Chen},
  title        = {Editing Personality for LLMs},
  journal      = {CoRR},
  volume       = {abs/2310.02168},
  year         = {2023},
  url          = {https://doi.org/10.48550/arXiv.2310.02168},
  doi          = {10.48550/ARXIV.2310.02168},
  eprinttype    = {arXiv},
  eprint       = {2310.02168},
  timestamp    = {Thu, 19 Oct 2023 13:12:52 +0200},
  biburl       = {https://dblp.org/rec/journals/corr/abs-2310-02168.bib},
  bibsource    = {dblp computer science bibliography, https://dblp.org}
}

@inproceedings{DBLP:journals/corr/abs-2401-04700,
  author       = {Jia{-}Chen Gu and
                  Hao{-}Xiang Xu and
                  Jun{-}Yu Ma and
                  Pan Lu and
                  Zhen{-}Hua Ling and
                  Kai{-}Wei Chang and
                  Nanyun Peng},
  title        = {Model Editing Harms General Abilities of Large Language Models: Regularization to the Rescue},
  booktitle    = {Proceedings of the 2024 Conference on Empirical Methods in Natural Language Processing},
  year         = {2024},
  url          = {https://doi.org/10.48550/arXiv.2401.04700},
  publisher    = {Association for Computational Linguistics}
}

@article{DBLP:journals/ijcv/SelvarajuCDVPB20,
  author       = {Ramprasaath R. Selvaraju and
                  Michael Cogswell and
                  Abhishek Das and
                  Ramakrishna Vedantam and
                  Devi Parikh and
                  Dhruv Batra},
  title        = {Grad-CAM: Visual Explanations from Deep Networks via Gradient-Based
                  Localization},
  journal      = {Int. J. Comput. Vis.},
  volume       = {128},
  number       = {2},
  pages        = {336--359},
  year         = {2020},
  url          = {https://doi.org/10.1007/s11263-019-01228-7},
  doi          = {10.1007/S11263-019-01228-7},
  timestamp    = {Tue, 16 Aug 2022 23:09:01 +0200},
  biburl       = {https://dblp.org/rec/journals/ijcv/SelvarajuCDVPB20.bib},
  bibsource    = {dblp computer science bibliography, https://dblp.org}
}

@article{fang2024alphaedit,
  title={Alphaedit: Null-space constrained knowledge editing for language models},
  author={Fang, Junfeng and Jiang, Houcheng and Wang, Kun and Ma, Yunshan and Wang, Xiang and He, Xiangnan and Chua, Tat-Seng},
  journal={arXiv preprint arXiv:2410.02355},
  url          = {https://arxiv.org/pdf/2410.02355},
  year={2024}
}

@article{jiang2024neuron,
  title={Neuron-Level Sequential Editing for Large Language Models},
  author={Jiang, Houcheng and Fang, Junfeng and Zhang, Tianyu and Zhang, An and Wang, Ruipeng and Liang, Tao and Wang, Xiang},
  journal={arXiv preprint arXiv:2410.04045},
  url          = {https://arxiv.org/pdf/2410.04045},
  year={2024}
}

@inproceedings{ma2024perturbation,
  title={Perturbation-Restrained Sequential Model Editing},
  author={Ma, Jun-Yu and Wang, Hong and Xu, Hao-Xiang and Ling, Zhen-Hua and Gu, Jia-Chen},
  booktitle    = {Thirteenth International Conference on Learning Representations, {ICLR} 2025},
  year={2025},
  url={https://arxiv.org/pdf/2405.16821}
}

