@article{Bombois2021,
author = {X. Bombois, D. Ghosh, G. Scorletti and J. Huillery},
title = {{LPV} system identification for control using the local approach},
journal = {International Journal of Control},
volume = {94},
number = {2},
pages = {390--410},
year = {2021},
publisher = {Taylor \& Francis},
doi = {10.1080/00207179.2019.1596316},

}

@article{Dehghani2024,
title = {Decentralized stabilization of large-scale linear parameter varying systems},
journal = {ISA Transactions},
volume = {148},
pages = {336--348},
year = {2024},
doi = {10.1016/j.isatra.2024.03.007},
OPTurl = {https://www.sciencedirect.com/science/article/pii/S0019057824001113},
author = {Maryam Dehghani},
}

@article{Goldschmidt2021,
doi = {10.1088/1367-2630/abe972},
OPTurl = {https://dx.doi.org/10.1088/1367-2630/abe972},
year = {2021},
month = {mar},
publisher = {IOP Publishing},
volume = {23},
number = {3},
pages = {033035},
author = {Andy Goldschmidt and E Kaiser and J L DuBois and S L Brunton and J N Kutz},
title = {Bilinear dynamic mode decomposition for quantum control},
journal = {New Journal of Physics},
}

@article{Huhn2023,
  title = {Parametric dynamic mode decomposition for reduced order modeling},
  volume = {475},
  ISSN = {0021-9991},
  OPTurl = {http://dx.doi.org/10.1016/j.jcp.2022.111852},
  DOI = {10.1016/j.jcp.2022.111852},
  journal = {Journal of Computational Physics},
  publisher = {Elsevier BV},
  author = {Huhn,  Quincy A. and Tano,  Mauricio E. and Ragusa,  Jean C. and Choi,  Youngsoo},
  year = {2023},
  month = feb,
  pages = {111852}
}

@INPROCEEDINGS{Jiang2024,

  author={Jiang, Xinyuan and Li, Yan and Huang, Daning},

  booktitle={2024 IEEE Power \& Energy Society Innovative Smart Grid Technologies Conference (ISGT)}, 

  title={Data-Driven Modeling and Prediction of Transient Dynamics of Microgrids through Dynamic Mode Decomposition with Control}, 

  year={2024},

  volume={},

  number={},

  pages={1-5},

  keywords={Data-driven modeling;Microgrids;Predictive models;Mathematical models;Numerical models;Transient analysis;Load modeling;Microgrids;Distributed Energy Resources (DERs);transient dynamics;Dynamic Mode Decomposition with Control (DMDc);data-driven;nonlinear},

  doi={10.1109/ISGT59692.2024.10454180}}

@article{Libero2024,
title = {Dynamic mode decomposition of {GRACE} satellite data},
journal = {Advances in Water Resources},
volume = {193},
pages = {104834},
year = {2024},
issn = {0309--1708},
doi = {10.1016/j.advwatres.2024.104834},
OPTurl = {https://www.sciencedirect.com/science/article/pii/S0309170824002215},
author = {G. Libero and V. Ciriello and D.M. Tartakovsky},
}

@ARTICLE{Liu2024,
  author={Liu, Xin and Hai, Yang and Dai, Wei},
  journal={IEEE Transactions on Automation Science and Engineering}, 
  title={Robust {LPV} System Identification With Skewed and Asymmetric Measurement Noise}, 
  year={2024},
  volume={},
  number={},
  pages={1-12},
  keywords={Noise;Noise measurement;System identification;Data models;Inference algorithms;Delays;Mathematical models;Robust global identification approach;linear parameter varying systems;shifted asymmetric Laplace distribution;maximum likelihood estimates},

  doi={10.1109/TASE.2024.3414500}}

@article{Sheikh2024,
title = {A comprehensive approach to sparse identification of linear parameter-varying models for lithium-ion batteries using improved experimental design},
journal = {Journal of Energy Storage},
volume = {95},
pages = {112581},
year = {2024},
issn = {2352-152X},
doi = {10.1016/j.est.2024.112581},
OPTurl = {https://www.sciencedirect.com/science/article/pii/S2352152X24021674},
author = {A.M.A. Sheikh and M.C.F. Donkers and H.J. Bergveld},
}

@misc{Sun2023,
      title={Parametric Dynamic Mode Decomposition for nonlinear parametric dynamical systems}, 
      author={Shuwen Sun and Lihong Feng and Hoon Seng Chan and Tamara Miličić and Tanja Vidaković-Koch and Fridolin Röder and Peter Benner},
      year={2023},
      eprint={2305.06197},
      archivePrefix={arXiv},
      primaryClass={math.NA},
      OPTurl={https://arxiv.org/abs/2305.06197}, 
}

