@comment{x-kbibtex-personnameformatting=<%l><, %f>}


@article{Antonelo2017,
  title={Echo state networks for data-driven downhole pressure estimation in gas-lift oil wells},
  author={Antonelo, Eric A and Camponogara, Eduardo and Foss, Bjarne},
  journal={Neural Networks},
  volume={85},
  pages={106--117},
  year={2017},
  publisher={Elsevier}
}

@article{HTu2014,
  doi = {10.3934/jcd.2014.1.391},
  OPTurl = {https://doi.org/10.3934/jcd.2014.1.391},
  year = {2014},
  publisher = {American Institute of Mathematical Sciences ({AIMS})},
  volume = {1},
  number = {2},
  pages = {391--421},
  author = {Jonathan H. Tu and Clarence W. Rowley and Dirk M. Luchtenburg and Steven L. Brunton and J. Nathan Kutz},
  title = {On dynamic mode decomposition:  Theory and applications},
  journal = {Journal of Computational Dynamics}
}


@ARTICLE{Hoffman2014,

  author={Hoffmann, Christian and Werner, Herbert},

  journal={IEEE Transactions on Control Systems Technology}, 

  title={A Survey of Linear Parameter-Varying Control Applications Validated by Experiments or High-Fidelity Simulations}, 

  year={2015},

  volume={23},

  number={2},

  pages={416-433},
  doi={10.1109/TCST.2014.2327584}}


@article{Morato2024,
title = {A robust nonlinear tracking {MPC} using {qLPV} embedding and zonotopic uncertainty propagation},
journal = {Journal of the Franklin Institute},
volume = {361},
number = {6},
pages = {106713},
year = {2024},
issn = {0016-0032},
doi = {10.1016/j.jfranklin.2024.106713},
author = {Marcelo M. Morato and Victor M. Cunha and Tito L.M. Santos and Julio E. Normey-Rico and Olivier Sename},
keywords = {Model predictive control, Linear parameter varying systems, Nonlinear systems, Tracking, Zonotopes},
}



@article{Schmid2022,
  title = {Dynamic Mode Decomposition and Its Variants},
  volume = {54},
  ISSN = {1545-4479},
  OPTurl = {http://dx.doi.org/10.1146/annurev-fluid-030121-015835},
  DOI = {10.1146/annurev-fluid-030121-015835},
  number = {1},
  journal = {Annual Review of Fluid Mechanics},
  publisher = {Annual Reviews},
  author = {Schmid,  Peter J.},
  year = {2022},
  month = jan,
  pages = {225–254}
}


@article{Zhang2017232,
title = {From structurally independent local {LTI} models to {LPV} model},
journal = {Automatica},
volume = {84},
pages = {232-235},
year = {2017},
issn = {0005-1098},
doi = {10.1016/j.automatica.2017.06.006},
OPTurl = {https://www.sciencedirect.com/science/article/pii/S0005109817302881},
author = {Qinghua Zhang and Lennart Ljung},
keywords = {System identification, LPV model, Coherent local linear models},
}

@ARTICLE{Han2013,
  author={S. I. {Han} and J. M. {Lee}},
  journal={IEEE Transactions on Industrial Electronics}, 
  title={Precise Positioning of Nonsmooth Dynamic Systems Using Fuzzy Wavelet Echo State Networks and Dynamic Surface Sliding Mode Control}, 
  year={2013},
  volume={60},
  number={11},
  pages={5124--5136},
  doi={10.1109/TIE.2012.2218560}
}

@article{Godfrey2022,
title = {Slug flow control using topside measurements: A review},
journal = {Chemical Engineering Journal Advances},
volume = {9},
pages = {100204},
year = {2022},
issn = {2666-8211},
doi = {https://doi.org/10.1016/j.ceja.2021.100204},
url = {https://www.sciencedirect.com/science/article/pii/S2666821121001198},
author = {Somtochukwu Godfrey Nnabuife and Henry Tandoh and James F. Whidborne},
}

@article{DMDc,
author = {Proctor, Joshua L. and Brunton, Steven L. and Kutz, J. Nathan},
title = {Dynamic Mode Decomposition with Control},
journal = {SIAM Journal on Applied Dynamical Systems},
volume = {15},
number = {1},
pages = {142-161},
year = {2016},
doi = {10.1137/15M1013857},
OptURL = {https://doi.org/10.1137/15M1013857},
OPTeprint = {https://doi.org/10.1137/15M1013857}
  }
@misc{Sun2023,
      title={Parametric Dynamic Mode Decomposition for nonlinear parametric dynamical systems}, 
      author={Shuwen Sun and Lihong Feng and Hoon Seng Chan and Tamara Miličić and Tanja Vidaković-Koch and Fridolin Röder and Peter Benner},
      year={2023},
      eprint={2305.06197},
      archivePrefix={arXiv},
      primaryClass={math.NA},
      OPTurl={https://arxiv.org/abs/2305.06197}, 
}

@article{Huhn2023,
  title = {Parametric dynamic mode decomposition for reduced order modeling},
  volume = {475},
  ISSN = {0021-9991},
  OPTurl = {http://dx.doi.org/10.1016/j.jcp.2022.111852},
  DOI = {10.1016/j.jcp.2022.111852},
  journal = {Journal of Computational Physics},
  publisher = {Elsevier BV},
  author = {Huhn,  Quincy A. and Tano,  Mauricio E. and Ragusa,  Jean C. and Choi,  Youngsoo},
  year = {2023},
  month = feb,
  pages = {111852}
}


@book{Jansen2013,
  doi = {10.1007/978-3-319-00260-6},
  url = {https://doi.org/10.1007/978-3-319-00260-6},
  year = {2013},
  publisher = {Springer International Publishing},
  author = {Jan Dirk Jansen},
  title = {A Systems Description of Flow Through Porous Media}
}

@article{Baddoo2022,
  doi = {10.1098/rspa.2021.0830},
  OPTurl = {https://doi.org/10.1098/rspa.2021.0830},
  year = {2022},
  month = apr,
  publisher = {The Royal Society},
  volume = {478},
  number = {2260},
  author = {Peter J. Baddoo and Benjamin Herrmann and Beverley J. McKeon and Steven L. Brunton},
  title = {Kernel learning for robust dynamic mode decomposition: linear and nonlinear disambiguation optimization},
  journal = {Proceedings of the Royal Society A: Mathematical,  Physical and Engineering Sciences}
}

@incollection{Schlkopf2001,
  doi = {10.1007/3-540-44581-1_27},
  url = {https://doi.org/10.1007/3-540-44581-1_27},
  year = {2001},
  publisher = {Springer Berlin Heidelberg},
  pages = {416--426},
  author = {Bernhard Sch\"{o}lkopf and Ralf Herbrich and Alex J. Smola},
  title = {A Generalized Representer Theorem},
  booktitle = {Lecture Notes in Computer Science}
}

@article{Ahmadi2021,
  doi = {10.1155/2021/8542637},
  OPTurl = {https://doi.org/10.1155/2021/8542637},
  year = {2021},
  month = nov,
  publisher = {Hindawi Limited},
  volume = {2021},
  pages = {1--13},
  author = {Mohsen Ahmadi and Fatemeh Dashti Ahangar and Nikoo Astaraki and Mohammad Abbasi and Behzad Babaei},
  editor = {Gaurav Singal},
  title = {{FWNNet}: Presentation of a New Classifier of Brain Tumor Diagnosis Based on Fuzzy Logic and the Wavelet-Based Neural Network Using Machine-Learning Methods},
  journal = {Computational Intelligence and Neuroscience}
}

@article{Li2022,
title = {Multi-reservoir echo state networks with sequence resampling for nonlinear time-series prediction},
journal = {Neurocomputing},
volume = {467},
pages = {115-129},
year = {2022},
issn = {0925-2312},
doi = {10.1016/j.neucom.2021.08.122},
author = {Ziqiang Li and Gouhei Tanaka},
}

@article{Wang2022neucom,
title = {Echo state network with logistic mapping and bias dropout for time series prediction},
journal = {Neurocomputing},
volume = {489},
pages = {196-210},
year = {2022},
issn = {0925-2312},
doi = {10.1016/j.neucom.2022.03.018},
author = {Heshan Wang and Yuxi Liu and Peng Lu and Yong Luo and Dongshu Wang and Xiangyang Xu},
}

@INPROCEEDINGS{Ruobin2022,
  author={Gao, Ruobin and Suganthan, P.N. and Zhou, Qin and Fai Yuen, Kum and Tanveer, M.},
  booktitle={IEEE Symposium Series on Computational Intelligence (SSCI)}, 
  title={Echo state neural network based ensemble deep learning for short-term load forecasting}, 
  year={2022},
  OPTvolume={},
  OPTnumber={},
  pages={277-284},
  doi={10.1109/SSCI51031.2022.10022067}}

@ARTICLE{Soroush2022,
  AUTHOR={Zangeneh Soroush, Morteza and Tahvilian, Parisa and Nasirpour, Mohammad Hossein and Maghooli, 
 Keivan and Sadeghniiat-Haghighi, Khosro and Vahid Harandi, Sepide and Abdollahi, Zeinab and Ghazizadeh, Ali and Jafarnia Dabanloo, Nader},   
TITLE={{EEG} artifact removal using sub-space decomposition, nonlinear dynamics, stationary wavelet transform and machine learning algorithms},      
	JOURNAL={Frontiers in Physiology},      
	VOLUME={13},           
	YEAR={2022},      
	  OPTURL={https://www.frontiersin.org/articles/10.3389/fphys.2022.910368},       
DOI={10.3389/fphys.2022.910368},      
ISSN={1664-042X},   
}

@article{Nomani2022,
  doi = {10.1155/2022/5667264},
  OPTurl = {https://doi.org/10.1155/2022/5667264},
  year = {2022},
  month = may,
  publisher = {Hindawi Limited},
  volume = {2022},
  pages = {1--17},
  author = {Ashkan Nomani and Yasaman Ansari and Mohammad Hossein Nasirpour and Armin Masoumian and Ehsan Sadeghi Pour and Amin Valizadeh},
  editor = {Mohamed Abdelaziz},
  title = {{PSOWNNs}-{CNN}: A Computational Radiology for Breast Cancer Diagnosis Improvement Based on Image Processing Using Machine Learning Methods},
  journal = {Computational Intelligence and Neuroscience}
}

@Article{Mohsen2022,
AUTHOR = {Ahmadi, Mohsen and Soofiabadi, Mahsa and Nikpour, Maryam and Naderi, Hossein and Abdullah, Lazim and Arandian, Behdad},
TITLE = {Developing a Deep Neural Network with Fuzzy Wavelets and Integrating an Inline {PSO} to Predict Energy Consumption Patterns in Urban Buildings},
JOURNAL = {Mathematics},
VOLUME = {10},
YEAR = {2022},
NUMBER = {8},
ARTICLE-NUMBER = {1270},
ISSN = {2227-7390},
DOI = {10.3390/math10081270}
}

@article{Sharifi2021,
  doi = {10.1080/10255842.2021.1921164},
  OPTurl = {https://doi.org/10.1080/10255842.2021.1921164},
  year = {2021},
  month = jun,
  publisher = {Informa {UK} Limited},
  volume = {24},
  number = {16},
  pages = {1828--1840},
  author = {Abbas Sharifi and Mohsen Ahmadi and Mohammad Amin Mehni and Saeid Jafarzadeh Ghoushchi and Yaghoub Pourasad},
  title = {Experimental and numerical diagnosis of fatigue foot using convolutional neural network},
  journal = {Computer Methods in Biomechanics and Biomedical Engineering}
}

@article{Yang2022,
  doi = {10.1007/s00521-022-07711-6},
  OPTurl = {https://doi.org/10.1007/s00521-022-07711-6},
  year = {2022},
  month = sep,
  publisher = {Springer Science and Business Media {LLC}},
  author = {Cuili Yang and Zhanhong Wu},
  title = {Multi-objective sparse echo state network},
  journal = {Neural Computing and Applications}
}

@article{Wang2018,
  doi = {10.1155/2018/8482352},
  OPTurl = {doi.org/10.1155/2018/8482352},
  year = {2018},
  publisher = {Hindawi Limited},
  volume = {2018},
  pages = {1--15},
  author = {Yi Wang and Bo Yu and Ye Wang},
  title = {Acceleration of Gas Reservoir Simulation Using Proper Orthogonal Decomposition},
  journal = {Geofluids}
}

@incollection{Maass2011,
  doi = {10.1142/9781848162778_0008},
  OPTrl = {https://doi.org/10.1142/9781848162778_0008},
  year = {2011},
  month = feb,
  publisher = {Imperial College Presss},
  pages = {275--296},
  author = {Wolfgang Maass},
  title = {Liquid State Machines: Motivation,  Theory,  and Applications},
  booktitle = {Computability in Context}
}

@article{Stefenon2022,
title = {Echo state network applied for classification of medium voltage insulators},
journal = {International Journal of Electrical Power \& Energy Systems},
volume = {134},
pages = {107336},
year = {2022},
issn = {0142-0615},
doi = {10.1016/j.ijepes.2021.107336},
OPTurl = {https://www.sciencedirect.com/science/article/pii/S0142061521005755},
author = {Stéfano Frizzo Stefenon and Laio Oriel Seman and Nemesio Fava {Sopelsa Neto} and Luiz Henrique Meyer and Ademir Nied and Kin-Choong Yow},
}

@ARTICLE{Wang2022,
  author={Wang, Hai and Long, Xingyi and Liu, Xue-Xin},
  journal={IEEE Transactions on Neural Networks and Learning Systems}, 
  title={{fastESN}: Fast Echo State Network}, 
  year={2022},
  OPTvolume={},
  OPTnumber={},
  OPTpages={1-15},
  doi={10.1109/TNNLS.2022.3167466}}



@article{Selga2012,
title = {Stability Preservation in Projection-based Model Order Reduction of Large Scale Systems},
journal = {European Journal of Control},
volume = {18},
number = {2},
pages = {122-132},
year = {2012},
issn = {0947-3580},
doi = {10.3166/ejc.18.122-132},
author = {Rosa Castañé Selga and Boris Lohmann and Rudy Eid},
}

@article{Halus2020,
  doi = {10.1063/5.0006869},
  OPTurl = {https://doi.org/10.1063/5.0006869},
  year = {2020},
  month = jun,
  publisher = {{AIP} Publishing},
  volume = {30},
  number = {6},
  pages = {063136},
  author = {Alexander Haluszczynski and Jonas Aumeier and Joschka Herteux and Christoph R\"{a}th},
  title = {Reducing network size and improving prediction stability of reservoir computing},
  journal = {Chaos: An Interdisciplinary Journal of Nonlinear Science}
}

@article{Lkse2017,
  doi = {10.1007/s12559-017-9450-z},
  year = {2017},
  month = jan,
  publisher = {Springer Science and Business Media {LLC}},
  volume = {9},
  number = {3},
  pages = {364--378},
  author = {Sigurd L{\o}kse and Filippo Maria Bianchi and Robert Jenssen},
  title = {Training Echo State Networks with Regularization Through Dimensionality Reduction},
  journal = {Cognitive Computation}
}

@article{Bai2021,
title = {Double-layer staged training echo-state networks for wind speed prediction using variational mode decomposition},
journal = {Applied Energy},
volume = {301},
pages = {117461},
year = {2021},
issn = {0306-2619},
doi = {10.1016/j.apenergy.2021.117461},
OPTurl = {https://www.sciencedirect.com/science/article/pii/S0306261921008503},
author = {Yulong Bai and Ming-De Liu and Lin Ding and Yong-Jie Ma},
}

@article{Mezzi2021,
title = {An Echo State Network for fuel cell lifetime prediction under a dynamic micro-cogeneration load profile},
journal = {Applied Energy},
volume = {283},
pages = {116297},
year = {2021},
issn = {0306-2619},
doi = {10.1016/j.apenergy.2020.116297},
OPTurl = {https://www.sciencedirect.com/science/article/pii/S0306261920316834},
author = {Rania Mezzi and Nadia Yousfi-Steiner and Marie Cécile Péra and Daniel Hissel and Laurent Larger},
}

@article{Liu2022,
  doi = {10.1155/2022/3672905},
  OPTurl = {https://doi.org/10.1155/2022/3672905},
  year = {2022},
  month = feb,
  publisher = {Hindawi Limited},
  volume = {2022},
  pages = {1--15},
  author = {Wenjie Liu and Yuting Bai and Xuebo Jin and Xiaoyi Wang and Tingli Su and Jianlei Kong},
  editor = {Alexander Ho{\v{s}}ovsk{\'{y}}},
  title = {Broad Echo State Network with Reservoir Pruning for Nonstationary Time Series Prediction},
  journal = {Computational Intelligence and Neuroscience}
}

@article{deterministic_esn,
author = {Rodan, Ali and Tino, Peter},
year = {2011},
issue = {11},
pages = {131--44},
title = {Minimum complexity echo state network},
volume = {22},
journal = {IEEE Transactions on Neural Networks},
doi = {10.1109/TNN.2010.2089641}
}

@ARTICLE{jordanou_ieee,
  author={Jordanou, Jean Panaioti and Antonelo, Eric Aislan and Camponogara, Eduardo},
  journal={IEEE Transactions on Neural Networks and Learning Systems}, 
  title={Echo State Networks for Practical Nonlinear Model Predictive Control of Unknown Dynamic Systems}, 
  year={2022},
  volume={33},
  number={6},
  pages={2615--2629},
  doi={10.1109/TNNLS.2021.3136357}}

@article{Sun2017,
title = {Optimal control of water flooding reservoir using proper orthogonal decomposition},
journal = {Journal of Computational and Applied Mathematics},
volume = {320},
pages = {120-137},
year = {2017},
issn = {0377-0427},
doi = {10.1016/j.cam.2017.01.020},
OPTurl = {https://www.sciencedirect.com/science/article/pii/S0377042717300419},
author = {{Xian-hang} Sun and {Ming-hai} Xu},
keywords = {Water flooding reservoir, Reduced-order model, Optimal control, Proper orthogonal decomposition},
}

@article{Sakemi2020,
  doi = {10.1038/s41598-020-78725-0},
  year = {2020},
  month = dec,
  publisher = {Springer Science and Business Media {LLC}},
  volume = {10},
  number = {1},
  author = {Yusuke Sakemi and Kai Morino and Timoth{\'{e}}e Leleu and Kazuyuki Aihara},
  title = {Model-size reduction for reservoir computing by concatenating internal states through time},
  journal = {Scientific Reports}
}

@article{Whiteaker2022,
  doi = {10.1063/5.0071926},
  OPTurl = {https://doi.org/10.1063/5.0071926},
  year = {2022},
  month = jul,
  publisher = {{AIP} Publishing},
  volume = {32},
  number = {7},
  pages = {073116},
  author = {Brian Whiteaker and Peter Gerstoft},
  title = {Reducing echo state network size with controllability matrices},
  journal = {Chaos: An Interdisciplinary Journal of Nonlinear Science}
}

@article{Chatu2010,
  doi = {10.1137/090766498},
  OPTurl = {https://doi.org/10.1137/090766498},
  year = {2010},
  month = jan,
  publisher = {Society for Industrial {\&} Applied Mathematics ({SIAM})},
  volume = {32},
  number = {5},
  pages = {2737--2764},
  author = {Saifon Chaturantabut and Danny C. Sorensen},
  title = {Nonlinear Model Reduction via Discrete Empirical Interpolation},
  journal = {{SIAM} Journal on Scientific Computing}
}

@INPROCEEDINGS{cisneros2018,
  author={P. S. G. {Cisneros} and H. {Werner}},
  booktitle={2018 Annual American Control Conference (ACC)}, 
  title={A Dissipativity Formulation for Stability Analysis of Nonlinear and Parameter Dependent {MPC}}, 
  year={2018},
  OPTvolume={},
  OPTnumber={},
  pages={3894--3899},
  doi = {10.23919/ACC.2018.8431417} }
  
  
@inbook{APC,
author = {Witt, Jonas and Werner, Herbert},
year = {2010},
month = {08},
title = {Approximate Model Predictive Control for Nonlinear Multivariable Systems},
isbn = {978-953-307-102-2},
doi = {10.5772/46955}
}

@inproceedings{ouali2020,
  title={Nonlinear Dynamical Systems Modelling and Identification Using Type-2 Fuzzy Logic. Metaheuristic Algorithms Based Approach.},
  author={Ouali, Mohammed Assam and Ladjal, Mohamed},
  booktitle={2020 International Conference on Electrical Engineering (ICEE)},
  pages={1--6},
  year={2020},
  organization={IEEE}
}

@article{ayala2020,
  title={Nonlinear black-box system identification through coevolutionary algorithms and radial basis function artificial neural networks},
  author={Ayala, Helon Vicente Hultmann and Habineza, Didace and Rakotondrabe, Micky and dos Santos Coelho, Leandro},
  journal={Applied Soft Computing},
  volume={87},
  pages={105990},
  year={2020},
  publisher={Elsevier}
}

@ARTICLE{Chen:TC:ESN-Control:2019,
author={Q. {Chen} and H. {Shi} and M. {Sun}},
journal={IEEE Transactions on Cybernetics},
title={Echo State Network-Based Backstepping Adaptive Iterative Learning Control for Strict-Feedback Systems: An Error-Tracking Approach},
year={2020},
volume={50},
number={7},
pages={3009--3022},
OPTdoi={10.1109/TCYB.2019.2931877},
ISSN={2168-2275},
}


% This file was created with JabRef 2.5.
% Encoding: UTF-8
@ARTICLE{Malik:TC:ESN:2017,
author={Z. K. {Malik} and A. {Hussain} and Q. J. {Wu}},
journal={IEEE Transactions on Cybernetics},
title={Multilayered Echo State Machine: A Novel Architecture and Algorithm},
year={2017},
volume={47},
number={4},
pages={946-959},
OPTdoi={10.1109/TCYB.2016.2533545},
ISSN={2168-2275},
month={April},
}

@article{Verstraeten2012,
  Title                    = {Oger: modular learning architectures for large-scale sequential processing},
  Author                   = {David Verstraeten and Benjamin Schrauwen and Sander Dieleman and Phil士on Brakel and Pieter Buteneers and Dejan Pecevski},
  Journal                  = {Journal of Machine Learning Research},
  Year                     = {2012},
  Pages                    = {2995-2998},
  Volume                   = {13},

  Owner                    = {erantone},
  Timestamp                = {2014.10.24}
}

@Article{Chen2018,
  author    = {Chen, Qiang and Shi, Linlin and Na, Jing and Ren, Xuemei and Nan, Yurong},
  title     = {Adaptive echo state network control for a class of pure-feedback systems with input and output constraints},
  year      = {2018},
  volume    = {275},
  pages     = {1370--1382},
  journal   = {Neurocomputing},
  publisher = {Elsevier},
}
@InProceedings{Doya1992,
  Title                    = {Bifurcations in the learning of recurrent neural networks},
  Author                   = {Doya, K.},
  Booktitle                = {Proc. of IEEE Int. Symp. on Circ. and Syst.},
  OPTBooktitle                = {Proc. of IEEE Int. Symp. on Circuits and Systems},
  Year                     = {1992},
  Pages                    = {2777-2780},
  Volume                   = {6},
  Owner                    = {erantone},
  Timestamp                = {2011.07.25}
}

@inproceedings{Schrauwen2007,
  title={An overview of reservoir computing: theory, applications and implementations},
  author={Schrauwen, Benjamin and Verstraeten, David and Van Campenhout, Jan},
  booktitle={Proceedings of the 15th European Symposium on Artificial Neural Networks},
  pages={471-482},
  year={2007}
}

@book{amplbook,
address = {New York, NY},
author = {Fourer, Ro. and Gay, D M and Kerninghan, B W},
file = {:home/eohulse/My/BOOKS/Mendeley/AMPL, 2nd. ed..pdf:pdf},
publisher = {Thomson Brooks/Cole},
title = {{AMPL - A Modeling Language for Mathematical Programming}},
year = {2003}
}

@article{Alarcon2002,
author = {Alarc\'on, G A and Torres, C F and Gomez, L E},
journal = {Journal of Energy Resources Technology},
number = {4},
pages = {262--268},
title = {{Global optimization of gas allocation to a group of wells in artificial lift using nonlinear constrained programming}},
volume = {124},
year = {2002}
}

@book{wolsey-book,
address = {New York, NY},
author = {Wolsey, Laurence},
edition = {1st},
mendeley-groups = {Master Thesis},
publisher = {Wiley-Interscience},
title = {{Integer Programming}},
year = {1998}
}


@book{oilwelldrilling,
	address = {Austin, TX},
	author = {Bommer, Paul},
	edition = {7th},
	publisher = {The University of Texas at Austin},
	title = {{A primier of oilwell drilling.}},
	year = {2008}
}

@book{fundamentalspetroleum,
	address = {Austin, TX},
	author = {Denehy, Debby},
	edition = {5th},
	publisher = {The University of Texas at Austin},
	title = {{Fundamentals of Petroleum.}},
	year = {2011}
}

@book{theproductionstory,
	address = {Austin, TX},
	author = {Denehy, Debby},
	edition = {2nd},
	publisher = {The University of Texas at Austin},
	title = {{Oil \& gas: the production story.}},
	year = {2008}
}

@book{fundamentosep,
	address = {Rio de Janeiro, RJ},
	author = {Thomas, José Eduardo},
	edition = {2nd},
	publisher = {Editora Interciências},
	title = {{Fundamentos de engenharia do petróleo.}},
	year = {2001}
}

@book{Williams2013,
address = {London},
author = {Williams, HP P},
edition = {5th},
file = {:home/eohulse/.local/share/data/Mendeley Ltd./Mendeley Desktop/Downloaded/Williams - 2013 - Model building in mathematical programming.pdf:pdf},
publisher = {Wiley},
title = {{Model building in mathematical programming}},
year = {2013}
}

@book{Dantzig1997,
address = {New York, NY},
author = {Dantzig, George B. and Thapa, Mukund N.},
editor = {Glynn, Peter},
file = {:home/eohulse/.local/share/data/Mendeley Ltd./Mendeley Desktop/Downloaded/Dantzig, Thapa - 1997 - Linear Programming.pdf:pdf},
number = {January},
publisher = {Springer-Verlag},
title = {{Linear Programming}},
year = {1997}
}

@book{WolseyNemhauser,
address = {New York, NY},
author = {Wolsey, Laurence and Nemhauser, George L},
edition = {1st},
publisher = {Wiley-Interscience},
title = {{Integer and Combinatorial Optimization}},
year = {1999}
}

@article{Foss2011,
author = {Foss, Bjarne A. and Jensen, John Petter},
file = {:home/eohulse/My/BOOKS/Mendeley/ Performance analysis for closed-loop reservoir management.pdf:pdf},
journal = {SPE Journal},
month = apr,
number = {01},
pages = {183--190},
title = {{Performance Analysis for Closed-Loop Reservoir Management}},
volume = {16},
year = {2011}
}

@article{Saputelli2005,
author = {Saputelli, Luigi and Nikolaou, Michael and Economides, Michael J.},
file = {:home/eohulse/My/BOOKS/Mendeley/Self-Learning Reservoir Management.pdf:pdf},
journal = {SPE Reservoir Evaluation \& Engineering},
month = apr,
number = {06},
pages = {534--547},
title = {{Self-Learning Reservoir Management}},
volume = {8},
year = {2005}
}

@article{Vogel1968,
author = {Vogel, J V},
file = {:home/eohulse/.local/share/data/Mendeley Ltd./Mendeley Desktop/Downloaded/Vogel - 2013 - Inflow Performance Relationships for Solution-Gas Drive Wells.pdf:pdf},
journal = {Journal of Petroleum Technology},
month = apr,
number = {01},
pages = {83--92},
title = {{Inflow Performance Relationships for Solution-Gas Drive Wells}},
volume = {20},
year = {1968}
}

@book{Economides2012,
address = {Upper Saddle River, NJ},
author = {Economides, Michael J. and Hill, A. Daniel and Ehlig-Economides, Christine and Zhu, Ding},
edition = {2nd},
editor = {{Bernard Goodwin}},
file = {:home/eohulse/My/BOOKS/Mendeley/Michael J. Economides, A. Daniel Hill-Petroleum Production Systems-Prentice Hall (2012).pdf:pdf},
keywords = {Oil fields—Production methods.,Petroleum engineering.},
publisher = {Prentice Hall},
title = {{Petroleum production systems}},
year = {2012}
}

@book{Bradley1987,
address = {Richardson, TX},
edition = {3rd},
editor = {Bradley, HB and Gipson, FW},
file = {:home/eohulse/My/BOOKS/Mendeley/Howard B. Bradley, Fred W. Gipson-Petroleum engineering handbook  -Society of Petroleum Engineers (1987).pdf:pdf},
publisher = {Society of Petroleum Engineers},
title = {{Petroleum engineering handbook}},
year = {1987}
}

@article{Bertuzzi1953,
author = {A.F. Bertuzzi and Welchon, J.K. and Poettman, F.H.},
file = {:home/eohulse/My/BOOKS/Mendeley/SPE-953271-G.pdf:pdf},
journal = {Journal of Petroleum Technology},
title = {{Description and Analysis of an Efficient Continuous-Flow Gas-Lift Installation}},
pages = {271--278},
volume = {5},
year = {1953}
}

@article{Brown1980,
	author = {Brown, K.E. and Day, J.J. and Byrd, J.P. and Mach, J.},
	journal = {Petroleum Publishing},
	title = {{The Technology of Artificial Lift Methods}},
	year = {1980}
}

@article{Mach1979,
author = {Mach, Joe and Proano, Eduardo and Brown, Kermit E.},
file = {:home/eohulse/My/BOOKS/Mendeley/SPE-8025-MS.pdf:pdf},
journal = {SPE},
title = {{A nodal approach for applying system analysis to the flowing and artificial lift oil or gas well}},
year = {1979}
}

@article{Nakashima2006,
	author = {Nakashima, P. and Camponogara, Eduardo},
	journal = {IEEE Transactions on Systems, Man, Cybernetics --- Part A},
	number = {2},
	pages = {407--414},
	title = {{Solving a gas-lift optimization problem by dynamic programming}},
	volume = {36},
	year = {2006}
}

@book{Li2006,
address = {New York, NY},
author = {Li, Duan and Sun, Xiaoling},
file = {:home/eohulse/.local/share/data/Mendeley Ltd./Mendeley Desktop/Downloaded/Li, Sun - 2006 - Nonlinear Integer Programming.pdf:pdf},
publisher = {Springer},
title = {{Nonlinear Integer Programming}},
year = {2006}
}

@article{Elgsaeter2008,
author = {Elgs{\ae}ter, Steinar and Slupphaug, Olav and Johansen, Tor Arne},
file = {:home/eohulse/My/BOOKS/Mendeley/ie08.pdf:pdf},
journal = {Intelligent Energy Conference and Exhibition},
title = {{Production optimization; System Identification and Uncertainty Estimation}},
year = {2008}
}

@book{Vanderbei2008,
address = {New Jersey},
author = {Vanderbei, Robert J.},
file = {:home/eohulse/My/BOOKS/Mendeley/Linear Programming.pdf:pdf},
publisher = {Springer},
title = {{Linear Programming - Foundations and Extensions}},
year = {2008}
}

@techreport{Fourer2013,
address = {Northwestern University},
author = {Fourer, Robert},
file = {:home/eohulse/My/BOOKS/Mendeley/amlopt.pdf:pdf},
title = {{Algebraic Modeling Languages for Optimization}},
year = {2013}
}

@article{Saputelli2003,
author = {Saputelli, L.a. and Mochizuki, S. and Hutchins, L. and Cramer, R. and Anderson, M.B. and Mueller, J.B. and Escorcia, a. and a.L. Harms and Sisk, C.D. and Pennebaker, S. and Han, J.T. and Brown, a. and Kabir, C.S. and Reese, R.D. and Nunez, G.J. and Landgren, K.M. and McKie, C.J. and Airlie, C.},
doi = {10.2118/83978-MS},
file = {:home/eohulse/My/BOOKS/Mendeley/SPE-83978-MS.pdf:pdf},
journal = {Proceedings of Offshore Europe},
pages = {1--9},
title = {{Promoting Real-Time Optimization of Hydrocarbon Producing Systems}},
year = {2003}
}

@article{Santos2001,
author = {Santos, Odair G. and Bordalo, Sergio N. and Alhanati, F. J S},
file = {:home/eohulse/My/BOOKS/Mendeley/1-s2.0-S0920410501001644-main.pdf:pdf},
journal = {Journal of Petroleum Science and Engineering},
keywords = {Computer simulation,Gas-lift,Optimization,Petroleum production},
pages = {231--248},
title = {{Study of the dynamics, optimization and selection of intermittent gas-lift methods — a comprehensive model}},
volume = {32},
year = {2001}
}

@article{Saputelli2002,
author = {Saputelli, L. and Malki, H. and Canelon, J. and Nikolaou, M.},
file = {:home/eohulse/My/BOOKS/Mendeley/SPE-77703-MS.pdf:pdf},
journal = {Proceedings of SPE Annual Technical Conference and Exhibition},
pages = {1--2},
title = {{A Critical Overview of Artificial Neural Network Applications in the Context of Continuous Oil Field Optimization.}},
year = {2002}
}


@article{Redden1974,
author = {Redden, Jd and Sherman, Ta and Blann, Jr},
file = {:home/eohulse/My/BOOKS/Mendeley/redden\_1974\_spe5150.pdf:pdf},
journal = {Fall Meeting of the Society of Petroleum Engineers of AIME},
title = {{Optimizing gas-lift systems}},
year = {1974}
}

@article{Buitrago1996,
author = {Buitrago, S and Rodriguez, E and Espin, D},
file = {:home/eohulse/My/BOOKS/Mendeley/SPE-35616-MS.pdf:pdf},
journal = {SPE Gas Technology Symposium},
title = {{Global optimization techniques in gas allocation for continuous flow gas lift systems}},
year = {1996}
}

@article{Kosmidis2004,
author = {Kosmidis, Vassileios D. and Perkins, John D. and Pistikopoulos, Efstratios N.},
file = {:home/eohulse/My/BOOKS/Mendeley/ie034171z.pdf:pdf},
journal = {Industrial \& Engineering Chemistry Research},
pages = {3513--3527},
title = {{Optimization of Well Oil Rate Allocations in Petroleum Fields}},
volume = {43},
year = {2004}
}

@article{Kosmidis2005,
author = {Kosmidis, Vassileios D. and Perkins, John D. and Pistikopoulos, Efstratios N.},
file = {:home/eohulse/My/BOOKS/Mendeley/1-s2.0-S0098135404003473-main.pdf:pdf},
journal = {Computers and Chemical Engineering},
keywords = {Mixed integer optimization,Oilfields production optimization,Well scheduling},
pages = {1523--1541},
title = {{A mixed integer optimization formulation for the well scheduling problem on petroleum fields}},
volume = {29},
year = {2005}
}


@article{Codas2012a,
author = {Codas, Andr\'{e}s and Camponogara, Eduardo},
file = {:home/eohulse/.local/share/data/Mendeley Ltd./Mendeley Desktop/Downloaded/Codas, Camponogara - 2012 - Mixed-integer linear optimization for optimal lift-gas allocation with well-separator routing.pdf:pdf},
journal = {European Journal of Operational Research},
month = feb,
number = {1},
pages = {222--231},
title = {{Mixed-integer linear optimization for optimal lift-gas allocation with well-separator routing}},
volume = {217},
year = {2012}
}


@article{Camponogara2006,
author = {Camponogara, Eduardo and Nakashima, P. H R},
file = {:home/eohulse/My/BOOKS/Mendeley/1-s2.0-S0377221705002705-main.pdf:pdf},
journal = {European Journal of Operational Research},
keywords = {Dynamic programming,Gas-lift optimization,Oil industry,Polyhedra,Production},
pages = {1220--1246},
title = {{Solving a gas-lift optimization problem by dynamic programming}},
volume = {174},
year = {2006}
}

@article{Campos2010,
author = {Campos, Sthener and Teixeira, Alex and Vieira, Leonardo and Sunjerga, Sujezana},
file = {:home/eohulse/My/BOOKS/Mendeley/SPE-128742-MS.pdf:pdf},
journal = {Proceedings of SPE Intelligent Energy Conference and Exhibition},
number = {2005},
pages = {1--21},
title = {{Urucu Integrated Production Model}},
year = {2010}
}

@article{Gunnerud2010,
author = {Gunnerud, Vidar and Foss, Bjarne},
file = {:home/eohulse/My/BOOKS/Mendeley/1-s2.0-S0098135409002701-main.pdf:pdf},
journal = {Computers and Chemical Engineering},
keywords = {Dantzig-Wolfe decomposition,Lagrangian decomposition,Mixed integer linear programming,Oil production planning,Piecewise linearization},
number = {11},
pages = {1803--1812},
title = {{Oil production optimization-A piecewise linear model, solved with two decomposition strategies}},
volume = {34},
year = {2010}
}

@article{Silva2014,
author = {Silva, Thiago Lima and Camponogara, Eduardo},
file = {:home/eohulse/.local/share/data/Mendeley Ltd./Mendeley Desktop/Downloaded/Silva, Camponogara - 2014 - A computational analysis of multidimensional piecewise-linear models with applications to oil production opt.pdf:pdf},
journal = {European Journal of Operational Research},
month = feb,
number = {3},
pages = {630--642},
publisher = {Elsevier B.V.},
title = {{A computational analysis of multidimensional piecewise-linear models with applications to oil production optimization}},
volume = {232},
year = {2014}
}

@article{Rashid2010,
author = {Rashid, Kashif},
file = {:home/eohulse/My/BOOKS/Mendeley/ie900867r.pdf:pdf},
journal = {Industrial and Engineering Chemistry Research},
pages = {2286--2294},
title = {{Optimal allocation procedure for gas-lift optimization}},
volume = {49},
year = {2010}
}

@article{Camponogara2009,
author = {Camponogara, Eduardo and {De Conto}, Augusto M.},
file = {:home/eohulse/My/BOOKS/Mendeley/04982556.pdf:pdf},
journal = {IEEE Transactions on Automation Science and Engineering},
keywords = {Integer programming,Oil fields,Piecewise linearization,Polyhedral theory,Precedence constraints},
number = {3},
pages = {544--551},
title = {{Lift-Gas Allocation under Precedence Constraints: MILP Formulation and Computational Analysis}},
volume = {6},
year = {2009}
}

@phdthesis{Conto2006,
author = {{De Conto}, Augusto M.},
file = {:home/eohulse/My/BOOKS/Mendeley/dissertacao.pdf:pdf},
school = {Universidade Federal de Santa Catarina},
title = {{Aloca\c{c}\~{a}o de g\'{a}s de inje\c{c}\~{a}o em po\c{c}os de petr\'{o}leo sob restri\c{c}\~{o}es de preced\^{e}ncia: Lineariza\c{c}\~{a}o por partes e programa\c{c}\~{a}o inteira}},
year = {2006}
}


@article{Tribbe2000,
author = {Tribbe, C. and M\"uller-Steinhagen, H. M.},
file = {:home/eohulse/My/BOOKS/Mendeley/1-s2.0-S0301932299000701-main.pdf:pdf},
journal = {International Journal of Multiphase Flow},
keywords = {Phenomenological models,Pressure drop,Statistical analysis,Two-phase flow},
pages = {1019--1036},
title = {{An evaluation of the performance of phenomenological models for predicting pressure gradient during gas-liquid flow in horizontal pipelines}},
volume = {26},
year = {2000}
}

@article{Ullmann2006,
author = {Ullmann, a. and Brauner, N.},
file = {:home/eohulse/My/BOOKS/Mendeley/1-s2.0-S0301932205001242-main.pdf:pdf},
journal = {International Journal of Multiphase Flow},
keywords = {Closure,Interface curvature,Interfacial shear,Stratified flow,Turbulent,Two-fluid,Wall shear},
pages = {82--105},
title = {{Closure relations for two-fluid models for two-phase stratified smooth and stratified wavy flows}},
volume = {32},
year = {2006}
}


@book{Beggs2003,
address = {Tulsa, Oklahoma},
author = {Beggs, HD},
edition = {2nd},
file = {:home/eohulse/.local/share/data/Mendeley Ltd./Mendeley Desktop/Downloaded/Beggs - 2003 - Production Optimization using NODAL analysis.pdf:pdf},
publisher = {Oil \& Gas Consultants Intl.},
title = {{Production Optimization: using NODAL analysis}},
year = {2003}
}

@article{Camponogara2010,
author = {Camponogara, Eduardo and Plucenio, Agustinho and Teixeira, Alex F. and Campos, Sthener R V},
file = {:home/eohulse/My/BOOKS/Mendeley/1-s2.0-S092041050900237X-main.pdf:pdf},
journal = {Journal of Petroleum Science and Engineering},
keywords = {control,gas-lifted wells,optimization,smart fields,system automation},
number = {3-4},
pages = {157--167},
publisher = {Elsevier B.V.},
title = {{An automation system for gas-lifted oil wells: Model identification, control, and optimization}},
volume = {70},
year = {2010}
}

@article{Bertsimas2006,
author = {Bertsimas, Dimtris and Thiele, A},
file = {:home/eohulse/.local/share/data/Mendeley Ltd./Mendeley Desktop/Downloaded/Bertsimas, Thiele - 2006 - Robust and data-driven optimization Modern decision-making under uncertainty.pdf:pdf},
journal = {INFORMS Tutorials in \ldots},
keywords = {linear program-,optimization under uncertainty,risk preferences,uncertainty sets},
number = {March},
pages = {1--39},
title = {{Robust and data-driven optimization: Modern decision-making under uncertainty}},
year = {2006}
}

@article{Sahinidis2004,
author = {Sahinidis, Nikolaos V.},
file = {:home/eohulse/My/BOOKS/Mendeley/1-s2.0-S0098135403002369-main.pdf:pdf},
journal = {Computers and Chemical Engineering},
keywords = {Approximation algorithms,Fuzzy programming,Global optimization,Stochastic dynamic programming,Stochastic programming},
pages = {971--983},
title = {{Optimization under uncertainty: State-of-the-art and opportunities}},
volume = {28},
year = {2004}
}

@book{AharonBen-Tal2009,
author = {Ben-Tal, Aharon and Ghaoui, Laurent El and Nemirovski, Arkadi},
publisher = {Princeton University Press Requests},
title = {{Robust Optimization}},
year = {2009},
address = {New Jersey}
}

@article{Rangavajhala2007,
author = {Rangavajhala, Sirisha and Mullur, Anoop and Messac, Achille},
file = {:home/eohulse/.local/share/data/Mendeley Ltd./Mendeley Desktop/Downloaded/Rangavajhala, Mullur, Messac - 2007 - The challenge of equality constraints in robust design optimization examination and new approach.pdf:pdf},
journal = {Structural and Multidisciplinary Optimization},
keywords = {equality constraints,robust design optimization,uncertainty},
month = mar,
number = {5},
pages = {381--401},
title = {{The challenge of equality constraints in robust design optimization: examination and new approach}},
volume = {34},
year = {2007}
}

@article{Rangavajhala2009,
author = {Rangavajhala, Sirisha and Messac, Achille},
file = {:home/eohulse/.local/share/data/Mendeley Ltd./Mendeley Desktop/Downloaded/Rangavajhala, Messac - 2009 - Designer’s preferences regarding equality constraints in robust design optimization(2).pdf:pdf;:home/eohulse/.local/share/data/Mendeley Ltd./Mendeley Desktop/Downloaded/Rangavajhala, Messac - 2009 - Designer’s preferences regarding equality constraints in robust design optimization.pdf:pdf},
journal = {Structural and Multidisciplinary Optimization},
keywords = {constraint preferences,equality constraints,robust design optimization,uncertainty},
month = jul,
number = {1},
pages = {17--38},
title = {{Designer’s preferences regarding equality constraints in robust design optimization}},
volume = {41},
year = {2009}
}

@book{Rockafellar2001,
author = {Rockafellar, R. T.},
booktitle = {Introduction to Applied Optimization},
file = {:home/eohulse/My/BOOKS/Mendeley/uncertainty.pdf:pdf},
publisher = {University of Washington},
address = {Seattle, WA},
title = {{Optimization under uncertainty}},
year = {2001}
}

@article{Dantzig1955,
author = {Dantzig, George B.},
file = {:home/eohulse/.local/share/data/Mendeley Ltd./Mendeley Desktop/Downloaded/Dantzig - 1955 - Linear Programming under Uncertainty.pdf:pdf},
journal = {Management Science},
month = apr,
number = {3-4},
pages = {197--206},
title = {{Linear Programming under Uncertainty}},
volume = {1},
year = {1955}
}

@article{Cooper1959,
author = {A. Charnes and W. W. Cooper},
title = {Chance-Constrained Programming},
journal = {Management Science},
volume = {6},
number = {1},
pages = {73-79},
year = {1959},
doi = {10.1287/mnsc.6.1.73}
}

@book{Bellman1957,
author = {Bellman, Richard},
title = {Dynamic Programming},
publisher = {Princeton University Press},
year = {1957},
address = {Princeton, NJ, USA},
edition = {1}
}

@article{Wallace2000,
author = {Wallace, Stein W.},
file = {:home/eohulse/.local/share/data/Mendeley Ltd./Mendeley Desktop/Downloaded/Wallace - 2000 - Decision Making Under Uncertainty Is Sensitivity Analysis of Any Use.pdf:pdf},
journal = {Operations research},
month = feb,
number = {1},
pages = {20--25},
title = {{Decision making under uncertainty: Is sensitivity analysis of any use? }},
volume = {48},
year = {2000}
}

@article{Nemirovski2000,
author = {Ben-Tal, Aharon and Nemirovski, Arkadi},
file = {:home/eohulse/My/BOOKS/Mendeley/art\%3A10.1007\%2FPL00011380.pdf:pdf;:home/eohulse/.local/share/data/Mendeley Ltd./Mendeley Desktop/Downloaded/Ben-Tal, Nemirovski - 2000 - Robust solutions of Linear Programming problems contaminated with uncertain data.pdf:pdf},
journal = {Math. Programming},
month = sep,
number = {3},
pages = {411--421},
title = {{Robust solutions of linear programming problems contaminated with uncertain data}},
volume = {88},
year = {2000}
}

@article{Wald1945,
author = {Wald, Abraham},
file = {:home/eohulse/My/BOOKS/Mendeley/1969022.pdf:pdf},
journal = {Annals of Mathematics},
number = {2},
pages = {265--280},
title = {{Statistical Decision Functions Which Minimize the Maximum Risk}},
volume = {46},
year = {1945}
}

@article{Soyster1973,
author = {Soyster, A L},
file = {:home/eohulse/My/BOOKS/Mendeley/opre\%2E21\%2E5\%2E1154.pdf:pdf},
journal = {Operations research},
number = {February 2015},
pages = {1154--1157},
title = {{Convex programming with set-inclusive constraints and applications to inexact linear programming}},
volume = {21},
year = {1973}
}

@article{Nemirovski1998,
author = {Ben-Tal, Aharon and Nemirovski, Arkadi},
file = {:home/eohulse/My/BOOKS/Mendeley/tl15.pdf:pdf},
journal = {Mathematics of Operations Research},
keywords = {convex optimization,data uncertainty,geometric programming,linear programming,quadratic programming,robustness,semidefinite programming},
number = {i},
pages = {769--805},
title = {{Robust Convex Optimization}},
volume = {23},
year = {1998}
}

@article{Ben-Tal1999,
author = {Ben-Tal, Aharon and Nemirovski, Arkadi},
file = {:home/eohulse/.local/share/data/Mendeley Ltd./Mendeley Desktop/Downloaded/Ben-Tal, Nemirovski - 1999 - Robust solutions of uncertain linear programs.pdf:pdf},
journal = {Operations Research Letters},
keywords = {convex programming,data uncertainty,interior-point,linear programming,robustness},
month = aug,
number = {1},
pages = {1--13},
title = {{Robust solutions of uncertain linear programs}},
volume = {25},
year = {1999}
}

@article{ElGhaoui1997,
author = {El{ }Ghaoui, Laurent and Lebret, Herv\'{e}},
file = {:home/eohulse/My/BOOKS/Mendeley/10.1.1.17.2208.pdf:pdf},
journal = {SIAM Journal on Matrix Analysis and Applications},
keywords = {15a06,65f10,65f35,65k10,65y20,ams,and k x k,f the,for a matrix x,ill-conditioned problem,k x k denotes,least-squares,mos,notation,programming,regularization,robust identi cation,robust interpolation,robustness,second-order cone programming,semidefinite,subject classification,the largest singular value,uncertainty},
pages = {1035--1064},
pmid = {923755582},
title = {{Robust Solutions to Least-Squares Problems with Uncertain Data}},
volume = {18},
year = {1997}
}

@article{ElGhaoui1998,
author = {El{ }Ghaoui, Laurent and Oustry, Francois and Lebret, Herv\'{e}},
file = {:home/eohulse/My/BOOKS/Mendeley/rob-sdp.pdf:pdf},
journal = {SIAM Journal on Optimization},
keywords = {convex optimization,regular-,robustness,semidefinite programming,uncertainty},
number = {1},
pages = {33--52},
title = {{Robust Solutions to Uncertain Semidefinite Programs}},
volume = {9},
year = {1998}
}

@book{Kouvelis1997,
address = {Boston, MA},
author = {Kouvelis, Panos and Yu, Gang},
edition = {1},
file = {:home/eohulse/My/BOOKS/Mendeley/217990215.pdf:pdf},
publisher = {Kluwer Academic Publishers},
title = {{Robust Discrete Optimization and its Applications}},
year = {1997}
}

@book{Brunton-Kutz:Book:2017,
address = {University of Washington, WA},
author = {Steven L Brunton and J. Nathan Kutz},
edition = {1},
title = {Data-Driven Science \& Engineering: Machine Learning, Dynamical Systems, and Control},
year = {2017}
}


@article{GuerraVazquez2008,
author = {Guerra{ }V\'azquez, F. and R\"uckmann, J. J. and Stein, O. and Still, G.},
file = {:home/eohulse/My/BOOKS/Mendeley/1-s2.0-S0377042707000982-main.pdf:pdf},
journal = {Journal of Computational and Applied Mathematics},
keywords = {Design centering,First- and second-order optimality conditions,Generalized semi-infinite programming,Numerical methods,Reduction ansatz,Robust optimization,Structure of the feasible set},
pages = {394--419},
title = {{Generalized semi-infinite programming: A tutorial}},
volume = {217},
year = {2008}
}

@article{Bertismas2011,
archivePrefix = {arXiv},
arxivId = {1010.5445},
author = {Bertsimas, Dimitris and Brown, David B. and Caramanis, Constantine},
eprint = {1010.5445},
file = {:home/eohulse/.local/share/data/Mendeley Ltd./Mendeley Desktop/Downloaded/Bertsimas, Brown, Caramanis - 2011 - Theory and Applications of Robust Optimization.pdf:pdf},
institution = {Massachusetts Institute of Technology, Cambridge, MA},
journal = {SIAM Review},
keywords = {adaptable optimization,applications of robust op-,robust optimization,robustness},
month = jan,
number = {3},
pages = {464--501},
pmid = {20879563},
title = {{Theory and Applications of Robust Optimization}},
volume = {53},
year = {2011}
}

@incollection{Minoux09,
author    = {Minoux, Michel},
title     = {{Robust Linear Programming with Right-Hand-Side Uncertainty, Duality and Applications}},
booktitle = {Encyclopedia of Optimization, Second Edition},
pages     = {3317--3327},
year      = {2009},
timestamp = {Fri, 25 Nov 2011 18:23:13 +0100},
biburl    = {http://dblp.uni-trier.de/rec/bib/reference/opt/Minoux09},
bibsource = {dblp computer science bibliography, http://dblp.org},
publisher = {Springer},
address = {New York, NY},
}

@article{Bertsimas2003,
author = {Bertsimas, Dimitris and Sim, Melvyn},
file = {:home/eohulse/.local/share/data/Mendeley Ltd./Mendeley Desktop/Downloaded/Bertsimas, Sim - 2003 - Robust discrete optimization and network flows.pdf:pdf},
journal = {Mathematical Programming},
keywords = {integer programming,network flows,robust optimization},
month = sep,
number = {1-3},
pages = {49--71},
title = {{Robust discrete optimization and network flows}},
volume = {98},
year = {2003}
}

@article{Averbakh2001,
author = {Averbakh, Igor},
file = {:home/eohulse/My/BOOKS/Mendeley/art\%3A10.1007\%2FPL00011424.pdf:pdf},
journal = {Mathematical Programming},
keywords = {complexity,polynomial algorithm,robust optimization},
number = {2},
pages = {263--272},
title = {{On the complexity of a class of combinatorial optimization problems with uncertainty}},
volume = {90},
year = {2001}
}

@article{Atamturk2006,
author = {Atamt\"urk, Alper},
file = {:home/eohulse/My/BOOKS/Mendeley/art\%3A10.1007\%2Fs10107-006-0709-5.pdf:pdf},
journal = {Mathematical Programming},
keywords = {Computation,Modeling,Polyhedra,Robust optimization},
number = {2-3},
pages = {235--250},
title = {{Strong formulations of robust mixed 0-1 programming}},
volume = {108},
year = {2006}
}


@article{Bieker2007a,
author = {Bieker, Hans P and Slupphaug, Olav and Johansen, Tor A},
file = {:home/eohulse/My/BOOKS/Mendeley/SPE-99446-PA.pdf:pdf},
journal = {SPE Production \& Operations},
number = {December 2006},
pages = {11--13},
title = {{Real-Time Production Optimization of Oil and Gas Production Systems: A Technology Survey}},
year = {2007}
}

@inproceedings{VanEssen2006,
author = {Van{ }Essen, G. M. and Jansen, J. D. and Zandvliet, M. J. and {Van Den Hof}, P. M J and Bosgra, O. H.},
booktitle = {Conference on Control Applications},
file = {:home/eohulse/My/BOOKS/Mendeley/04776730.pdf:pdf},
pages = {699--704},
title = {{Robust Optimization of Oil Reservoir Flooding}},
year = {2006}
}

@article{Elgsaeter2010,
author = {Elgs{\ae}ter, Steinar M. and Slupphaug, Olav and Johansen, Tor Arne},
file = {:home/eohulse/My/BOOKS/Mendeley/1-s2.0-S0098135409001811-main.pdf:pdf},
journal = {Computers \& Chemical Engineering},
pages = {163--176},
title = {{A structured approach to optimizing offshore oil and gas production with uncertain models}},
volume = {34},
year = {2010}
}

@article{Capolei2015,
author = {Capolei, Andrea and Suwartadi, Eka and Foss, Bjarne and J\o rgensen, John Bagterp},
file = {:home/eohulse/My/BOOKS/Mendeley/1-s2.0-S0920410514003751-main.pdf:pdf},
journal = {Journal of Petroleum Science and Engineering},
number = {1},
pages = {23--37},
publisher = {Elsevier},
title = {{A mean–variance objective for robust production optimization in uncertain geological scenarios}},
volume = {125},
year = {2015}
}

@article{Chen2011,
author = {Chen, C. and Li, G. and Reynolds, A.C.},
file = {:home/eohulse/My/BOOKS/Mendeley/SPE-141314-MS.pdf:pdf},
journal = {SPE Reservoir Simulation Symposium},
number = {February},
pages = {1--23},
title = {{Robust constrained optimization of short and long-term NPV for closed-loop reservoir management}},
year = {2011}
}

@article{Bieker2007b,
author = {Bieker, Hans Petter and Slupphaug, Olav and Johansen, Tor Arne},
file = {:home/eohulse/My/BOOKS/Mendeley/SPE-106959-MS.pdf:pdf},
journal = {Proceedings of Digital Energy Conference and Exhibition},
pages = {1--6 -- SPE106959},
title = {{Well Management Under Uncertain Gas/ or Water/Oil Ratios}},
year = {2007}
}

@article{Vielma2010,
author = {Vielma, Juan Pablo and Ahmed, Shabbir and Nemhauser, George},
file = {:home/eohulse/.local/share/data/Mendeley Ltd./Mendeley Desktop/Downloaded/Vielma, Ahmed, Nemhauser - 2010 - Mixed-Integer Models for Nonseparable Piecewise-Linear Optimization Unifying Framework and Extensions.pdf:pdf;:home/eohulse/My/BOOKS/Mendeley/Mixed-Integer Models for Nonseparable Piecewise-Linear Optimization$\backslash$: Unifying Framework and Extensions.pdf:pdf},
journal = {Operations Research},
keywords = {,2008,history,mixed integer programming,piecewise linear functions,september},
month = apr,
number = {2},
pages = {303--315},
title = {{Mixed-Integer Models for Nonseparable Piecewise-Linear Optimization: Unifying Framework and Extensions}},
volume = {58},
year = {2010}
}

@article{Codas2012b,
author = {Codas, Andr\'{e}s and Campos, Sthener and Camponogara, Eduardo and Gunnerud, Vidar and Sunjerga, Snjezana},
file = {:home/eohulse/.local/share/data/Mendeley Ltd./Mendeley Desktop/Downloaded/Codas et al. - 2012 - Integrated production optimization of oil fields with pressure and routing constraints The Urucu field.pdf:pdf},
journal = {Computers \& Chemical Engineering},
month = nov,
pages = {178--189},
publisher = {Elsevier Ltd},
title = {{Integrated production optimization of oil fields with pressure and routing constraints: The Urucu field}},
volume = {46},
year = {2012}
}

@article{Lima2015,
author = {Lima, Thiago and Camponogara, Eduardo and Furtado, Alex and Sunjerga, Snjezana},
file = {:home/eohulse/My/BOOKS/Mendeley/1-s2.0-S0920410515000704-main.pdf:pdf},
journal = {Journal of Petroleum Science and Engineering},
keywords = {daily production optimization,flow splitting,gas-lift,mixed-integer linear programming},
pages = {86--97},
publisher = {Elsevier},
title = {{Modeling of flow splitting for production optimization in offshore gas-lifted oil fields: Simulation validation and applications}},
volume = {128},
year = {2015}
}

@article{Aguiar2014,
author = {Aguiar, M. A. S. and Camponogara, E. and Silva, T. L.},
file = {:home/eohulse/My/BOOKS/Mendeley/v31n2a16.pdf:pdf},
journal = {Brazilian Journal of Chemical Engineering},
keywords = {MILP,MINLP,Mixed-Integer Convex Programming,Oil Production Optimization},
number = {2},
pages = {439--455},
title = {{A mixed-integer convex formulation for production optimization of gaslifted oil fields with routing and pressure constraints}},
volume = {31},
year = {2014}
}

@book{Kalos2008,
address = {Weinheim},
author = {Kalos, Malvin H. and Whitlock, Paula a.},
edition = {2nd},
file = {:home/eohulse/My/BOOKS/Mendeley/monte-carlo-methods-second-revised-and-enlarged-edition.pdf:pdf},
pages = {203},
publisher = {Wiley},
title = {{Monte Carlo Methods}},
year = {2008}
}

@inproceedings{Hulse2014,
address = {Lisbon},
author = {H\"ulse, Eduardo Otte and Camponogara, Eduardo},
booktitle = {Engineering Optimization 2014},
editor = {Rodrigues, H.C. and Herskovits, J. and Soares, C.M. Mota and Guedes, J.M. and Ara\'{u}jo, A.L. and Folgado, J.O and Monteiro, F. and Madeira, J.F.A.},
file = {:home/eohulse/My/BOOKS/Mendeley/b17488-159.pdf:pdf},
pages = {891--896},
publisher = {CRC Press},
title = {{A mathematical programming formulation for robust production optimization of gas-lifted oil fields}},
year = {2014}
}

@book{Sherali2006,
address = {New Jersey},
author = {Bazaraa, Mokhtar S. and Sherali, Hanif D. and Shetty, C.M.},
edition = {3rd},
file = {:home/eohulse/My/BOOKS/Mendeley/Mokhtar S. Bazaraa, Hanif D. Sherali, C. M. Shetty-Nonlinear Programming\_ Theory and Algorithms-Wiley-Interscience (2006).pdf:pdf},
publisher = {Wiley-Interscience},
title = {{Nonlinear Programming: Theory and Algorithms}},
year = {2006}
}

@article{Stone1961,
author = {Stone, Henry},
file = {:home/eohulse/My/BOOKS/Mendeley/S0025-5718-1961-0119390-6.pdf:pdf},
journal = {Mathematics of Computation},
number = {73},
pages = {40--40},
title = {{Approximation of curves by line segments}},
volume = {15},
year = {1961}
}

@article{Cantoni1971,
abstract = {A method is described for determining an optimal straight-line segment approximation to specified functions for constrained and unconstrained endpoints.},
author = {Cantoni, A.},
file = {:home/eohulse/My/BOOKS/Mendeley/01671675.pdf:pdf},
journal = {IEEE Transactions on Computers},
keywords = {connected,constraints,curve-fitting,evolutionary,line segments,linear,minimization,optimal,piecewise,quadratic function,random search.},
number = {1},
pages = {59--67},
title = {{Optimal Curve Fitting With Piecewise Linear Functions}},
volume = {C-20},
year = {1971}
}

@inproceedings{Saepudin2008,
author = {Saepudin, Deni and Sukarno, Pudjo and Soewono, Edy and Sidarto, Kuntjoro Adji and Gunawan, Agus Yodi and Septoratno, Siregar and Budicakrayana, Yana},
month = jun,
publisher = {Proceedings of the International Conference on Engineering Optimization},
title = {{Optimization of Gas Injection Allocation in Multi Gas Lift Wells System}},
year = {2008}
}

@article{Bertismas2004,
author = {Bertsimas, Dimitris and Sim, Melvyn},
file = {:home/eohulse/.local/share/data/Mendeley Ltd./Mendeley Desktop/Downloaded/Bertsimas, Sim - 2004 - The Price of Robustness.pdf:pdf},
journal = {Operations research},
month = feb,
number = {1},
pages = {35--53},
title = {{The price of robustness}},
volume = {52},
year = {2004}
}

@article{tim,
  author  = {Tim Waegeman and Francis Wyffels and Benjamin Schrauwen}, 
  title   = {Feedback Control by Online Learning an Inverse Model},
  journal = {IEEE Transactions on Neural Networks and Learning Systems },
  year    = 2012,
  number  = 10,
  pages   = {1637--1648},
  OPTmonth   = 10,
  volume  = 23
}

@book{coelho,
  title={Sistemas Din^amicos Lineares},
  author={Coelho, Ant\^onio Augusto Rodrigues and Coelho, Leandro dos Santos},
  year={2004},
  publisher={Editora UFSC}
}


@article{const,
  author  = {Constantin Paleologu and Jacob Benesty and Silviu Ciochin\~a}, 
  title   = {A Robust Variable Forgetting Factor Recursive
Least-Squares Algorithm for System Identification},
  journal = {IEEE Signal Processing Letters},
  year    = 2008,
  number  = 10,
  pages   = {597--600},
  volume  = 15
}

@techreport{Jaeger2001a,
	title = {The {\textquoteleft}{\textquoteleft}echo state{\textquoteright}{\textquoteright} approach to analysing and training recurrent neural networks -- with an Erratum note},
	year = {2001},
	OPTaddress = {German National Research Center for Information Technology},
	institution= {Fraunhofer Institute for Autonomous Intelligent Systems},
	OPTurl = {https://pdfs.semanticscholar.org/8430/c0b9afa478ae660398704b11dca1221ccf22.pdf},
	number = {GMD 148},
	author = {Jaeger, Herbert}
}

@article{smaranda,
  author  = {Smaranda Cristea and C\'esar de Prada and Robin de Keyser}, 
  title   = {Predictive Control of a Process with Variable Dead-Time},
  journal = {Proceedings of the conference IFAC},
  year    = 2005
}

@inproceedings{memorynl,
  author       = {Verstraeten, Davd and Dambre, Joni and Dutoit, Xavier and Schrauwen, Benjamin},
  booktitle = {Int. Joint Conference on Neural Networks}, 
  address     = {Barcelona, Spain},
  pages        = {18-23},
  publisher    = {IEEE},
  title        = {Memory versus non-linearity in reservoirs},
  doi = {10.1109/IJCNN.2010.5596492},
  year         = {2010},
}

@book{normeyrico,
   title =     {Control of Dead-time Processes},
   author =    {Julio E. Normey-Rico and Eduardo Camacho},
   publisher = {Springer},
   year =      {2007},
   OPTseries =    {Advanced textbooks in control and signal processing},  
  }
   
@article{eric1,

	title = {System Identification of a Vertical Riser Model with Echo State Networks},
    author = {Eric A. Antonelo and Eduardo Camponogara and Agustinho Plucenio},
	journal = {Proceedings of the conference IFAC},
    year = {2013},

}

@article{jaemann,

	title = {Utilizing online learning based on echo-state networks for the control of a hydraulic excavator},
	author = {Jaemann park and Dongsoo Cho and Seunghyun Kim and Young Bum Kim and Pan Young Kim and H. Jin Kim},
    journal = {Mechatronics},
    year = {2014},
    volume = {24},
    pages ={986-1000}


}

@Article{Galtier2015,
author="Galtier and Mathieu",
title="Ideomotor feedback control in a recurrent neural network",
journal="Biological Cybernetics",
year="2015",
volume="109",
number="3",
pages="363--375",
}

@article {295,
	title = {Reservoir Computing for Detection of Steady State in Performance Tests of Compressors},
	year = {2016},
	author = {Eric A Antonelo and Carlos Flesch},
}

@article {Antonelo2014,
	title = {On Learning Navigation Behaviors for Small Mobile Robots With Reservoir Computing Architectures},
	journal = {IEEE Transactions on Neural Networks and Learning Systems},
	volume = {26},
	number = {4},
	year = {2015},
	pages = {763-780},
         doi = {10.1109/TNNLS.2014.2323247},
	author = {Eric A Antonelo and Benjamin Schrauwen}
}
@article{lin,
 author = {Lin, Xiaowei and Yang, Zehong and Song, Yixu},
 title = {Short-term Stock Price Prediction Based on Echo State Networks},
 journal = {Expert Systems with Applications},
 volume = {36},
 number = {3},
 year = {2009},
 pages = {7313--7317},
 publisher = {Pergamon Press, Inc.},
} 


@book{nl_sys_ident,
   title =     {Nonlinear System Identification: From Classical Approaches to Neural Networks and Fuzzy Models},
   author =    {Oliver Nelles},
   OPTpublisher = {Springer-Verlag},
   publisher = {Springer},
   OPTaddress = {Berlin/Heidelberg},
   address = {Berlin},
   year =      {2001},
   edition =   {1},
   }
   
@incollection{adaptive_nl,
title = {Adaptive Nonlinear System Identification with Echo State Networks},
author = {Herbert Jaeger},
booktitle = {Advances in Neural Information Processing Systems 15},
editor = {S. Becker and S. Thrun and K. Obermayer},
pages = {609--616},
year = {2003},
publisher = {MIT Press},
}

@book{digital_selftune,
   title =     {Digital Self-tuning Controllers: Algorithms, Implementation and Applications (Advanced Textbooks in Control and Signal Processing)},
   author =    {Vladimír Bobál and Josef Böhm and Jaromír Fessl and Jiří Macháček},
   year =      {2005},
   edition =   {1st Edition.},
}

@book{astrom,
   title =     {Adaptive control},
   author =    {Karl J. Astrom and Bjorn Wittenmark},
   publisher = {Dover Publications},
   year =      {1994},
   address = {New York, USA}
  }

@book{handbook_oil,
   title =     {Oil and Gas Production Handbook: An Introduction to Oil and Gas},
   author =    {Havard Devold},
   publisher = {SRH MEdia},
   year =      {2013},
  }


@article{Oliveira2015104,
title = "An autonomous approach for driving systems towards their limit: an intelligent adaptive anti-slug control system for production maximization ",
journal = "IFAC-PapersOnLine ",
volume = "48",
number = "6",
pages = "104 - 111",
year = "2015",
author = "Vinicius de Oliveira and Johannes Jäschke and Sigurd Skogestad",
}

@article{Campos201583,
title = "Advanced Anti-slug Control for Offshore Production Plants ",
journal = "IFAC-PapersOnLine ",
volume = "48",
number = "6",
pages = "83 - 88",
year = "2015",
author = "M. Campos and T. Takahashi and F. Ashikawa and S. Simoes and A. Stender and O. Meien",
}

@article{Petit201568,
title = "Systems with uncertain and variable delays in the oil industry: some examples and first solutions ",
journal = "IFAC-PapersOnLine ",
volume = "48",
number = "6",
pages = "68 - 76",
year = "2015",
author = "Nicolas Petit",
}

@article{Budinis20159,
title = "Control of centrifugal compressors via model predictive control for enhanced oil recovery applications ",
journal = "IFAC-PapersOnLine ",
volume = "48",
number = "6",
pages = "9 - 14",
year = "2015",
author = "S. Budinis and N.F. Thornhill",
}

@article{Plucenio201597,
title = "New Developments in the Control of Fluid Dynamics of wells and risers in oil production systems ",
journal = "IFAC-PapersOnLine ",
volume = "48",
number = "6",
pages = "97--103",
year = "2015",
author = "Agustinho Plucenio and Mario M. Campos and Alex F. Teixeira",
}

@article{Aguiar2015200,
title = "Systemwide Optimal Control of Offshore Oil Production Networks with Time Dependent Constraints ",
journal = "IFAC-PapersOnLine",
volume = "48",
number = "6",
pages = "200--207",
year = "2015",
author = "Marco Aur'elio Aguiar and Andres Codas and Eduardo Camponogara"
}

@article{jahanshahi2011,
  title={Simplified dynamical models for control of severe slugging in multiphase risers},
  author={Jahanshahi, Esmaeil and Skogestad, Sigurd},
  journal={IFAC Proceedings Volumes},
  volume={44},
  number={1},
  pages={1634--1639},
  year={2011},
  doi={10.3182/20110828-6-IT-1002.00981}
}



@INPROCEEDINGS{jahanshahi2013anti, 
author={E. Jahanshahi and S. Skogestad and E. I. Gr{\o}tli}, 
booktitle={2013 American Control Conference}, 
title={Anti-slug control experiments using nonlinear observers}, 
year={2013}, 
pages={1056-1062}, 
doi={10.1109/ACC.2013.6579976}, 
month={June},
address = {Washington, DC},
publisher = {IEEE}
}



@article{jahanshahi2013nonlinear,
  title={Nonlinear model-based control of two-phase flow in risers by feedback linearization},
  author={Jahanshahi, Esmaeil and Skogestad, Sigurd and Gr{\o}tli, Esten I},
  journal={IFAC Proceedings Volumes},
  volume={46},
  number={23},
  pages={301--306},
  year={2013},
}


@book{hydro,
   title =     {Hydrocarbon Exploration and Production},
   author =    {Frank Jahn and Mark Cook and Mark Graham},
   publisher = {Elsevier},
   year =      {2008},
   series =    {Developments in Petroleum Science 55},
   edition =   {2nd ed}
 }

@article {Lukosevicius,
	title = {Noninvasive fetal {QRS} detection using an echo state network and dynamic programming},
	journal = {Physiological Measurement},
	volume = {35},
	number = {8},
	year = {2014},
	month = {07},
	pages = {1685-1697},
	author = {Mantas Luko{\v s}evi{\v c}ius and Vaidotas Marozas}
}

@inproceedings{2012,
	title = {On-Line Processing of Grammatical Structure Using Reservoir Computing},
	OPTbooktitle = {International Conference on Artificial Neural Networks},
	booktitle = {Int. Conf. on Artificial Neural Networks},
	year = {2012},
	month = {09/2012},
	pages = {596--603},
	author = {Hinaut, Xavier and Peter F. Dominey},
	address = {Lausanne, Switzerland},
	publisher = {European Neural Networks Society},
	OPTeditor = {Villa, Alessandro E P and Duch, Wlodzislaw and {\'E}rdi, P{\'e}ter and Masulli, Francesco and Palm, G{\"u}nther}
}

@article {Antonelo2016,
	title = {Echo State Networks for Data-driven Downhole Pressure Estimation in Gas-lift Oil Wells},
	journal = {Neural Networks},
	volume = {85},
	year = {2017},
	pages = {106--117},
	author = {Eric A. Antonelo and Eduardo Camponogara and Bjarne Foss}
}

@article{esmaeil,
title = "Control structure design for stabilizing unstable gas-lift oil wells",
journal = "IFAC Proceedings Volumes",
volume = "45",
number = "15",
pages = "93--100",
year = "2012",
author = "Esmaeil Jahanshahi and Sigurd Skogestad and Henrik Hansen",
doi = "10.3182/20120710-4-SG-2026.00110"
}

@article{Jaeger2007335,
title = {Optimization and applications of echo state networks with leaky-integrator neurons},
journal = {Neural Networks},
volume = {20},
number = {3},
pages = {335--352},
year = {2007},
doi = {10.1016/j.neunet.2007.04.016},
author = {Herbert Jaeger and Mantas Lukosevicius and Dan Popovici and Udo Siewert},
}

@article{Mozer,
  author = {Mozer, Michael C.},
  journal = {Complex Systems},
  number = 4,
  title = {A Focused Backpropagation Algorithm for Temporal Pattern Recognition},
  volume = 3,
  year = 1989,
  pages = {349--381}
}


@inproceedings{jordanou,
title = "Recurrent Neural Network Based Control of an Oil Well",
booktitle = "Brazilian Symposium on Intelligent Automation",
year = "2017",
author = "Jean P. Jordanou and Eric A. Antonelo and Eduardo Camponogara 
     and Marco Aur\'elio de Aguiar",
address = "Porto Alegre, RS",
OPTpublisher = "Sociedade Brasileira de Autom\'atica"
}

@book{Chen,
 author = {Chen, Chi-Tsong},
 title = {Linear System Theory and Design},
 year = {1998},
 isbn = {0195117778},
 edition = {3rd},
 publisher = {Oxford University Press, Inc.},
 address = {New York, NY, USA},
}

@phdthesis{heirung,
author = {Tor Aksel N. Heirung},
title = {Dual Control: Optimal, Adaptive Decision Making Under Uncertainty},
year = {2016},
University = {Norwegian University of Science and Technology},
}

@phdthesis{PhDEsmaeil,
author = {Esmaeil Jahanshahi},
title = {Control Solutions for Multiphase Flow, Linear and Non-linear Approaches to Anti-slug Control},
year = {2013},
school = {Norwegian University of Science and Technology},
address = {Trondheim, Norway},
}


@book{chem,
   title =     {Organic chemistry},
   author =    {Jonathan Clayden; Nick Greeves; Stuart G Warren},
   publisher = {Oxford University Press},
   year =      {2012},
   edition =   {2ed},
}
   
@article{echo_pred,
author={Y. Pan and J. Wang},
journal={IEEE Transactions on Industrial Electronics},
title={Model Predictive Control of Unknown Nonlinear Dynamical Systems Based on Recurrent Neural Networks},
year={2012},
volume={59},
number={8},
pages={3089-3101}
}

@book{Bishop,
 author = {Bishop, Christopher M.},
 title = {Pattern Recognition and Machine Learning (Information Science and Statistics)},
 year = {2006},
 publisher = {Springer-Verlag Inc.},
 address = {New York}
} 

@article{pnmpc,
  title = "A PRACTICAL APPROACH TO PREDICTIVE CONTROL FOR NONLINEAR PROCESSES",
  journal = "IFAC Proceedings Volumes",
  volume = "40",
  number = "12",
  pages = "210--215",
  year = "2007",
  OPTnote = "7th IFAC Symposium on Nonlinear Control Systems",
  author = "A. Pluc\^enio and D.J. Pagano and A.H. Bruciapaglia and J.E. Normey-Rico",
}

@book{camacho,
   title =     {Model Predictive Control},
   author =    {Eduardo Camacho and Carlos Bordons},
   publisher = {Springer},
   year =      {1999},
   OPTseries =    {Advanced textbooks in control and signal processing},
   OPTaddress = {London, UK},
   OPTaddress = {London},
  }
  
@book{controlsystem,
    title = {Computer Controlled Systems},
    author =  {Astr\"om, Wittenmark},
    year = {1997},
}


@ARTICLE{echo_taylor, 
author={K. Xiang and B. N. Li and L. Zhang and M. Pang and M. Wang and X. Li}, 
journal={IEEE Access}, 
title={Regularized {T}aylor Echo State Networks for Predictive Control of Partially Observed Systems}, 
year={2016}, 
volume={4}, 
pages={3300--3309},  
month={},}


@phdthesis{phd_plucenio,
author = {Agustinho Pluc\^enio},
title = {Development of Non Linear Control Techniques for the Lifting of Multiphase Fluids},
year = {2013},
school = {Federal University of Santa Catarina, Brazil},
}


@Article{learning_metrics,
author="Hafner, Roland
and Riedmiller, Martin",
title="Reinforcement learning in feedback control",
journal="Machine Learning",
year="2011",
month="Jul",
day="01",
volume="84",
number="1",
pages="137--169",
doi="10.1007/s10994-011-5235-x",
}

@article{jordanou_ifac,
title = "Nonlinear Model Predictive Control of an Oil Well with Echo State Networks",
journal = "IFAC-PapersOnLine",
volume = "51",
number = "8",
pages = "13-18",
year = "2018",
OPTnote = "3rd IFAC Workshop on Automatic Control in Offshore Oil and Gas Production OOGP 2018",
OPTdoi = "doi.org/10.1016/j.ifacol.2018.06.348",
author = "Jean P. Jordanou and Eduardo Camponogara and Eric Aislan Antonelo and Marco Aurélio Schmitz Aguiar",
}

@Book{nocedal,
  Title                    = {Numerical Optimization},
  Author                   = {Jorge Nocedal and Stephen J. Wright},
  Publisher                = {Springer},
  Year                     = {2006},
  Address                  = {New York, NY, USA},
  Edition                  = {second}
}

@Book{aroras,
  Title                    = {Introduction to Optimum Design},
  Author                   = {Jasbir Arora},
  Publisher                = {Elsevier},
  Year                     = {2017},
  Address                  = {New York, NY, USA},
  Edition                  = {fourth}
}

@book{Boyd,
 author = {Boyd, Stephen and Vandenberghe, Lieven},
 title = {Convex Optimization},
 year = {2004},
 publisher = {Cambridge University Press},
 address = {New York, NY, USA},
} 

@book{Bertsekas,
  author = {Bertsekas, D.P.},
  publisher = {Athena Scientific},
  title = {Nonlinear Programming},
  year = 1999
}

@article{Sheikh2024,
title = {A comprehensive approach to sparse identification of linear parameter-varying models for lithium-ion batteries using improved experimental design},
journal = {Journal of Energy Storage},
volume = {95},
pages = {112581},
year = {2024},
issn = {2352-152X},
doi = {10.1016/j.est.2024.112581},
OPTurl = {https://www.sciencedirect.com/science/article/pii/S2352152X24021674},
author = {A.M.A. Sheikh and M.C.F. Donkers and H.J. Bergveld},
}

@article{Dehghani2024,
title = {Decentralized stabilization of large-scale linear parameter varying systems},
journal = {ISA Transactions},
volume = {148},
pages = {336--348},
year = {2024},
doi = {10.1016/j.isatra.2024.03.007},
OPTurl = {https://www.sciencedirect.com/science/article/pii/S0019057824001113},
author = {Maryam Dehghani},
}

@article{Goldschmidt2021,
doi = {10.1088/1367-2630/abe972},
OPTurl = {https://dx.doi.org/10.1088/1367-2630/abe972},
year = {2021},
month = {mar},
publisher = {IOP Publishing},
volume = {23},
number = {3},
pages = {033035},
author = {Andy Goldschmidt and E Kaiser and J L DuBois and S L Brunton and J N Kutz},
title = {Bilinear dynamic mode decomposition for quantum control},
journal = {New Journal of Physics},
}

@article{Libero2024,
title = {Dynamic mode decomposition of {GRACE} satellite data},
journal = {Advances in Water Resources},
volume = {193},
pages = {104834},
year = {2024},
issn = {0309--1708},
doi = {10.1016/j.advwatres.2024.104834},
OPTurl = {https://www.sciencedirect.com/science/article/pii/S0309170824002215},
author = {G. Libero and V. Ciriello and D.M. Tartakovsky},
}

@INPROCEEDINGS{Jiang2024,

  author={Jiang, Xinyuan and Li, Yan and Huang, Daning},

  booktitle={2024 IEEE Power \& Energy Society Innovative Smart Grid Technologies Conference (ISGT)}, 

  title={Data-Driven Modeling and Prediction of Transient Dynamics of Microgrids through Dynamic Mode Decomposition with Control}, 

  year={2024},

  volume={},

  number={},

  pages={1-5},

  keywords={Data-driven modeling;Microgrids;Predictive models;Mathematical models;Numerical models;Transient analysis;Load modeling;Microgrids;Distributed Energy Resources (DERs);transient dynamics;Dynamic Mode Decomposition with Control (DMDc);data-driven;nonlinear},

  doi={10.1109/ISGT59692.2024.10454180}}


@article{Bombois2021,
author = {X. Bombois, D. Ghosh, G. Scorletti and J. Huillery},
title = {{LPV} system identification for control using the local approach},
journal = {International Journal of Control},
volume = {94},
number = {2},
pages = {390--410},
year = {2021},
publisher = {Taylor \& Francis},
doi = {10.1080/00207179.2019.1596316},

}


@ARTICLE{Liu2024,
  author={Liu, Xin and Hai, Yang and Dai, Wei},
  journal={IEEE Transactions on Automation Science and Engineering}, 
  title={Robust {LPV} System Identification With Skewed and Asymmetric Measurement Noise}, 
  year={2024},
  volume={},
  number={},
  pages={1-12},
  keywords={Noise;Noise measurement;System identification;Data models;Inference algorithms;Delays;Mathematical models;Robust global identification approach;linear parameter varying systems;shifted asymmetric Laplace distribution;maximum likelihood estimates},

  doi={10.1109/TASE.2024.3414500}}

@article{Thomee20011,
title = {From finite differences to finite elements: A short history of numerical analysis of partial differential equations},
journal = {Journal of Computational and Applied Mathematics},
volume = {128},
number = {1},
pages = {1-54},
year = {2001},
issn = {0377-0427},
doi = {10.1016/S0377-0427(00)00507-0},
OPTurl = {https://www.sciencedirect.com/science/article/pii/S0377042700005070},
author = {Vidar Thomée},
}

@TechReport{memory_jaeger,
  Title                    = {Short term memory in echo state networks},
  Author                   = {Jaeger, Herbert},
  Institution              = {German National Research Center for
Information Technology},
  Year                     = {2002},
  Month                    = {March},
  Number                   = {GMD Report 152},

  File                     = {Jaeger2001.pdf:Jaeger2001.pdf:PDF},
  Keywords                 = {ESN},
  OPTUrl                      = {https://www.researchgate.net/publication/247514367 \_Short\_Term\_Memory\_in\_Echo\_State\_Networks}
}

@Article{Jaeger2004,
  Title                    = {Harnessing nonlinearity: predicting chaotic systems and saving energy in wireless telecommunication},
  Author                   = {Jaeger, Herbert and Haas, Harald},
  Journal                  = {Science},
  Year                     = {2004},
  doi ={10.1126/science.1091277},
  Month                    = {Apr},
  Number                   = {5667},
  Pages                    = {78--80},
  Volume                   = {304},
}

@InProceedings{Verstraeten2009,
author="Verstraeten, David
and Schrauwen, Benjamin",
editor="Alippi, Cesare
and Polycarpou, Marios
and Panayiotou, Christos
and Ellinas, Georgios",
title="On the Quantification of Dynamics in Reservoir Computing",
booktitle="Artificial Neural Networks",
year="2009",
OPTpublisher="Springer",
pages="985-994",
OPTaddress = "Berlin/Heidelberg",
OPTaddress = "Berlin"
}

@article{Ozturk,
author = {Ozturk, Mustafa C. and Xu, Dongming and Príncipe, José C.},
title = {Analysis and Design of Echo State Networks},
journal = {Neural Computation},
volume = {19},
doi = {10.1162/neco.2007.19.1.111},
number = {1},
pages = {111-138},
year = {2007},
}

@Article{Antonelo2007b,
  Title                    = {Generative Modeling of Autonomous Robots and their Environments using Reservoir Computing},
  Author                   = {Eric A. Antonelo and Benjamin Schrauwen and Jan Van Campenhout},
  Journal                  = {Neural Processing Letters},
  Year                     = {2007},
  Number                   = {3},
  Pages                    = {233--249},
  Volume                   = {26},

  Doi                      = {10.1007/s11063-007-9054-9},
  Owner                    = {eantonel},
  Timestamp                = {2008.01.15}
}

@InProceedings{glorot,
  title = 	 {Deep Sparse Rectifier Neural Networks},
  author = 	 {Xavier Glorot and Antoine Bordes and Yoshua Bengio},
  booktitle = 	 {Proceedings of the Fourteenth International Conference on Artificial Intelligence and Statistics},
  pages = 	 {315--323},
  year = 	 {2011},
  volume = 	 {15},
  series = 	 {Proceedings of Machine Learning Research},
  address = 	 {Fort Lauderdale, FL, USA},
  month = 	 {11--13 Apr},
  publisher = 	 {PMLR},
  }
  
  @book{deep_goodfellow,
    title={Deep Learning},
    author={Ian Goodfellow and Yoshua Bengio and Aaron Courville},
    publisher={MIT Press},
    note={\url{http://www.deeplearningbook.org}},
    year={2016}
}


@article{jordanou_eaai,
title = "Online Learning Control with Echo State Networks of an Oil Production Platform",
OPTjournal = "Engineering Applications of Artificial Intelligence",
journal = "Eng. Appl. Artif. Intell.",
author = "Jean P. Jordanou and Eric Aislan Antonelo and Eduardo Camponogara",
doi = "10.1016/j.engappai.2019.06.011",
pages = "214-228",
volume = "85",
year = "2019"
}

@article{data_driven_survey,
title = "From model-based control to data-driven control: Survey, classification and perspective",
journal = "Information Sciences",
volume = "235",
pages = "3-35",
year = "2013",
OPTurl = "http://www.sciencedirect.com/science/article/pii/S0020025512004781",
author = "Zhong-Sheng Hou and Zhuo Wang",
}

@article{adp_echostate,
title = "Online adaptive dynamic programming based on echo state networks for dissolved oxygen control",
journal = "Applied Soft Computing",
volume = "62",
pages = "830 - 839",
year = "2018",
author = "Ying-Chun Bo and Xin Zhang",
}

@ARTICLE{macop,
  
AUTHOR={Waegeman, Tim and Hermans, Michiel and Schrauwen, Benjamin},   
	 
TITLE={{MACOP} modular architecture with control primitives},      
	
JOURNAL={Frontiers in Computational Neuroscience},      
	
VOLUME={7},      

PAGES={99},     
	
YEAR={2013},      
	
DOI={10.3389/fncom.2013.00099},      
}



@article{jmodelica,
author = {Åkesson, Johan and Gäfvert, Magnus and Tummescheit, Hubertus},
year = {2009},
month = {January},
title = {JModelica an open source platform for optimization of modelica models}
}

@article{stasiak,
title = "A New Discrete Slug-Flow Controller for Production Pipeline Risers",
journal = "IFAC Proceedings Volumes",
volume = "45",
number = "8",
pages = "122--127",
year = "2012",
note = "1st IFAC Workshop on Automatic Control in Offshore Oil and Gas Production",
author = "ME Stasiak and DJ Pagano and A. Plucenio",
address = "NTNU, Trondheim, Norway"
}

@book{mackenroth,
  title={Robust Control Systems: Theory and Case Studies},
  author={Mackenroth, U.},
  isbn={9783662097755},
  url={https://books.google.com.br/books?id=DHz1CAAAQBAJ},
  year={2013},
  publisher={Springer Berlin Heidelberg}
}

@article{MAC,
title = "Model predictive heuristic control: Applications to industrial processes",
journal = "Automatica",
volume = "14",
number = "5",
pages = "413 - 428",
year = "1978",
doi = "doi.org/10.1016/0005-1098(78)90001-8",
author = "J. Richalet and A. Rault and J.L. Testud and J. Papon",
}

@article{cybenko,
  author = {Cybenko, G.},
  doi = {10.1007/BF02551274},
  journal = {Mathematics of Control, Signals, and Systems (MCSS)},
  month = dec,
  number = 4,
  pages = {303--314},
  priority = {2},
  publisher = {Springer London},
  title = {{Approximation by superpositions of a sigmoidal function}},
  volume = 2,
  year = 1989
}

@article{yao2019,
title = "Prediction and identification of discrete-time dynamic nonlinear systems based on adaptive echo state network",
journal = "Neural Networks",
volume = "113",
pages = "11-19",
year = "2019",
doi = "10.1016/j.neunet.2019.01.003",
author = "Xianshuang Yao and Zhanshan Wang and Huaguang Zhang",
}

@article{huang2016,
title = "Echo state network based predictive control with particle swarm optimization for pneumatic muscle actuator",
journal = "Journal of the Franklin Institute",
volume = "353",
number = "12",
pages = "2761 - 2782",
year = "2016",
doi = "10.1016/j.jfranklin.2016.05.004",
author = "Jian Huang and Jin Qian and Lei Liu and Yongji Wang and Caihua Xiong and Songhyok Ri",
}

@article{xu2018,
title = "Wavelet-denoising multiple echo state networks for multivariate time series prediction",
journal = "Information Sciences",
volume = "465",
pages = "439 - 458",
year = "2018",
doi = "10.1016/j.ins.2018.07.015",
author = "Meiling Xu and Min Han and Hongfei Lin",
}

@article{choi2017,
title = "Swing Control of a Lower Extremity Exoskeleton Using Echo State Networks",
journal = "IFAC-PapersOnLine",
volume = "50",
number = "1",
pages = "1328 - 1333",
year = "2017",
note = "20th IFAC World Congress",
doi = "10.1016/j.ifacol.2017.08.220",
author = "Byunghun Choi and Changhoon Seo and Sanghoon Lee and Byungun Kim and Dojong Kim",
}

@article{chitsazan2019,
title = "Wind speed and wind direction forecasting using echo state network with nonlinear functions",
journal = "Renewable Energy",
volume = "131",
pages = "879 - 889",
year = "2019",
doi = "10.1016/j.renene.2018.07.060",
author = "Mohammad Amin Chitsazan and M. Sami Fadali and Andrzej M. Trzynadlowski",
}

@article{yang2019,
title = "Online sequential echo state network with sparse RLS algorithm for time series prediction",
journal = "Neural Networks",
volume = "118",
pages = "32 - 42",
year = "2019",
doi = "10.1016/j.neunet.2019.05.006",
author = "Cuili Yang and Junfei Qiao and Zohaib Ahmad and Kaizhe Nie and Lei Wang",
}


@article{zhou2018,
title = "Echo state kernel recursive least squares algorithm for machine condition prediction",
journal = "Mechanical Systems and Signal Processing",
volume = "111",
pages = "68--86",
year = "2018",
doi = "10.1016/j.ymssp.2018.03.047",
author = "Haowen Zhou and Jinquan Huang and Feng Lu and Jeyarajan Thiyagalingam and Thia Kirubarajan",
}


@article{khodabandehlou2017,
title = "Echo State versus Wavelet Neural Networks: Comparison and Application to Nonlinear System Identification",
journal = "IFAC-PapersOnLine",
volume = "50",
number = "1",
pages = "2800 - 2805",
year = "2017",
note = "20th IFAC World Congress",
doi = "10.1016/j.ifacol.2017.08.630",
author = "Hamid Khodabandehlou and Mohammad Sami Fadali",
}

@article{matino2019,
title = "Application of Echo State Neural Networks to forecast blast furnace gas production: pave the way to off-gas optimized management",
journal = "Energy Procedia",
volume = "158",
pages = "4037 - 4042",
year = "2019",
note = "Innovative Solutions for Energy Transitions",
doi = "10.1016/j.egypro.2019.01.835",
url = "http://www.sciencedirect.com/science/article/pii/S1876610219308756",
author = "Ismael Matino and Stefano Dettori and Valentina Colla and Valentine Weber and Sahar Salame",
}

@inbook{billings,
year = {2013},
publisher = {John Wiley \& Sons, Ltd},
author = {Stephen A. Billings},
title = {Model Structure Detection and Parameter Estimation},
booktitle = {Nonlinear System Identification},
chapter = {3},
pages = {61-104},
}

@article{lasso,
 author = {Robert Tibshirani},
 journal = {Journal of the Royal Statistical Society. Series B (Methodological)},
 number = {1},
 pages = {267--288},
 publisher = {[Royal Statistical Society, Wiley]},
 title = {Regression Shrinkage and Selection via the Lasso},
 volume = {58},
 year = {1996}
}

@article{bayesian,
  author    = {Eric Brochu and
               Vlad M. Cora and
               Nando de Freitas},
  title     = {A Tutorial on Bayesian Optimization of Expensive Cost Functions, with
               Application to Active User Modeling and Hierarchical Reinforcement
               Learning},
  journal   = {CoRR},
  volume    = {abs/1012.2599},
  year      = {2010},
}

@article{4tanks_origin,
author = {Johansson, Karl},
year = {2000},
OPTmonth = {05},
pages = {456-465},
title = {The Quadruple-Tank Process: A Multivariable Laboratory Process with an Adjustable Zero},
volume = {8},
journal = {IEEE Transactions on Control Systems Technology},
doi = {10.1109/87.845876}
}

@article{Panahi,
title = "Model Predictive Control Design for a Nonlinear Four-Tank System",
journal = "IFAC Proceedings Volumes",
volume = "43",
number = "8",
pages = "382 - 387",
year = "2010",
note = "12th IFAC Symposium on Large Scale Systems: Theory and Applications",
issn = "1474-6670",
doi = "10.3182/20100712-3-FR-2020.00064",
author = "S. Ansar Panahi and S. B.M. Noor",
}

@INPROCEEDINGS{8795809, 
author={N. {Lanzetti} and Y. Z. {Lian} and A. {Cortinovis} and L. {Dominguez} and M. {Mercangöz} and C. {Jones}}, 
booktitle={2019 18th European Control Conference (ECC)}, 
title={Recurrent Neural Network based MPC for Process Industries}, 
year={2019}, 
volume={}, 
number={}, 
pages={1005-1010}, 
keywords={closed loop systems;industrial control;industrial plants;learning (artificial intelligence);neurocontrollers;predictive control;recurrent neural nets;industrial plants;dynamic process models;reinforcement learning;system identification;model predictive control;MPC framework;multiple-input multiple-output systems;closed-loop control;industrial simulation case study;MIMO control;recurrent neural network architecture}, 
doi={10.23919/ECC.2019.8795809}, 
ISSN={null}, 
month={June},}

@article{aerospace_mpc,
author = {Eren, Utku and Prach, Anna and Koçer, Başaran Bahadır and Raković, Saša V. and Kayacan, Erdal and Açıkmeşe, Behçet},
title = {Model Predictive Control in Aerospace Systems: Current State and Opportunities},
journal = {Journal of Guidance, Control, and Dynamics},
volume = {40},
number = {7},
pages = {1541-1566},
year = {2017},
OPTdoi = {10.2514/1.G002507},

OPTURL = {doi.org/10.2514/1.G002507},
eprint = {10.2514/1.G002507},
    
}

@article{mpc_robotics,
author = {Tiago P Nascimento and Carlos Eduardo Trabuco D\'orea and Luiz Marcos G Gonçalves},
title ={Nonlinear model predictive control for trajectory tracking of nonholonomic mobile robots: A modified approach},
journal = {International Journal of Advanced Robotic Systems},
volume = {15},
number = {1},
OPTpages = {1729881418760461},
year = {2018},
OPTdoi = {10.1177/1729881418760461},

OPTURL = {10.1177/1729881418760461},
eprint = {10.1177/1729881418760461},
}


@misc{rnn_advancements,
    title={Recent Advances in Recurrent Neural Networks},
    author={Hojjat Salehinejad and Sharan Sankar and Joseph Barfett and Errol Colak and Shahrokh Valaee},
    year={2017},
    eprint={1801.01078},
    archivePrefix={arXiv},
    primaryClass={cs.NE}
}

@ARTICLE{echo_pred2019, 
author={L. B. {Armenio} and E. {Terzi} and M. {Farina} and R. {Scattolini}}, 
journal={IEEE Control Systems Letters}, 
title={Model Predictive Control Design for Dynamical Systems Learned by Echo State Networks}, 
year={2019}, 
volume={3}, 
number={4}, 
pages={1044-1049}, 
doi={10.1109/LCSYS.2019.2920720}, 
ISSN={2475-1456}, 
month={Oct},}


@article{echo_pred666,
  author    = {Luca Bugliari Armenio and
               Enrico Terzi and
               Marcello Farina and
               Riccardo Scattolini},
  title     = {Echo State Networks: analysis, training and predictive control},
  journal   = {CoRR},
  volume    = {abs/1902.01618},
  year      = {2019},
  OPTurl       = {http://arxiv.org/abs/1902.01618},
  archivePrefix = {arXiv},
  eprint    = {1902.01618},
  timestamp = {Tue, 21 May 2019 18:03:37 +0200},
  biburl    = {https://dblp.org/rec/bib/journals/corr/abs-1902-01618},
  bibsource = {dblp computer science bibliography, https://dblp.org}
}


@inproceedings{adriano, 
doi = {10.20906/cps/cba2018-0569}, 
OPTurl = {doi.org/10.20906/cps/cba2018-0569}, year = {2018}, 
OPTpublisher = {{SBA} Sociedade Brasileira de Autom{\'{a}}tica}, 
author = {Adriano Silva Martins Brand{\~{a}}o and Daniel Martins Lima and Marcus Vinicius Americano da Costa Filho and Julio Elias Normey-Rico}, 
title = {A COMPARATIVE STUDY ON EMBEDDED {MPC} FOR INDUSTRIAL PROCESSES}, 
booktitle = {Anais do {XXII} Congresso Brasileiro de Autom{\'{a}}tica} }


@inproceedings{pytorch,
  added-at = {2019-09-12T17:55:34.000+0200},
  author = {Paszke, Adam and Gross, Sam and Chintala, Soumith and Chanan, Gregory and Yang, Edward and DeVito, Zachary and Lin, Zeming and Desmaison, Alban and Antiga, Luca and Lerer, Adam},
  booktitle = {NIPS 2017 Workshop on Autodiff},
  keywords = {extraperi linbot2},
  location = {Long Beach, California, USA},
  timestamp = {2019-09-26T11:31:24.000+0200},
  title = {Automatic Differentiation in {PyTorch}},
  year = 2017
}


@misc{adam,
    title={Adam: A Method for Stochastic Optimization},
    author={Diederik P. Kingma and Jimmy Ba},
    year={2014},
    eprint={1412.6980},
    archivePrefix={arXiv},
    primaryClass={cs.LG}
}


@article{lstm,
author = {Hochreiter, Sepp and Schmidhuber, Jürgen},
year = {1997},
month = {12},
pages = {1735--80},
title = {Long Short-term Memory},
volume = {9},
journal = {Neural Computation},
doi = {10.1162/neco.1997.9.8.1735}
}

@article{Jordanou2023,
title = {Investigation of proper orthogonal decomposition for echo state networks},
journal = {Neurocomputing},
volume = {548},
pages = {126395},
year = {2023},
issn = {0925-2312},
doi = {10.1016/j.neucom.2023.126395},
OPTurl = {https://www.sciencedirect.com/science/article/pii/S0925231223005180},
author = {Jean Panaioti Jordanou and Eric {Aislan Antonelo} and Eduardo Camponogara and Eduardo Gildin},
}

@article{Zhang2013,
  title = {On the {Kronecker} Products and Their Applications},
  volume = {2013},
  ISSN = {1687-0042},
  OPTurl = {http://dx.doi.org/10.1155/2013/296185},
  DOI = {10.1155/2013/296185},
  journal = {Journal of Applied Mathematics},
  publisher = {Hindawi Limited},
  author = {Zhang,  Huamin and Ding,  Feng},
  year = {2013},
  pages = {1–8}
}

@article{Kahl2007,
  title={Galerkin proper orthogonal decomposition methods for parameter dependent elliptic systems},
  author={Kahlbacher, Martin and Volkwein, Stefan},
  journal={Discussiones Mathematicae, Differential Inclusions, Control and Optimization},
  volume={27},
  number={1},
  pages={95--117},
  year={2007},
  publisher={Uniwersytet Zielonog{\'o}rski. Wydzia{\l} Matematyki, Informatyki i Ekonometrii}}


@inbook{Gosea2021,
  title = {Toward Fitting Structured Nonlinear Systems by Means of Dynamic Mode Decomposition},
  ISBN = {9783030729837},
  ISSN = {2296-6072},
  OPTurl = {http://dx.doi.org/10.1007/978-3-030-72983-7_3},
  DOI = {10.1007/978-3-030-72983-7_3},
  booktitle = {International Series of Numerical Mathematics},
  publisher = {Springer International Publishing},
  author = {Gosea,  Ion Victor and Pontes Duff,  Igor},
  year = {2021},
  pages = {53–74}
}

@article{lpvs_incremental,
title = "Linear Parameter-Varying Control of Nonlinear Systems based on Incremental Stability",
journal = "IFAC-PapersOnLine",
volume = "52",
number = "28",
pages = "38--43",
year = "2019",
OPTnote = "3rd IFAC Workshop on Linear Parameter Varying Systems LPVS 2019",
issn = "2405-8963",
doi = "10.1016/j.ifacol.2019.12.345",
author = "P.J.W. Koelewijn and R. Tóth and H. Nijmeijer"
}

@inproceedings{Armanini2018,
  title = {Global {LPV} model identification of flapping-wing dynamics using flight data},
  OPTurl = {http://dx.doi.org/10.2514/6.2018-2156},
  DOI = {10.2514/6.2018-2156},
  booktitle = {2018 AIAA Modeling and Simulation Technologies Conference},
  publisher = {American Institute of Aeronautics and Astronautics},
  author = {Armanini,  Sophie F. and Karásek,  Matej and de Visser,  Coen C.},
  year = {2018},
  month = jan 
}

@article{Kuzudisli2023,
  title = {Review of feature selection approaches based on grouping of features},
  volume = {11},
  ISSN = {2167-8359},
  url = {http://dx.doi.org/10.7717/peerj.15666},
  DOI = {10.7717/peerj.15666},
  journal = {PeerJ},
  publisher = {PeerJ},
  author = {Kuzudisli,  Cihan and Bakir-Gungor,  Burcu and Bulut,  Nurten and Qaqish,  Bahjat and Yousef,  Malik},
  year = {2023},
  month = jul,
  pages = {e15666}
}

@article{Williams2015,
  title = {A Data–Driven Approximation of the Koopman Operator: Extending Dynamic Mode Decomposition},
  volume = {25},
  DOI = {10.1007/s00332-015-9258-5},
  number = {6},
  journal = {Journal of Nonlinear Science},
  publisher = {Springer Science and Business Media LLC},
  author = {Williams,  Matthew O. and Kevrekidis,  Ioannis G. and Rowley,  Clarence W.},
  year = {2015},
  month = jun,
  pages = {1307–1346}
}

@book{LopesdosSantos2011,
  title = {Linear Parameter-Varying System Identification: New Developments and Trends},
  ISBN = {9789814355452},
  OPTurl = {http://dx.doi.org/10.1142/8186},
  DOI = {10.1142/8186},
  publisher = {World Scientific},
  author = {Lopes dos Santos,  Paulo and Azevedo Perdicoúlis,  Teresa Paula and Novara,  Carlo and Ramos,  Jose A and Rivera,  Daniel E},
  year = {2011},
  month = nov 
}

@book{dragoslav,
 Author = {Dragoslav D. Siljak},
 title = {Large-Scale Dynamic Systems: Stability and Structure (Dover Civil and Mechanical Engineering)},
 description = {Large-Scale Dynamic Systems: Stability and Structure (Dover Civil and Mechanical Engineering) (Book, 2007)},
 publisher = {Dover Publications},
 interhash = {9c73defb57d1ae3e02c79cb944b85a4b},
 intrahash = {98f976594def1232937a6bfc8f45a094},
 year = {2007},
 month = {nov},
 isbn = {0486462854},
 url = {https://www.xarg.org/ref/a/0486462854/}
}

@book{lpvs,
 Author = {Andrew P. White},
 title = {Linear Parameter-Varying Control for Engineering Applications (SpringerBriefs in Electrical and Computer Engineering)},
 description = {Linear Parameter-Varying Control for Engineering Applications (SpringerBriefs in Electrical and Computer Engineering) (Book, 2013)},
 publisher = {Springer},
 interhash = {6b86954d715d7e6b7b3c3feff7e54425},
 intrahash = {88cbde3ed4d6691d24e1757b5dfaa2de},
 year = {2013},
 month = {mar},
 url = {https://www.xarg.org/ref/a/B00C6C0JYW/}
}


@article{Gros2016,
author = {Gros, Sebastien and Zanon, Mario and Quirynen, Rien and Bemporad, Alberto and Diehl, Moritz},
year = {2016},
month = {09},
pages = {1-19},
title = {From linear to nonlinear {MPC}: bridging the gap via the real-time iteration},
volume = {93},
journal = {International Journal of Control},
doi = {10.1080/00207179.2016.1222553}
}

@article{Terzi2020,
title = {Learning-based predictive control of the cooling system of a large business centre},
journal = {Control Engineering Practice},
volume = {97},
pages = {104348},
year = {2020},
issn = {0967-0661},
doi = {10.1016/j.conengprac.2020.104348},
OPTurl = {https://www.sciencedirect.com/science/article/pii/S0967066120300307},
author = {E. Terzi and T. Bonetti and D. Saccani and M. Farina and L. Fagiano and R. Scattolini},
}


@INPROCEEDINGS{direct_gpc,
  author={ Qiang Song and  Fang Liu},
  booktitle={First International Conference on Innovative Computing, Information and Control - Volume I (ICICIC'06)}, 
  title={The Direct Approach to Unified GPC Based on ARMAX/CARIMA/CARMA Model and Application for Pneumatic Actuator Control}, 
  year={2006},
  volume={1},
  OPTnumber={},
  pages={336--339},
}


@book{Maciej2014,
  year = {2014},
  publisher = {Springer International Publishing},
  author = {Maciej {\L}awry{\'{n}}czuk},
  title = {Computationally Efficient Model Predictive Control Algorithms}
}


@article{cstr,
author = {Chen, Hong and Kremling, H and Allgöwer, Frank},
year = {1995},
month = {01},
pages = {3247-3252},
title = {Nonlinear Predictive Control of a Benchmark CSTR},
journal = {Proceedings of the 3rd European Control Conference, Rome-Italy.}
}

