@article{devlin2018bert,
  title={Bert: Pre-training of deep bidirectional transformers for language understanding},
  author={Devlin, Jacob},
  journal={arXiv preprint arXiv:1810.04805},
  year={2018}
}

@article{liu2024visual,
  title={Visual instruction tuning},
  author={Liu, Haotian and Li, Chunyuan and Wu, Qingyang and Lee, Yong Jae},
  journal={Advances in neural information processing systems},
  volume={36},
  year={2024}
}

@article{zhu2023minigpt,
  title={Minigpt-4: Enhancing vision-language understanding with advanced large language models},
  author={Zhu, Deyao and Chen, Jun and Shen, Xiaoqian and Li, Xiang and Elhoseiny, Mohamed},
  journal={arXiv preprint arXiv:2304.10592},
  year={2023}
}

@inproceedings{li2023blip,
  title={Blip-2: Bootstrapping language-image pre-training with frozen image encoders and large language models},
  author={Li, Junnan and Li, Dongxu and Savarese, Silvio and Hoi, Steven},
  booktitle={International conference on machine learning},
  pages={19730--19742},
  year={2023},
  organization={PMLR}
}

@article{sun2024autoregressive,
  title={Autoregressive Model Beats Diffusion: Llama for Scalable Image Generation},
  author={Sun, Peize and Jiang, Yi and Chen, Shoufa and Zhang, Shilong and Peng, Bingyue and Luo, Ping and Yuan, Zehuan},
  journal={arXiv preprint arXiv:2406.06525},
  year={2024}
}

@article{tian2024visual,
  title={Visual autoregressive modeling: Scalable image generation via next-scale prediction},
  author={Tian, Keyu and Jiang, Yi and Yuan, Zehuan and Peng, Bingyue and Wang, Liwei},
  journal={arXiv preprint arXiv:2404.02905},
  year={2024}
}

@article{fan2024fluid,
  title={Fluid: Scaling autoregressive text-to-image generative models with continuous tokens},
  author={Fan, Lijie and Li, Tianhong and Qin, Siyang and Li, Yuanzhen and Sun, Chen and Rubinstein, Michael and Sun, Deqing and He, Kaiming and Tian, Yonglong},
  journal={arXiv preprint arXiv:2410.13863},
  year={2024}
}

@article{wu2024vila,
  title={Vila-u: a unified foundation model integrating visual understanding and generation},
  author={Wu, Yecheng and Zhang, Zhuoyang and Chen, Junyu and Tang, Haotian and Li, Dacheng and Fang, Yunhao and Zhu, Ligeng and Xie, Enze and Yin, Hongxu and Yi, Li and others},
  journal={arXiv preprint arXiv:2409.04429},
  year={2024}
}

@article{BoT,
  title={Buffer of Thoughts: Thought-Augmented Reasoning with Large Language Models},
  author={Yang, Ling and Yu, Zhaochen and Zhang, Tianjun and Cao, Shiyi and Xu, Minkai and Zhang, Wentao and Gonzalez, Joseph E and Cui, Bin},
  journal={Advances in Neural Information Processing Systems},
  year={2024}
}
@article{CoT,
  title={Chain-of-thought prompting elicits reasoning in large language models},
  author={Wei, Jason and Wang, Xuezhi and Schuurmans, Dale and Bosma, Maarten and Xia, Fei and Chi, Ed and Le, Quoc V and Zhou, Denny and others},
  journal={Advances in neural information processing systems},
  volume={35},
  pages={24824--24837},
  year={2022}
}
@article{guo2025deepseek,
  title={Deepseek-r1: Incentivizing reasoning capability in llms via reinforcement learning},
  author={Guo, Daya and Yang, Dejian and Zhang, Haowei and Song, Junxiao and Zhang, Ruoyu and Xu, Runxin and Zhu, Qihao and Ma, Shirong and Wang, Peiyi and Bi, Xiao and others},
  journal={arXiv preprint arXiv:2501.12948},
  year={2025}
}
@article{o1,
	title   = {Openai o1 system card},
	author  = {OpenAI},
	year    = {2024},
	journal = {preprint}
}
@article{yang2025reasonflux,
  title={ReasonFlux: Hierarchical LLM Reasoning via Scaling Thought Templates},
  author={Yang, Ling and Yu, Zhaochen and Cui, Bin and Wang, Mengdi},
  journal={arXiv preprint arXiv:2502.06772},
  year={2025}
}
@inproceedings{yang2025supercorrect,
  title={SuperCorrect: Supervising and Correcting Language Models with Error-Driven Insights},
  author={Yang, Ling and Yu, Zhaochen and Zhang, Tianjun and Xu, Minkai and Gonzalez, Joseph E and Cui, Bin and Yan, Shuicheng},
  booktitle={International Conference on Learning Representations},
  year={2025}
}
@inproceedings{yang2024mastering,
  title={Mastering text-to-image diffusion: Recaptioning, planning, and generating with multimodal llms},
  author={Yang, Ling and Yu, Zhaochen and Meng, Chenlin and Xu, Minkai and Ermon, Stefano and Bin, CUI},
  booktitle={Forty-first International Conference on Machine Learning},
  year={2024}
}
@article{tian2024videotetris,
  title={VideoTetris: Towards Compositional Text-to-Video Generation},
  author={Tian, Ye and Yang, Ling and Yang, Haotian and Gao, Yuan and Deng, Yufan and Chen, Jingmin and Wang, Xintao and Yu, Zhaochen and Tao, Xin and Wan, Pengfei and others},
  journal={arXiv preprint arXiv:2406.04277},
  year={2024}
}

@article{li2024synergen,
  title={SynerGen-VL: Towards Synergistic Image Understanding and Generation with Vision Experts and Token Folding},
  author={Li, Hao and Tian, Changyao and Shao, Jie and Zhu, Xizhou and Wang, Zhaokai and Zhu, Jinguo and Dou, Wenhan and Wang, Xiaogang and Li, Hongsheng and Lu, Lewei and others},
  journal={arXiv preprint arXiv:2412.09604},
  year={2024}
}

@article{wu2024liquid,
  title={Liquid: Language Models are Scalable Multi-modal Generators},
  author={Wu, Junfeng and Jiang, Yi and Ma, Chuofan and Liu, Yuliang and Zhao, Hengshuang and Yuan, Zehuan and Bai, Song and Bai, Xiang},
  journal={arXiv preprint arXiv:2412.04332},
  year={2024}
}

@article{xie2024show,
  title={Show-o: One single transformer to unify multimodal understanding and generation},
  author={Xie, Jinheng and Mao, Weijia and Bai, Zechen and Zhang, David Junhao and Wang, Weihao and Lin, Kevin Qinghong and Gu, Yuchao and Chen, Zhijie and Yang, Zhenheng and Shou, Mike Zheng},
  journal={arXiv preprint arXiv:2408.12528},
  year={2024}
}

@article{zhou2024transfusion,
  title={Transfusion: Predict the next token and diffuse images with one multi-modal model},
  author={Zhou, Chunting and Yu, Lili and Babu, Arun and Tirumala, Kushal and Yasunaga, Michihiro and Shamis, Leonid and Kahn, Jacob and Ma, Xuezhe and Zettlemoyer, Luke and Levy, Omer},
  journal={arXiv preprint arXiv:2408.11039},
  year={2024}
}

@article{wang2024emu3,
  title={Emu3: Next-token prediction is all you need},
  author={Wang, Xinlong and Zhang, Xiaosong and Luo, Zhengxiong and Sun, Quan and Cui, Yufeng and Wang, Jinsheng and Zhang, Fan and Wang, Yueze and Li, Zhen and Yu, Qiying and others},
  journal={arXiv preprint arXiv:2409.18869},
  year={2024}
}

@article{he2024self,
  title={Self-correction is more than refinement: A learning framework for visual and language reasoning tasks},
  author={He, Jiayi and Lin, Hehai and Wang, Qingyun and Fung, Yi and Ji, Heng},
  journal={arXiv preprint arXiv:2410.04055},
  year={2024}
}

@article{zhou2024calibrated,
  title={Calibrated self-rewarding vision language models},
  author={Zhou, Yiyang and Fan, Zhiyuan and Cheng, Dongjie and Yang, Sihan and Chen, Zhaorun and Cui, Chenhang and Wang, Xiyao and Li, Yun and Zhang, Linjun and Yao, Huaxiu},
  journal={arXiv preprint arXiv:2405.14622},
  year={2024}
}

@article{team2024chameleon,
  title={Chameleon: Mixed-modal early-fusion foundation models},
  author={Team, Chameleon},
  journal={arXiv preprint arXiv:2405.09818},
  year={2024}
}


@article{dong2023dreamllm,
  title={Dreamllm: Synergistic multimodal comprehension and creation},
  author={Dong, Runpei and Han, Chunrui and Peng, Yuang and Qi, Zekun and Ge, Zheng and Yang, Jinrong and Zhao, Liang and Sun, Jianjian and Zhou, Hongyu and Wei, Haoran and others},
  journal={arXiv preprint arXiv:2309.11499},
  year={2023}
}

@article{tong2024metamorph,
  title={MetaMorph: Multimodal Understanding and Generation via Instruction Tuning},
  author={Tong, Shengbang and Fan, David and Zhu, Jiachen and Xiong, Yunyang and Chen, Xinlei and Sinha, Koustuv and Rabbat, Michael and LeCun, Yann and Xie, Saining and Liu, Zhuang},
  journal={arXiv preprint arXiv:2412.14164},
  year={2024}
}

@article{hurst2024gpt,
  title={Gpt-4o system card},
  author={Hurst, Aaron and Lerer, Adam and Goucher, Adam P and Perelman, Adam and Ramesh, Aditya and Clark, Aidan and Ostrow, AJ and Welihinda, Akila and Hayes, Alan and Radford, Alec and others},
  journal={arXiv preprint arXiv:2410.21276},
  year={2024}
}

@article{wu2024janus,
  title={Janus: Decoupling visual encoding for unified multimodal understanding and generation},
  author={Wu, Chengyue and Chen, Xiaokang and Wu, Zhiyu and Ma, Yiyang and Liu, Xingchao and Pan, Zizheng and Liu, Wen and Xie, Zhenda and Yu, Xingkai and Ruan, Chong and others},
  journal={arXiv preprint arXiv:2410.13848},
  year={2024}
}

@article{rafailov2024direct,
  title={Direct preference optimization: Your language model is secretly a reward model},
  author={Rafailov, Rafael and Sharma, Archit and Mitchell, Eric and Manning, Christopher D and Ermon, Stefano and Finn, Chelsea},
  journal={Advances in Neural Information Processing Systems},
  volume={36},
  year={2024}
}

@article{ge2024seed,
  title={Seed-x: Multimodal models with unified multi-granularity comprehension and generation},
  author={Ge, Yuying and Zhao, Sijie and Zhu, Jinguo and Ge, Yixiao and Yi, Kun and Song, Lin and Li, Chen and Ding, Xiaohan and Shan, Ying},
  journal={arXiv preprint arXiv:2404.14396},
  year={2024}
}

@article{liu2024world,
  title={World model on million-length video and language with blockwise ringattention},
  author={Liu, Hao and Yan, Wilson and Zaharia, Matei and Abbeel, Pieter},
  journal={CoRR},
  year={2024}
}

@article{ma2024janusflow,
  title={Janusflow: Harmonizing autoregression and rectified flow for unified multimodal understanding and generation},
  author={Ma, Yiyang and Liu, Xingchao and Chen, Xiaokang and Liu, Wen and Wu, Chengyue and Wu, Zhiyu and Pan, Zizheng and Xie, Zhenda and Zhang, Haowei and Zhao, Liang and others},
  journal={arXiv preprint arXiv:2411.07975},
  year={2024}
}

@article{wu2023next,
  title={Next-gpt: Any-to-any multimodal llm},
  author={Wu, Shengqiong and Fei, Hao and Qu, Leigang and Ji, Wei and Chua, Tat-Seng},
  journal={arXiv preprint arXiv:2309.05519},
  year={2023}
}

@article{ye2024x,
  title={X-VILA: Cross-Modality Alignment for Large Language Model},
  author={Ye, Hanrong and Huang, De-An and Lu, Yao and Yu, Zhiding and Ping, Wei and Tao, Andrew and Kautz, Jan and Han, Song and Xu, Dan and Molchanov, Pavlo and others},
  journal={arXiv preprint arXiv:2405.19335},
  year={2024}
}

@article{shi2024llamafusion,
  title={LlamaFusion: Adapting Pretrained Language Models for Multimodal Generation},
  author={Shi, Weijia and Han, Xiaochuang and Zhou, Chunting and Liang, Weixin and Lin, Xi Victoria and Zettlemoyer, Luke and Yu, Lili},
  journal={arXiv preprint arXiv:2412.15188},
  year={2024}
}

@inproceedings{sun2024generative,
  title={Generative multimodal models are in-context learners},
  author={Sun, Quan and Cui, Yufeng and Zhang, Xiaosong and Zhang, Fan and Yu, Qiying and Wang, Yueze and Rao, Yongming and Liu, Jingjing and Huang, Tiejun and Wang, Xinlong},
  booktitle={Proceedings of the IEEE/CVF Conference on Computer Vision and Pattern Recognition},
  pages={14398--14409},
  year={2024}
}

@article{qu2024tokenflow,
  title={TokenFlow: Unified Image Tokenizer for Multimodal Understanding and Generation},
  author={Qu, Liao and Zhang, Huichao and Liu, Yiheng and Wang, Xu and Jiang, Yi and Gao, Yiming and Ye, Hu and Du, Daniel K and Yuan, Zehuan and Wu, Xinglong},
  journal={arXiv preprint arXiv:2412.03069},
  year={2024}
}

@article{xie2024muse,
  title={MUSE-VL: Modeling Unified VLM through Semantic Discrete Encoding},
  author={Xie, Rongchang and Du, Chen and Song, Ping and Liu, Chang},
  journal={arXiv preprint arXiv:2411.17762},
  year={2024}
}

@article{zhang2024critic,
  title={Critic-v: Vlm critics help catch vlm errors in multimodal reasoning},
  author={Zhang, Di and Lei, Jingdi and Li, Junxian and Wang, Xunzhi and Liu, Yujie and Yang, Zonglin and Li, Jiatong and Wang, Weida and Yang, Suorong and Wu, Jianbo and others},
  journal={arXiv preprint arXiv:2411.18203},
  year={2024}
}

@article{zhou2024aligning,
  title={Aligning modalities in vision large language models via preference fine-tuning},
  author={Zhou, Yiyang and Cui, Chenhang and Rafailov, Rafael and Finn, Chelsea and Yao, Huaxiu},
  journal={arXiv preprint arXiv:2402.11411},
  year={2024}
}

@inproceedings{hu2023tifa,
  title={Tifa: Accurate and interpretable text-to-image faithfulness evaluation with question answering},
  author={Hu, Yushi and Liu, Benlin and Kasai, Jungo and Wang, Yizhong and Ostendorf, Mari and Krishna, Ranjay and Smith, Noah A},
  booktitle={Proceedings of the IEEE/CVF International Conference on Computer Vision},
  pages={20406--20417},
  year={2023}
}

@article{team2023gemini,
  title={Gemini: a family of highly capable multimodal models},
  author={Team, Gemini and Anil, Rohan and Borgeaud, Sebastian and Alayrac, Jean-Baptiste and Yu, Jiahui and Soricut, Radu and Schalkwyk, Johan and Dai, Andrew M and Hauth, Anja and Millican, Katie and others},
  journal={arXiv preprint arXiv:2312.11805},
  year={2023}
}

@article{tang2024any,
  title={Any-to-any generation via composable diffusion},
  author={Tang, Zineng and Yang, Ziyi and Zhu, Chenguang and Zeng, Michael and Bansal, Mohit},
  journal={Advances in Neural Information Processing Systems},
  volume={36},
  year={2024}
}

@article{ghosh2024geneval,
  title={Geneval: An object-focused framework for evaluating text-to-image alignment},
  author={Ghosh, Dhruba and Hajishirzi, Hannaneh and Schmidt, Ludwig},
  journal={Advances in Neural Information Processing Systems},
  volume={36},
  year={2024}
}

@article{hu2024ella,
  title={Ella: Equip diffusion models with llm for enhanced semantic alignment},
  author={Hu, Xiwei and Wang, Rui and Fang, Yixiao and Fu, Bin and Cheng, Pei and Yu, Gang},
  journal={arXiv preprint arXiv:2403.05135},
  year={2024}
}

@inproceedings{rombach2022high,
  title={High-resolution image synthesis with latent diffusion models},
  author={Rombach, Robin and Blattmann, Andreas and Lorenz, Dominik and Esser, Patrick and Ommer, Bj{\"o}rn},
  booktitle={Proceedings of the IEEE/CVF conference on computer vision and pattern recognition},
  pages={10684--10695},
  year={2022}
}

@article{ramesh2022hierarchical,
  title={Hierarchical text-conditional image generation with clip latents},
  author={Ramesh, Aditya and Dhariwal, Prafulla and Nichol, Alex and Chu, Casey and Chen, Mark},
  journal={arXiv preprint arXiv:2204.06125},
  volume={1},
  number={2},
  pages={3},
  year={2022}
}

@article{heusel2017gans,
  title={Gans trained by a two time-scale update rule converge to a local nash equilibrium},
  author={Heusel, Martin and Ramsauer, Hubert and Unterthiner, Thomas and Nessler, Bernhard and Hochreiter, Sepp},
  journal={Advances in neural information processing systems},
  volume={30},
  year={2017}
}

@inproceedings{radford2021learning,
  title={Learning transferable visual models from natural language supervision},
  author={Radford, Alec and Kim, Jong Wook and Hallacy, Chris and Ramesh, Aditya and Goh, Gabriel and Agarwal, Sandhini and Sastry, Girish and Askell, Amanda and Mishkin, Pamela and Clark, Jack and others},
  booktitle={International conference on machine learning},
  pages={8748--8763},
  year={2021},
  organization={PMLR}
}

@article{sun2024journeydb,
  title={Journeydb: A benchmark for generative image understanding},
  author={Sun, Keqiang and Pan, Junting and Ge, Yuying and Li, Hao and Duan, Haodong and Wu, Xiaoshi and Zhang, Renrui and Zhou, Aojun and Qin, Zipeng and Wang, Yi and others},
  journal={Advances in Neural Information Processing Systems},
  volume={36},
  year={2024}
}

@article{li2023evaluating,
  title={Evaluating object hallucination in large vision-language models},
  author={Li, Yifan and Du, Yifan and Zhou, Kun and Wang, Jinpeng and Zhao, Wayne Xin and Wen, Ji-Rong},
  journal={arXiv preprint arXiv:2305.10355},
  year={2023}
}

@article{fu2023mme,
  title={MME: A Comprehensive Evaluation Benchmark for Multimodal Large Language Models},
  author={Fu, Chaoyou and Chen, Peixian and Shen, Yunhang and Qin, Yulei and Zhang, Mengdan and Lin, Xu and Yang, Jinrui and Zheng, Xiawu and Li, Ke and Sun, Xing and others},
  journal={arXiv preprint arXiv:2306.13394},
  year={2023}
}

@inproceedings{goyal2017making,
  title={Making the v in vqa matter: Elevating the role of image understanding in visual question answering},
  author={Goyal, Yash and Khot, Tejas and Summers-Stay, Douglas and Batra, Dhruv and Parikh, Devi},
  booktitle={Proceedings of the IEEE conference on computer vision and pattern recognition},
  pages={6904--6913},
  year={2017}
}

@inproceedings{hudson2019gqa,
  title={Gqa: A new dataset for real-world visual reasoning and compositional question answering},
  author={Hudson, Drew A and Manning, Christopher D},
  booktitle={Proceedings of the IEEE/CVF conference on computer vision and pattern recognition},
  pages={6700--6709},
  year={2019}
}

@inproceedings{plummer2015flickr30k,
  title={Flickr30k entities: Collecting region-to-phrase correspondences for richer image-to-sentence models},
  author={Plummer, Bryan A and Wang, Liwei and Cervantes, Chris M and Caicedo, Juan C and Hockenmaier, Julia and Lazebnik, Svetlana},
  booktitle={Proceedings of the IEEE international conference on computer vision},
  pages={2641--2649},
  year={2015}
}

@inproceedings{yue2024mmmu,
  title={Mmmu: A massive multi-discipline multimodal understanding and reasoning benchmark for expert agi},
  author={Yue, Xiang and Ni, Yuansheng and Zhang, Kai and Zheng, Tianyu and Liu, Ruoqi and Zhang, Ge and Stevens, Samuel and Jiang, Dongfu and Ren, Weiming and Sun, Yuxuan and others},
  booktitle={Proceedings of the IEEE/CVF Conference on Computer Vision and Pattern Recognition},
  pages={9556--9567},
  year={2024}
}

@article{pang2024iterative,
  title={Iterative reasoning preference optimization},
  author={Pang, Richard Yuanzhe and Yuan, Weizhe and Cho, Kyunghyun and He, He and Sukhbaatar, Sainbayar and Weston, Jason},
  journal={arXiv preprint arXiv:2404.19733},
  year={2024}
}

@article{zhang2024itercomp,
  title={Itercomp: Iterative composition-aware feedback learning from model gallery for text-to-image generation},
  author={Zhang, Xinchen and Yang, Ling and Li, Guohao and Cai, Yaqi and Xie, Jiake and Tang, Yong and Yang, Yujiu and Wang, Mengdi and Cui, Bin},
  journal={arXiv preprint arXiv:2410.07171},
  year={2024}
}

@inproceedings{zhang2024realcompo,
  title={Realcompo: Balancing realism and compositionality improves text-to-image diffusion models},
  author={Zhang, Xinchen and Yang, Ling and Cai, Yaqi and Yu, Zhaochen and Wang, Kai-Ni and Tian, Ye and Xu, Minkai and Tang, Yong and Yang, Yujiu and Bin, CUI and others},
  booktitle={The Thirty-eighth Annual Conference on Neural Information Processing Systems},
  year={2024}
}

@article{zhang2024fate,
  title={FATE: Full-head Gaussian Avatar with Textural Editing from Monocular Video},
  author={Zhang, Jiawei and Wu, Zijian and Liang, Zhiyang and Gong, Yicheng and Hu, Dongfang and Yao, Yao and Cao, Xun and Zhu, Hao},
  journal={arXiv preprint arXiv:2411.15604},
  year={2024}
}

@article{zhuang2024towards,
  title={Towards Native Generative Model for 3D Head Avatar},
  author={Zhuang, Yiyu and He, Yuxiao and Zhang, Jiawei and Wang, Yanwen and Zhu, Jiahe and Yao, Yao and Zhu, Siyu and Cao, Xun and Zhu, Hao},
  journal={arXiv preprint arXiv:2410.01226},
  year={2024}
}