% Use this file for citations not found in the ACL Anthology (contained in "anthology.bib").

@misc{chatbot-arena,
      title={Chatbot Arena: An Open Platform for Evaluating LLMs by Human Preference}, 
      author={Wei-Lin Chiang and Lianmin Zheng and Ying Sheng and Anastasios Nikolas Angelopoulos and Tianle Li and Dacheng Li and Hao Zhang and Banghua Zhu and Michael Jordan and Joseph E. Gonzalez and Ion Stoica},
      year={2024},
      eprint={2403.04132},
      archivePrefix={arXiv},
      primaryClass={cs.AI},
      url={https://arxiv.org/abs/2403.04132}, 
}

@inproceedings{inconsistency,
  title={The Trickle-down Impact of Reward Inconsistency on RLHF},
  author={Shen, Lingfeng and Chen, Sihao and Song, Linfeng and Jin, Lifeng and Peng, Baolin and Mi, Haitao and Khashabi, Daniel and Yu, Dong},
  booktitle={The Twelfth International Conference on Learning Representations}
}

@inproceedings{RLAIF,
  title={RLAIF vs. RLHF: Scaling Reinforcement Learning from Human Feedback with AI Feedback},
  author={Lee, Harrison and Phatale, Samrat and Mansoor, Hassan and Mesnard, Thomas and Ferret, Johan and Lu, Kellie Ren and Bishop, Colton and Hall, Ethan and Carbune, Victor and Rastogi, Abhinav and others},
  booktitle={Forty-first International Conference on Machine Learning}
}

@article{InstructGPT,
  title={Training language models to follow instructions with human feedback},
  author={Ouyang, Long and Wu, Jeffrey and Jiang, Xu and Almeida, Diogo and Wainwright, Carroll and Mishkin, Pamela and Zhang, Chong and Agarwal, Sandhini and Slama, Katarina and Ray, Alex and others},
  journal={Advances in neural information processing systems},
  volume={35},
  pages={27730--27744},
  year={2022}
}

@article{RLAIF_eval,
  title={A critical evaluation of ai feedback for aligning large language models},
  author={Sharma, Archit and Keh, Sedrick and Mitchell, Eric and Finn, Chelsea and Arora, Kushal and Kollar, Thomas},
  journal={arXiv preprint arXiv:2402.12366},
  year={2024}
}

@article{rl_limitation,
  title={AI Alignment through Reinforcement Learning from Human Feedback? Contradictions and Limitations},
  author={Lindstr{\"o}m, Adam Dahlgren and Methnani, Leila and Krause, Lea and Ericson, Petter and de Troya, {\'I}{\~n}igo Mart{\'\i}nez de Rituerto and Mollo, Dimitri Coelho and Dobbe, Roel},
  journal={arXiv preprint arXiv:2406.18346},
  year={2024}
}

@inproceedings{limited,
    title = "On the Limited Generalization Capability of the Implicit Reward Model Induced by Direct Preference Optimization",
    author = "Lin, Yong  and
      Seto, Skyler  and
      Ter Hoeve, Maartje  and
      Metcalf, Katherine  and
      Theobald, Barry-John  and
      Wang, Xuan  and
      Zhang, Yizhe  and
      Huang, Chen  and
      Zhang, Tong",
    editor = "Al-Onaizan, Yaser  and
      Bansal, Mohit  and
      Chen, Yun-Nung",
    booktitle = "Findings of the Association for Computational Linguistics: EMNLP 2024",
    month = nov,
    year = "2024",
    address = "Miami, Florida, USA",
    publisher = "Association for Computational Linguistics",
    url = "https://aclanthology.org/2024.findings-emnlp.940",
    doi = "10.18653/v1/2024.findings-emnlp.940",
    pages = "16015--16026",
}

@misc{sage_rt,
      title={SAGE-RT: Synthetic Alignment data Generation for Safety Evaluation and Red Teaming}, 
      author={Anurakt Kumar and Divyanshu Kumar and Jatan Loya and Nitin Aravind Birur and Tanay Baswa and Sahil Agarwal and Prashanth Harshangi},
      year={2024},
      eprint={2408.11851},
      archivePrefix={arXiv},
      primaryClass={cs.AI},
      url={https://arxiv.org/abs/2408.11851}, 
}

@article{ppo,
  title={Proximal policy optimization algorithms},
  author={Schulman, John and Wolski, Filip and Dhariwal, Prafulla and Radford, Alec and Klimov, Oleg},
  journal={arXiv preprint arXiv:1707.06347},
  year={2017}
}
@article{dpo,
  title={Direct preference optimization: Your language model is secretly a reward model},
  author={Rafailov, Rafael and Sharma, Archit and Mitchell, Eric and Manning, Christopher D and Ermon, Stefano and Finn, Chelsea},
  journal={Advances in Neural Information Processing Systems},
  volume={36},
  year={2024}
}

@inproceedings{orpo,
    title = "{ORPO}: Monolithic Preference Optimization without Reference Model",
    author = "Hong, Jiwoo  and
      Lee, Noah  and
      Thorne, James",
    editor = "Al-Onaizan, Yaser  and
      Bansal, Mohit  and
      Chen, Yun-Nung",
    booktitle = "Proceedings of the 2024 Conference on Empirical Methods in Natural Language Processing",
    month = nov,
    year = "2024",
    address = "Miami, Florida, USA",
    publisher = "Association for Computational Linguistics",
    url = "https://aclanthology.org/2024.emnlp-main.626",
    doi = "10.18653/v1/2024.emnlp-main.626",
    pages = "11170--11189",
}

@article{ultrafeedback,
  title={Ultrafeedback: Boosting language models with high-quality feedback},
  author={Cui, Ganqu and Yuan, Lifan and Ding, Ning and Yao, Guanming and Zhu, Wei and Ni, Yuan and Xie, Guotong and Liu, Zhiyuan and Sun, Maosong},
  year={2023}
}

@article{hh_rlhf,
  title={Training a helpful and harmless assistant with reinforcement learning from human feedback},
  author={Bai, Yuntao and Jones, Andy and Ndousse, Kamal and Askell, Amanda and Chen, Anna and DasSarma, Nova and Drain, Dawn and Fort, Stanislav and Ganguli, Deep and Henighan, Tom and others},
  journal={arXiv preprint arXiv:2204.05862},
  year={2022}
}

@inproceedings{safer_instruct,
    title = "Safer-Instruct: Aligning Language Models with Automated Preference Data",
    author = "Shi, Taiwei  and
      Chen, Kai  and
      Zhao, Jieyu",
    editor = "Duh, Kevin  and
      Gomez, Helena  and
      Bethard, Steven",
    booktitle = "Proceedings of the 2024 Conference of the North American Chapter of the Association for Computational Linguistics: Human Language Technologies (Volume 1: Long Papers)",
    month = jun,
    year = "2024",
    address = "Mexico City, Mexico",
    publisher = "Association for Computational Linguistics",
    url = "https://aclanthology.org/2024.naacl-long.422",
    doi = "10.18653/v1/2024.naacl-long.422",
    pages = "7636--7651",
}

@article{truthfulqa,
  title={Truthfulqa: Measuring how models mimic human falsehoods},
  author={Lin, Stephanie and Hilton, Jacob and Evans, Owain},
  journal={arXiv preprint arXiv:2109.07958},
  year={2021}
}

@article{arc,
  title={Think you have solved question answering? try arc, the ai2 reasoning challenge},
  author={Clark, Peter and Cowhey, Isaac and Etzioni, Oren and Khot, Tushar and Sabharwal, Ashish and Schoenick, Carissa and Tafjord, Oyvind},
  journal={arXiv preprint arXiv:1803.05457},
  year={2018}
}

@article{mmlu,
  title={Measuring massive multitask language understanding},
  author={Hendrycks, Dan and Burns, Collin and Basart, Steven and Zou, Andy and Mazeika, Mantas and Song, Dawn and Steinhardt, Jacob},
  journal={arXiv preprint arXiv:2009.03300},
  year={2020}
}

@article{ifeval,
  title={Instruction-following evaluation for large language models},
  author={Zhou, Jeffrey and Lu, Tianjian and Mishra, Swaroop and Brahma, Siddhartha and Basu, Sujoy and Luan, Yi and Zhou, Denny and Hou, Le},
  journal={arXiv preprint arXiv:2311.07911},
  year={2023}
}

@article{mmlu_pro,
  title={Mmlu-pro: A more robust and challenging multi-task language understanding benchmark},
  author={Wang, Yubo and Ma, Xueguang and Zhang, Ge and Ni, Yuansheng and Chandra, Abhranil and Guo, Shiguang and Ren, Weiming and Arulraj, Aaran and He, Xuan and Jiang, Ziyan and others},
  journal={arXiv preprint arXiv:2406.01574},
  year={2024}
}

@inproceedings{flan,
  title={The flan collection: Designing data and methods for effective instruction tuning},
  author={Longpre, Shayne and Hou, Le and Vu, Tu and Webson, Albert and Chung, Hyung Won and Tay, Yi and Zhou, Denny and Le, Quoc V and Zoph, Barret and Wei, Jason and others},
  booktitle={International Conference on Machine Learning},
  pages={22631--22648},
  year={2023},
  organization={PMLR}
}
@inproceedings{hellaswag,
    title={HellaSwag: Can a Machine Really Finish Your Sentence?},
    author={Zellers, Rowan and Holtzman, Ari and Bisk, Yonatan and Farhadi, Ali and Choi, Yejin},
    booktitle ={Proceedings of the 57th Annual Meeting of the Association for Computational Linguistics},
    year={2019}
}

@article{rlhf,
  title={Training language models to follow instructions with human feedback},
  author={Ouyang, Long and Wu, Jeffrey and Jiang, Xu and Almeida, Diogo and Wainwright, Carroll and Mishkin, Pamela and Zhang, Chong and Agarwal, Sandhini and Slama, Katarina and Ray, Alex and others},
  journal={Advances in neural information processing systems},
  volume={35},
  pages={27730--27744},
  year={2022}
}

@article{gpt4,
  title={GPT-4 Technical Report},
  author={OpenAI},
  journal={arXiv preprint arXiv:2303.08774},
  year={2023},
  url={https://arxiv.org/abs/2303.08774}
}


@article{bard,
  title={Google’s AI chatbot “Bard”: a side-by-side comparison with ChatGPT and its utilization in ophthalmology},
  author={Waisberg, Ethan and Ong, Joshua and Masalkhi, Mouayad and Zaman, Nasif and Sarker, Prithul and Lee, Andrew G and Tavakkoli, Alireza},
  journal={Eye},
  volume={38},
  number={4},
  pages={642--645},
  year={2024},
  publisher={Nature Publishing Group UK London}
}

@article{llama2,
  title={Llama 2: Open foundation and fine-tuned chat models},
  author={Touvron, Hugo and Martin, Louis and Stone, Kevin and Albert, Peter and Almahairi, Amjad and Babaei, Yasmine and Bashlykov, Nikolay and Batra, Soumya and Bhargava, Prajjwal and Bhosale, Shruti and others},
  journal={arXiv preprint arXiv:2307.09288},
  year={2023}
}

@inproceedings{ultralm,
  title={ULTRAFEEDBACK: Boosting Language Models with Scaled AI Feedback},
  author={Cui, Ganqu and Yuan, Lifan and Ding, Ning and Yao, Guanming and He, Bingxiang and Zhu, Wei and Ni, Yuan and Xie, Guotong and Xie, Ruobing and Lin, Yankai and others},
  booktitle={Forty-first International Conference on Machine Learning},
  year={2024}
}

@article{wizardlm,
  title={Wizardlm: Empowering large language models to follow complex instructions},
  author={Xu, Can and Sun, Qingfeng and Zheng, Kai and Geng, Xiubo and Zhao, Pu and Feng, Jiazhan and Tao, Chongyang and Jiang, Daxin},
  journal={arXiv preprint arXiv:2304.12244},
  year={2023}
}

@article{vicuna,
  title={Judging llm-as-a-judge with mt-bench and chatbot arena},
  author={Zheng, Lianmin and Chiang, Wei-Lin and Sheng, Ying and Zhuang, Siyuan and Wu, Zhanghao and Zhuang, Yonghao and Lin, Zi and Li, Zhuohan and Li, Dacheng and Xing, Eric and others},
  journal={Advances in Neural Information Processing Systems},
  volume={36},
  year={2024}
}

@misc{alpaca,
  author = {Rohan Taori and Ishaan Gulrajani and Tianyi Zhang and Yann Dubois and Xuechen Li and Carlos Guestrin and Percy Liang and Tatsunori B. Hashimoto },
  title = {Stanford Alpaca: An Instruction-following LLaMA model},
  year = {2023},
  publisher = {GitHub},
  journal = {GitHub repository},
  howpublished = {\url{https://github.com/tatsu-lab/stanford_alpaca}},
}

@article{falcon40b,
  title={{Falcon-40B}: an open large language model with state-of-the-art performance},
  author={Almazrouei, Ebtesam and Alobeidli, Hamza and Alshamsi, Abdulaziz and Cappelli, Alessandro and Cojocaru, Ruxandra and Debbah, Merouane and Goffinet, Etienne and Heslow, Daniel and Launay, Julien and Malartic, Quentin and Noune, Badreddine and Pannier, Baptiste and Penedo, Guilherme},
  year={2023}
}

@online{MPT,
    author    = {MosaicML NLP Team},
    title     = {Introducing MPT-30B: Raising the bar
for open-source foundation models},
    year      = {2023},
    url       = {www.mosaicml.com/blog/mpt-30b},
    note      = {Accessed: 2023-06-22},
    urldate   = {2023-06-22}
}

@article{starchat,
  author = {Tunstall, Lewis and Lambert, Nathan and Rajani, Nazneen and Beeching, Edward and Le Scao, Teven and von Werra, Leandro and Han, Sheon and Schmid, Philipp and Rush, Alexander},
  title = {Creating a Coding Assistant with StarCoder},
  journal = {Hugging Face Blog},
  year = {2023},
  note = {https://huggingface.co/blog/starchat},
}

@inproceedings{pythia,
  title={Pythia: A suite for analyzing large language models across training and scaling},
  author={Biderman, Stella and Schoelkopf, Hailey and Anthony, Quentin Gregory and Bradley, Herbie and O’Brien, Kyle and Hallahan, Eric and Khan, Mohammad Aflah and Purohit, Shivanshu and Prashanth, USVSN Sai and Raff, Edward and others},
  booktitle={International Conference on Machine Learning},
  pages={2397--2430},
  year={2023},
  organization={PMLR}
}

@article{PCA,
  title={Principal components analysis (PCA)},
  author={Ma{\'c}kiewicz, Andrzej and Ratajczak, Waldemar},
  journal={Computers \& Geosciences},
  volume={19},
  number={3},
  pages={303--342},
  year={1993},
  publisher={Elsevier}
}

@article{llama3,
  title={The llama 3 herd of models},
  author={Dubey, Abhimanyu and Jauhri, Abhinav and Pandey, Abhinav and Kadian, Abhishek and Al-Dahle, Ahmad and Letman, Aiesha and Mathur, Akhil and Schelten, Alan and Yang, Amy and Fan, Angela and others},
  journal={arXiv preprint arXiv:2407.21783},
  year={2024}
}

@article{qwen25,
  title={Qwen2. 5 technical report},
  author={Yang, An and Yang, Baosong and Zhang, Beichen and Hui, Binyuan and Zheng, Bo and Yu, Bowen and Li, Chengyuan and Liu, Dayiheng and Huang, Fei and Wei, Haoran and others},
  journal={arXiv preprint arXiv:2412.15115},
  year={2024}
}