@misc{youtube,
    key = {},
    author = {{KAIST IRSL}},
    title = {{CDM: Contact Diffusion Model for Multi-Contact Point Localization (ICRA 2025)}},
    note =  {(Jan. 31, 2025). Accessed: Jan. 31, 2025},
    url = {https://youtu.be/6kDZrnkFvp4}
}

@INPROCEEDINGS{10160294,
  author={Kim, Kanghyun and Park, Daehyung and Kim, Min Jun},
  booktitle={2023 IEEE International Conference on Robotics and Automation (ICRA)}, 
  title={A Reachability Tree-Based Algorithm for Robot Task and Motion Planning}, 
  volume={},
  number={},
  pages={3750-3756},
  keywords={Monte Carlo methods;Automation;Benchmark testing;Planning;Trajectory;Task analysis;Robots},
  doi={10.1109/ICRA48891.2023.10160294}}

@INPROCEEDINGS{10161173,
  author={Han, Seo Wook and Kim, Min Jun},
  booktitle={2023 IEEE International Conference on Robotics and Automation (ICRA)}, 
  title={Proprioceptive Sensor-Based Simultaneous Multi-Contact Point Localization and Force Identification for Robotic Arms}, 
  year={},
  volume={},
  number={},
  pages={12099-12105},
  doi={10.1109/ICRA48891.2023.10161173}}

@article{chi2023diffusion,
  title={Diffusion policy: Visuomotor policy learning via action diffusion},
  author={Chi, Cheng and Feng, Siyuan and Du, Yilun and Xu, Zhenjia and Cousineau, Eric and Burchfiel, Benjamin and Song, Shuran},
  journal={arXiv preprint arXiv:2303.04137},
  year={2023}
}

@inproceedings{buondonno2016combining,
  title={Combining real and virtual sensors for measuring interaction forces and moments acting on a robot},
  author={Buondonno, Gabriele and De Luca, Alessandro},
  booktitle={2016 IEEE/RSJ International Conference on Intelligent Robots and Systems (IROS)},
  pages={794--800},
}

@inproceedings{de2006collision,
  title={Collision detection and safe reaction with the DLR-III lightweight manipulator arm},
  author={De Luca, Alessandro and Albu-Schaffer, Alin and Haddadin, Sami and Hirzinger, Gerd},
  booktitle={2006 IEEE/RSJ International Conference on Intelligent Robots and Systems (IROS)},
  pages={1623--1630},
   
}

@INPROCEEDINGS{10611151,
  author={Han, Seo Wook and Iskandar, Maged and Lee, Jinoh and Kim, Min Jun},
  booktitle={2024 IEEE International Conference on Robotics and Automation (ICRA)}, 
  title={Online Multi-Contact Feedback Model Predictive Control for Interactive Robotic Tasks}, 
  year={},
  volume={},
  number={},
  pages={11556-11562},
  keywords={Feedback loop;Prediction algorithms;Real-time systems;Particle filters;Task analysis;Springs;Robots},
  doi={10.1109/ICRA57147.2024.10611151}}

@inproceedings{manuelli2016localizing,
  title={Localizing external contact using proprioceptive sensors: The contact particle filter},
  author={Manuelli, Lucas and Tedrake, Russ},
  booktitle={2016 IEEE/RSJ International Conference on Intelligent Robots and Systems (IROS)},
  pages={5062--5069},
   
}

@article{spong1987modeling,
  title={Modeling and control of elastic joint robots},
  author={Spong, Mark W},
  year={1987}
}

@book{Hess:2010:BFE:1893021,
 author = {Hess, Roland},
 title = {Blender Foundations: The Essential Guide to Learning Blender 2.6},
 year = {2010},
 isbn = {0240814304, 9780240814308},
 publisher = {Focal Press},
}

@inproceedings{yan2009isotropic,
  title={Isotropic remeshing with fast and exact computation of restricted Voronoi diagram},
  author={Yan, Dong-Ming and L{\'e}vy, Bruno and Liu, Yang and Sun, Feng and Wang, Wenping},
  booktitle={Computer graphics forum},
  volume={28},
  number={5},
  pages={1445--1454},
  year={2009},
  organization={Wiley Online Library}
}

@misc{gptoolbox,
  title = {{gptoolbox}: Geometry Processing Toolbox},
  author = {Alec Jacobson and others},
  note = {http://github.com/alecjacobson/gptoolbox},
  year = {2021},
}

@article{pandala2019qpswift,
title = {{qpSWIFT}: A Real-Time Sparse Quadratic Program Solver for Robotic Applications},
author = {Pandala, Abhishek Goud and Ding, Yanran and Park, Hae-Won},
journal = {IEEE Robotics and Automation Letters},
volume = {4},
number = {4},
pages = {3355--3362},
year = {2019},
publisher = {IEEE}
}

@INPROCEEDINGS{6386109,
  author={Todorov, Emanuel and Erez, Tom and Tassa, Yuval},
  booktitle={2012 IEEE/RSJ International Conference on Intelligent Robots and Systems (IROS)}, 
  title={{MuJoCo}: A physics engine for model-based control}, 
  volume={},
  number={},
  pages={5026-5033},
  doi={10.1109/IROS.2012.6386109}}
  
@inproceedings{haddadin2008collision,
  title={Collision detection and reaction: A contribution to safe physical human-robot interaction},
  author={Haddadin, Sami and Albu-Schaffer, Alin and De Luca, Alessandro and Hirzinger, Gerd},
  booktitle={2008 IEEE/RSJ International Conference on Intelligent Robots and Systems},
  pages={3356--3363},
}

@ARTICLE{8059840,  author={Haddadin, Sami and De Luca, Alessandro and Albu-Sch√§ffer, Alin},  journal={IEEE Transactions on Robotics},   title={Robot Collisions: A Survey on Detection, Isolation, and Identification},   year={2017},  volume={33},  number={6},  pages={1292-1312},  doi={10.1109/TRO.2017.2723903}}

@inproceedings{de2008exploiting,
  title={Exploiting robot redundancy in collision detection and reaction},
  author={De Luca, Alessandro and Ferrajoli, Lorenzo},
  booktitle={2008 IEEE/RSJ international conference on intelligent robots and systems},
  pages={3299--3305},
  year={2008}
}


@inproceedings{jorda2019contact,
  title={Contact-driven posture behavior for safe and interactive robot operation},
  author={Jorda, Mikael and Herrero, Elena Galbally and Khatib, Oussama},
  booktitle={2019 International Conference on Robotics and Automation (ICRA)},
  pages={9243--9249},
  year={2019}
}

@article{killpack2016model,
  title={Model predictive control for fast reaching in clutter},
  author={Killpack, Marc D and Kapusta, Ariel and Kemp, Charles C},
  journal={Autonomous Robots},
  volume={40},
  pages={537--560},
  year={2016},
  publisher={Springer}
}

@article{kim2023marker,
  title={Marker-embedded tactile image generation via generative adversarial networks},
  author={Kim, Won Dong and Yang, Sanghoon and Kim, Woojong and Kim, Jeong-Jung and Kim, Chang-Hyun and Kim, Jung},
  journal={IEEE Robotics and Automation Letters},
  volume={8},
  number={8},
  pages={4481--4488},
  year={2023},
  publisher={IEEE}
}

@article{yang2023hand,
  title={In-Hand Object Classification and Pose Estimation With Sim-to-Real Tactile Transfer for Robotic Manipulation},
  author={Yang, Sanghoon and Kim, Won Dong and Park, Hyunkyu and Min, Seojung and Han, Hyonyoung and Kim, Jung},
  journal={IEEE Robotics and Automation Letters},
  volume={9},
  number={1},
  pages={659--666},
  year={2023},
  publisher={IEEE}
}

@inproceedings{pang2022easing,
  title={Easing reliance on collision-free planning with contact-aware control},
  author={Pang, Tao and Tedrake, Russ},
  booktitle={2022 International Conference on Robotics and Automation (ICRA)},
  pages={8375--8381},
  year={}
}

@article{de2012force,
  title={Force/tactile sensor for robotic applications},
  author={De Maria, Giuseppe and Natale, Ciro and Pirozzi, Salvatore},
  journal={Sensors and Actuators A: Physical},
  volume={175},
  pages={60--72},
  year={2012},
  publisher={Elsevier}
}

@inproceedings{cannata2008embedded,
  title={An embedded artificial skin for humanoid robots},
  author={Cannata, Giorgio and Maggiali, Marco and Metta, Giorgio and Sandini, Giulio},
  booktitle={2008 IEEE International conference on multisensor fusion and integration for intelligent systems},
  pages={434--438},
  year={2008}
}

@inproceedings{iskandar2021collision,
  title={Collision detection, identification, and localization on the dlr sara robot with sensing redundancy},
  author={Iskandar, Maged and Eiberger, Oliver and Albu-Sch{\"a}ffer, Alin and De Luca, Alessandro and Dietrich, Alexander},
  booktitle={2021 IEEE International Conference on Robotics and Automation (ICRA)},
  pages={3111--3117},
}

@inproceedings{vorndamme2021rm,
  title={Rm-Code: Proprioceptive Real-Time Recursive Multi-Contact Detection, Isolation and Identification},
  author={Vorndamme, Jonathan and Haddadin, Sami},
  booktitle={2021 IEEE/RSJ International Conference on Intelligent Robots and Systems (IROS)},
  pages={6307--6314}
}

@inproceedings{bimbo2019collision,
  title={Collision detection and isolation on a robot using joint torque sensing},
  author={Bimbo, Joao and Pacchierotti, Claudio and Tsagarakis, Nikos G and Prattichizzo, Domenico},
  booktitle={2019 IEEE/RSJ International Conference on Intelligent Robots and Systems (IROS)},
  pages={7604--7609}
}

@inproceedings{popov2019real,
  title={Real-time external contact force estimation and localization for collaborative robot},
  author={Popov, Dmitry and Klimchik, Alexandr},
  booktitle={2019 IEEE International Conference on Mechatronics (ICM)},
  volume={1},
  pages={646--651},
}

@inproceedings{pang2021identifying,
  title={Identifying external contacts from joint torque measurements on serial robotic arms and its limitations},
  author={Pang, Tao and Umenberger, Jack and Tedrake, Russ},
  booktitle={2021 IEEE International Conference on Robotics and Automation (ICRA)},
  pages={6476--6482},
}

@inproceedings{popov2020transfer,
  title={Transfer learning for collision localization in collaborative robotics},
  author={Popov, Dmitry and Klimchik, Alexandr},
  booktitle={Proceedings of the 3rd International Conference on Applications of Intelligent Systems},
  pages={1--7},
  year={2020}
}

@inproceedings{liang2021contact,
  title={Contact localization for robot arms in motion without torque sensing},
  author={Liang, Jacky and Kroemer, Oliver},
  booktitle={2021 IEEE International Conference on Robotics and Automation (ICRA)},
  pages={6322--6328},
  year={2021},
  organization={IEEE}
}

@article{popov2021real,
  title={Real-Time Estimation of Multiple Potential Contact Locations and Forces},
  author={Popov, Dmitry and Klimchik, Alexandr and Pashkevich, Anatol},
  journal={IEEE Robotics and Automation Letters},
  volume={6},
  number={4},
  pages={7025--7032},
  year={2021},
  publisher={IEEE}
}

@inproceedings{ebert2002safe,
  title={Safe human-robot-cooperation: Image-based collision detection for industrial robots},
  author={Ebert, Dirk M and Henrich, Dominik D},
  booktitle={IEEE/RSJ international conference on intelligent robots and systems},
  volume={2},
  pages={1826--1831},
  year={2002}
}

@inproceedings{kuhn2007fast,
  title={Fast vision-based minimum distance determination between known and unkown objects},
  author={Kuhn, Stefan and Henrich, Dominik},
  booktitle={2007 IEEE/RSJ International Conference on Intelligent Robots and Systems},
  pages={2186--2191},
}

@inproceedings{zwiener2018contact,
  title={Contact point localization for articulated manipulators with proprioceptive sensors and machine learning},
  author={Zwiener, Adrian and Geckeler, Christian and Zell, Andreas},
  booktitle={2018 IEEE International Conference on Robotics and Automation (ICRA)},
  pages={323--329},
}

@inproceedings{zwiener2019armcl,
  title={Armcl: Arm contact point localization via monte carlo localization},
  author={Zwiener, Adrian and Hanten, Richard and Schulz, Cornelia and Zell, Andreas},
  booktitle={2019 IEEE/RSJ International Conference on Intelligent Robots and Systems (IROS)},
  pages={7105--7111},
}

@article{likar2014external,
  title={External joint torque-based estimation of contact information},
  author={Likar, Nejc and {\v{Z}}lajpah, Leon},
  journal={International Journal of Advanced Robotic Systems},
  volume={11},
  number={7},
  pages={107},
  year={2014},
  publisher={SAGE Publications Sage UK: London, England}
}



@inproceedings{popov2017collision,
  title={Collision detection, localization \& classification for industrial robots with joint torque sensors},
  author={Popov, Dmitry and Klimchik, Alexandr and Mavridis, Nikolaos},
  booktitle={2017 26th IEEE International Symposium on Robot and Human Interactive Communication (RO-MAN)},
  pages={838--843},
  year={2017}
}

@inproceedings{lu2005human,
  title={Human-robot collision detection and identification based on wrist and base force/torque sensors},
  author={Lu, Shujun and Chung, Jae Heon and Velinsky, Steven A},
  booktitle={Proceedings of the 2005 IEEE international Conference on Robotics and Automation},
  pages={3796--3801},
  year={2005}
}

@INPROCEEDINGS{8172400,
  author={Popov, Dmitry and Klimchik, Alexandr and Mavridis, Nikolaos},
  booktitle={2017 26th IEEE International Symposium on Robot and Human Interactive Communication (RO-MAN)}, 
  title={Collision detection, localization & classification for industrial robots with joint torque sensors}, 
  year={2017},
  volume={},
  number={},
  pages={838-843},
  doi={10.1109/ROMAN.2017.8172400}}


@article{birjandi2020observer,
  title={Observer-extended direct method for collision monitoring in robot manipulators using proprioception and imu sensing},
  author={Birjandi, Seyed Ali Baradaran and K{\"u}hn, Johannes and Haddadin, Sami},
  journal={IEEE Robotics and Automation Letters},
  volume={5},
  number={2},
  pages={954--961},
  year={2020},
  publisher={IEEE}
}

@article{heo2019collision,
  title={Collision detection for industrial collaborative robots: A deep learning approach},
  author={Heo, Young Jin and Kim, Dayeon and Lee, Woongyong and Kim, Hyoungkyun and Park, Jonghoon and Chung, Wan Kyun},
  journal={IEEE Robotics and Automation Letters},
  volume={4},
  number={2},
  pages={740--746},
  year={2019},
  publisher={IEEE}
}

@book{boyd2004convex,
  title={Convex optimization},
  author={Boyd, Stephen and Boyd, Stephen P and Vandenberghe, Lieven},
  year={2004},
  publisher={Cambridge university press}
}


@ARTICLE{kim2021transferable,
  author={Kim, Donghyeon and Lim, Daegyu and Park, Jaeheung},
  journal={IEEE Transactions on Robotics}, 
  title={Transferable Collision Detection Learning for Collaborative Manipulator Using Versatile Modularized Neural Network}, 
  year={2022},
  volume={38},
  number={4},
  pages={2426-2445},
  keywords={Collision avoidance;Robots;Torque;Robot sensing systems;Mass production;Transfer learning;Feature extraction;Collaborative manipulator;collision detection;deep learning;mass production;transfer learning},
  doi={10.1109/TRO.2021.3129630}}


@ARTICLE{park2021collision,
  author={Park, Kyu Min and Park, Younghyo and Yoon, Sangwoong and Park, Frank C.},
  journal={IEEE/ASME Transactions on Mechatronics}, 
  title={Collision Detection for Robot Manipulators Using Unsupervised Anomaly Detection Algorithms}, 
  year={2022},
  volume={27},
  number={5},
  pages={2841-2851},
  keywords={Collision avoidance;Robot sensing systems;Sensors;Heuristic algorithms;Friction;Torque;Dynamics;Collision detection;physical human‚Äìrobot interaction (pHRI);robot manipulator;unsupervised learning},
  doi={10.1109/TMECH.2021.3119057}}

%tactile sensor for robot link
@ARTICLE{8932392,
  author={Liang, Jiale and Wu, Jiahao and Huang, Hailin and Xu, Wenfu and Li, Bing and Xi, Fengfeng},
  journal={IEEE Sensors Journal}, 
  title={Soft Sensitive Skin for Safety Control of a Nursing Robot Using Proximity and Tactile Sensors}, 
  year={2020},
  volume={20},
  number={7},
  pages={3822-3830},
  doi={10.1109/JSEN.2019.2959311}}
  
  @ARTICLE{8695719,
  author={Gandarias, Juan M. and Garc√≠a-Cerezo, Alfonso J. and G√≥mez-de-Gabriel, Jes√∫s M.},
  journal={IEEE Sensors Journal}, 
  title={CNN-Based Methods for Object Recognition With High-Resolution Tactile Sensors}, 
  year={2019},
  volume={19},
  number={16},
  pages={6872-6882},
  doi={10.1109/JSEN.2019.2912968}}
  

@ARTICLE{9136877,
  author={Li, Qiang and Kroemer, Oliver and Su, Zhe and Veiga, Filipe Fernandes and Kaboli, Mohsen and Ritter, Helge Joachim},
  journal={IEEE Transactions on Robotics}, 
  title={A Review of Tactile Information: Perception and Action Through Touch}, 
  year={2020},
  volume={36},
  number={6},
  pages={1619-1634},
  doi={10.1109/TRO.2020.3003230}}
  

  @article{kim2015design,
  title={Design of a momentum-based disturbance observer for rigid and flexible joint robots},
  author={Kim, Min Jun and Park, Young Jin and Chung, Wan Kyun},
  journal={Intelligent Service Robotics},
  volume={8},
  pages={57--65},
  year={2015},
  publisher={Springer}
}

@article{kim2019passivity,
  title={A passivity-based nonlinear admittance control with application to powered upper-limb control under unknown environmental interactions},
  author={Kim, Min Jun and Lee, Woongyong and Choi, Jae Yeon and Chung, Goobong and Han, Kyung-Lyong and Choi, I Seop and Ott, Christian and Chung, Wan Kyun},
  journal={IEEE/ASME Transactions on Mechatronics},
  volume={24},
  number={4},
  pages={1473--1484},
  year={2019},
  publisher={IEEE}
}

@inproceedings{kim2016passivity,
  title={A passivity-based admittance control design using feedback interconnections},
  author={Kim, Min Jun and Lee, Woongyong and Ott, Christian and Chung, Wan Kyun},
  booktitle={2016 IEEE/RSJ International Conference on Intelligent Robots and Systems (IROS)},
  pages={801--807}
}

%arXiv Î≤ÑÏ†ÑÏúºÎ°ú ÏóÖÎç∞Ïù¥Ìä∏ ÌïÑÏöî.
@inproceedings{kim2023tamp,
  title={A Reachability Tree-Based Algorithm for Robot Task and Motion Planning},
  author={Kim, Kanghyun and Kim, Min Jun},
  booktitle={2023 IEEE International Conference on Robotics and Automation (ICRA)}
}

@inproceedings{zurlo2023collision,
  title={Collision detection and contact point estimation using virtual joint torque sensing applied to a cobot},
  author={Zurlo, Dario and Heitmann, Tom and Morlock, Merlin and De Luca, Alessandro},
  booktitle={2023 IEEE International Conference on Robotics and Automation (ICRA)},
  pages={7533--7539},
  year={2023},
  organization={IEEE}
}

@inproceedings{popov2021multi,
  title={Multi-scenario contacts handling for collaborative robots applications},
  author={Popov, Dmitry and Mikhel, Stanislav and Yagfarov, Rauf and Klimchik, Alexandr and Pashkevich, Anatol},
  booktitle={2021 IEEE/RSJ International Conference on Intelligent Robots and Systems (IROS)},
  pages={2985--2992},
  year={},
  organization={}
}

@article{thrun2002probabilistic,
  title={Probabilistic robotics},
  author={Thrun, Sebastian},
  journal={Communications of the ACM},
  volume={45},
  number={3},
  pages={52--57},
  year={2002},
  publisher={ACM New York, NY, USA}
}

@article{ho2020denoising,
  title={Denoising diffusion probabilistic models},
  author={Ho, Jonathan and Jain, Ajay and Abbeel, Pieter},
  journal={Advances in neural information processing systems},
  volume={33},
  pages={6840--6851},
  year={2020}
}

@article{luo2022understanding,
  title={Understanding diffusion models: A unified perspective},
  author={Luo, Calvin},
  journal={arXiv preprint arXiv:2208.11970},
  year={2022}
}

@article{song2020score,
  title={Score-based generative modeling through stochastic differential equations},
  author={Song, Yang and Sohl-Dickstein, Jascha and Kingma, Diederik P and Kumar, Abhishek and Ermon, Stefano and Poole, Ben},
  journal={arXiv preprint arXiv:2011.13456},
  year={2020}
}

@article{dhariwal2021diffusion,
  title={Diffusion models beat gans on image synthesis},
  author={Dhariwal, Prafulla and Nichol, Alexander},
  journal={Advances in neural information processing systems},
  volume={34},
  pages={8780--8794},
  year={2021}
}

@article{ho2022classifier,
  title={Classifier-free diffusion guidance},
  author={Ho, Jonathan and Salimans, Tim},
  journal={arXiv preprint arXiv:2207.12598},
  year={2022}
}

@INPROCEEDINGS{10342382,
  author={Carvalho, Jo√£o and Le, An T. and Baierl, Mark and Koert, Dorothea and Peters, Jan},
  booktitle={2023 IEEE/RSJ International Conference on Intelligent Robots and Systems (IROS)}, 
  title={Motion Planning Diffusion: Learning and Planning of Robot Motions with Diffusion Models}, 
  year={2023},
  volume={},
  number={},
  pages={1916-1923},
  keywords={Robot motion;Noise reduction;Manipulators;Planning;Task analysis;Trajectory optimization;Intelligent robots},
  doi={10.1109/IROS55552.2023.10342382}}

@INPROCEEDINGS{10610519,
  author={Saha, Kallol and Mandadi, Vishal and Reddy, Jayaram and Srikanth, Ajit and Agarwal, Aditya and Sen, Bipasha and Singh, Arun and Krishna, Madhava},
  booktitle={2024 IEEE International Conference on Robotics and Automation (ICRA)}, 
  title={EDMP: Ensemble-of-costs-guided Diffusion for Motion Planning}, 
  year={2024},
  volume={},
  number={},
  pages={10351-10358},
  keywords={Training;Costs;Diffusion processes;Cost function;Planning;Trajectory;Robots},
  doi={10.1109/ICRA57147.2024.10610519}}

@software{jax2018github,
  author = {James Bradbury and Roy Frostig and Peter Hawkins and Matthew James Johnson and Chris Leary and Dougal Maclaurin and George Necula and Adam Paszke and Jake Vander{P}las and Skye Wanderman-{M}ilne and Qiao Zhang},
  title = {{JAX}: composable transformations of {P}ython+{N}um{P}y programs},
  url = {http://github.com/google/jax},
  version = {0.3.13},
  year = {2018},
}

@article{rebain2021deep,
  title={Deep medial fields},
  author={Rebain, Daniel and Li, Ke and Sitzmann, Vincent and Yazdani, Soroosh and Yi, Kwang Moo and Tagliasacchi, Andrea},
  journal={arXiv preprint arXiv:2106.03804},
  year={2021}
}

@article{song2020denoising,
  title={Denoising diffusion implicit models},
  author={Song, Jiaming and Meng, Chenlin and Ermon, Stefano},
  journal={arXiv preprint arXiv:2010.02502},
  year={2020}
}

@inproceedings{perez2018film,
  title={{FiLM}: Visual reasoning with a general conditioning layer},
  author={Perez, Ethan and Strub, Florian and De Vries, Harm and Dumoulin, Vincent and Courville, Aaron},
  booktitle={Proceedings of the AAAI conference on artificial intelligence},
  volume={32},
  number={1},
  year={2018}
}

@article{tancik2020fourier,
  title={Fourier features let networks learn high frequency functions in low dimensional domains},
  author={Tancik, Matthew and Srinivasan, Pratul and Mildenhall, Ben and Fridovich-Keil, Sara and Raghavan, Nithin and Singhal, Utkarsh and Ramamoorthi, Ravi and Barron, Jonathan and Ng, Ren},
  journal={Advances in neural information processing systems},
  volume={33},
  pages={7537--7547},
  year={2020}
}


@InProceedings{ronneberger2015u,
    author={Ronneberger, Olaf and Fischer, Philipp and Brox, Thomas},
    title={U-Net: Convolutional Networks for Biomedical Image Segmentation},
    booktitle={Medical Image Computing and Computer-Assisted Intervention (MICCAI)},
    year={2015}
}
@INPROCEEDINGS{9341751,
  author={Wang, Sean and Bhatia, Ankit and Mason, Matthew T. and Johnson, Aaron M.},
  booktitle={2020 IEEE/RSJ International Conference on Intelligent Robots and Systems (IROS)}, 
  title={Contact Localization using Velocity Constraints}, 
  year={2020},
  volume={},
  number={},
  pages={7351-7358},
  keywords={Location awareness;Robot sensing systems;Particle filters;Numerical models;Velocity measurement;Collision avoidance;Robots},
  doi={10.1109/IROS45743.2020.9341751}}



@INPROCEEDINGS{10611091,
  author={Han, Ji Wan and Park, Daehyung and Kim, Min Jun},
  booktitle={2024 IEEE International Conference on Robotics and Automation (ICRA)}, 
  title={Constrained Nonlinear Disturbance Observer for Robotic Systems}, 
  year={},
  volume={},
  number={},
  pages={3526-3532},
  keywords={Tracking;Force;Robot sensing systems;Disturbance observers;Robustness;Trajectory;Motion control},
  doi={10.1109/ICRA57147.2024.10611091}}


@ARTICLE{10571557,
  author={Yun, Tae Ho and Kim, Min Jun},
  journal={IEEE Control Systems Letters}, 
  title={Disturbance Observer With Constraints}, 
  year={2024},
  volume={8},
  number={},
  pages={1949-1954},
  keywords={Standards;Robustness;Linear systems;Disturbance observers;Quadratic programming;Numerical simulation;Vectors;Constrained control;disturbance observers;linear systems;optimization;robust control},
  doi={10.1109/LCSYS.2024.3418878}}

@article{kim2019model,
  title={Model-free friction observers for flexible joint robots with torque measurements},
  author={Kim, Min Jun and Beck, Fabian and Ott, Christian and Albu-Sch{\"a}ffer, Alin},
  journal={IEEE Transactions on Robotics},
  volume={35},
  number={6},
  pages={1508--1515},
  year={2019},
  publisher={IEEE}
}

@INPROCEEDINGS{9812268,
  author={Jeong, Jinyeong and Mishra, Hrishik and Ott, Christian and Kim, Min Jun},
  booktitle={IEEE International Conference on Robotics and Automation (ICRA)}, 
  title={A Memory-based {SO(3)} Parameterization: Theory and Application to {6D} Impedance Control with Radially Unbounded Potential Function}, 
  year={},
  volume={},
  number={},
  pages={8338-8344},
  keywords={Automation;Aerospace electronics;Trajectory;Behavioral sciences;Impedance},
  doi={10.1109/ICRA46639.2022.9812268}}