@INPROCEEDINGS{10161173,
  author={Han, Seo Wook and Kim, Min Jun},
  booktitle={2023 IEEE International Conference on Robotics and Automation (ICRA)}, 
  title={Proprioceptive Sensor-Based Simultaneous Multi-Contact Point Localization and Force Identification for Robotic Arms}, 
  year={},
  volume={},
  number={},
  pages={12099-12105},
  doi={10.1109/ICRA48891.2023.10161173}}

@inproceedings{bimbo2019collision,
  title={Collision detection and isolation on a robot using joint torque sensing},
  author={Bimbo, Joao and Pacchierotti, Claudio and Tsagarakis, Nikos G and Prattichizzo, Domenico},
  booktitle={2019 IEEE/RSJ International Conference on Intelligent Robots and Systems (IROS)},
  pages={7604--7609}
}

@inproceedings{manuelli2016localizing,
  title={Localizing external contact using proprioceptive sensors: The contact particle filter},
  author={Manuelli, Lucas and Tedrake, Russ},
  booktitle={2016 IEEE/RSJ International Conference on Intelligent Robots and Systems (IROS)},
  pages={5062--5069},
   
}

@inproceedings{pang2021identifying,
  title={Identifying external contacts from joint torque measurements on serial robotic arms and its limitations},
  author={Pang, Tao and Umenberger, Jack and Tedrake, Russ},
  booktitle={2021 IEEE International Conference on Robotics and Automation (ICRA)},
  pages={6476--6482},
}

@inproceedings{popov2020transfer,
  title={Transfer learning for collision localization in collaborative robotics},
  author={Popov, Dmitry and Klimchik, Alexandr},
  booktitle={Proceedings of the 3rd International Conference on Applications of Intelligent Systems},
  pages={1--7},
  year={2020}
}

@inproceedings{popov2021multi,
  title={Multi-scenario contacts handling for collaborative robots applications},
  author={Popov, Dmitry and Mikhel, Stanislav and Yagfarov, Rauf and Klimchik, Alexandr and Pashkevich, Anatol},
  booktitle={2021 IEEE/RSJ International Conference on Intelligent Robots and Systems (IROS)},
  pages={2985--2992},
  year={},
  organization={}
}

@article{popov2021real,
  title={Real-Time Estimation of Multiple Potential Contact Locations and Forces},
  author={Popov, Dmitry and Klimchik, Alexandr and Pashkevich, Anatol},
  journal={IEEE Robotics and Automation Letters},
  volume={6},
  number={4},
  pages={7025--7032},
  year={2021},
  publisher={IEEE}
}

@inproceedings{zwiener2018contact,
  title={Contact point localization for articulated manipulators with proprioceptive sensors and machine learning},
  author={Zwiener, Adrian and Geckeler, Christian and Zell, Andreas},
  booktitle={2018 IEEE International Conference on Robotics and Automation (ICRA)},
  pages={323--329},
}

@inproceedings{zwiener2019armcl,
  title={Armcl: Arm contact point localization via monte carlo localization},
  author={Zwiener, Adrian and Hanten, Richard and Schulz, Cornelia and Zell, Andreas},
  booktitle={2019 IEEE/RSJ International Conference on Intelligent Robots and Systems (IROS)},
  pages={7105--7111},
}

