% Use this file for citations not found in the ACL Anthology (contained in "anthology.bib").

@misc{url_openreview_api,
  author = {OpenReview},
  url = {https://github.com/openreview/openreview-py}
}

@misc{url_iclr2022_review_guideline,
 author = {ICLR},
 url = {https://iclr.cc/Conferences/2022/ReviewerGuide}
}

@misc{url_huggingface_sfr_embedding,
author ={Hugging Face},
url = {https://huggingface.co/Salesforce/SFR-Embedding-Mistral}
}

@misc{glm2024chatglm,
      title={ChatGLM: A Family of Large Language Models from GLM-130B to GLM-4 All Tools}, 
      author={Team GLM and Aohan Zeng and Bin Xu and Bowen Wang and Chenhui Zhang and Da Yin and Diego Rojas and Guanyu Feng and Hanlin Zhao and Hanyu Lai and Hao Yu and Hongning Wang and Jiadai Sun and Jiajie Zhang and Jiale Cheng and Jiayi Gui and Jie Tang and Jing Zhang and Juanzi Li and Lei Zhao and Lindong Wu and Lucen Zhong and Mingdao Liu and Minlie Huang and Peng Zhang and Qinkai Zheng and Rui Lu and Shuaiqi Duan and Shudan Zhang and Shulin Cao and Shuxun Yang and Weng Lam Tam and Wenyi Zhao and Xiao Liu and Xiao Xia and Xiaohan Zhang and Xiaotao Gu and Xin Lv and Xinghan Liu and Xinyi Liu and Xinyue Yang and Xixuan Song and Xunkai Zhang and Yifan An and Yifan Xu and Yilin Niu and Yuantao Yang and Yueyan Li and Yushi Bai and Yuxiao Dong and Zehan Qi and Zhaoyu Wang and Zhen Yang and Zhengxiao Du and Zhenyu Hou and Zihan Wang},
      year={2024},
      eprint={2406.12793},
      archivePrefix={arXiv},
      primaryClass={id='cs.CL' full_name='Computation and Language' is_active=True alt_name='cmp-lg' in_archive='cs' is_general=False description='Covers natural language processing. Roughly includes material in ACM Subject Class I.2.7. Note that work on artificial languages (programming languages, logics, formal systems) that does not explicitly address natural-language issues broadly construed (natural-language processing, computational linguistics, speech, text retrieval, etc.) is not appropriate for this area.'}
}

@misc{gpt4all,
  author = {Yuvanesh Anand and Zach Nussbaum and Brandon Duderstadt and Benjamin Schmidt and Andriy Mulyar},
  title = {GPT4All: Training an Assistant-style Chatbot with Large Scale Data Distillation from GPT-3.5-Turbo},
  year = {2023},
  publisher = {GitHub},
  journal = {GitHub repository},
  howpublished = {\url{https://github.com/nomic-ai/gpt4all}},
}

@misc{ChatGPT, 
    author = {OpenAI}, 
    title = {ChatGPT}, 
    year = {2023}, 
    note = {Large Language Model}, 
    url = {https://chat.openai.com/chat} 

}

@misc{Dolly, 
    author = {Databricks}, 
    title = {Dolly},
    year = {2023},
    url = {https://www.databricks.com/blog/2023/04/12/dolly-first-open-commercially-viable-instruction-tuned-llm} 

} 

@article{hans2401spotting,
  title={Spotting llms with binoculars: Zero-shot detection of machine-generated text},
  author={Hans, Abhimanyu and Schwarzschild, Avi and Cherepanova, Valeriia and Kazemi, Hamid and Saha, Aniruddha and Goldblum, Micah and Geiping, Jonas and Goldstein, Tom},
  journal={arXiv preprint arXiv:2401.12070},
  year={2024}
}

@mastersthesis{sivesind2023turning,
  title={Turning Poachers into Gamekeepers: Detecting Machine-Generated Text in Academia Using Large Language Models},
  author={Sivesind, Nicolai Thorer and Winje, Andreas Bentzen},
  type={{B.S.} thesis},
  year={2023},
  school={NTNU}
}
@article{bao2023fast,
  title={Fast-detectgpt: Efficient zero-shot detection of machine-generated text via conditional probability curvature},
  author={Bao, Guangsheng and Zhao, Yanbin and Teng, Zhiyang and Yang, Linyi and Zhang, Yue},
  journal={arXiv preprint arXiv:2310.05130},
  year={2023}
}

@article{yang2023dna,
  title={Dna-gpt: Divergent n-gram analysis for training-free detection of gpt-generated text},
  author={Yang, Xianjun and Cheng, Wei and Wu, Yue and Petzold, Linda and Wang, William Yang and Chen, Haifeng},
  journal={arXiv preprint arXiv:2305.17359},
  year={2023}
}
@inproceedings{li2024mage,
  title={Mage: Machine-generated text detection in the wild},
  author={Li, Yafu and Li, Qintong and Cui, Leyang and Bi, Wei and Wang, Zhilin and Wang, Longyue and Yang, Linyi and Shi, Shuming and Zhang, Yue},
  booktitle={Proceedings of the 62nd Annual Meeting of the Association for Computational Linguistics (Volume 1: Long Papers)},
  pages={36--53},
  year={2024}
}


@article{solaiman2019release,
  title={Release strategies and the social impacts of language models},
  author={Solaiman, Irene and Brundage, Miles and Clark, Jack and Askell, Amanda and Herbert-Voss, Ariel and Wu, Jeff and Radford, Alec and Krueger, Gretchen and Kim, Jong Wook and Kreps, Sarah and others},
  journal={arXiv preprint arXiv:1908.09203},
  year={2019}
}
@article{bai2023qwen,
  title={Qwen technical report},
  author={Bai, Jinze and Bai, Shuai and Chu, Yunfei and Cui, Zeyu and Dang, Kai and Deng, Xiaodong and Fan, Yang and Ge, Wenbin and Han, Yu and Huang, Fei and others},
  journal={arXiv preprint arXiv:2309.16609},
  year={2023}
}

@article{team2023gemini,
  title={Gemini: a family of highly capable multimodal models},
  author={Team, Gemini and Anil, Rohan and Borgeaud, Sebastian and Alayrac, Jean-Baptiste and Yu, Jiahui and Soricut, Radu and Schalkwyk, Johan and Dai, Andrew M and Hauth, Anja and Millican, Katie and others},
  journal={arXiv preprint arXiv:2312.11805},
  year={2023}
}

}

@article{wu2023mfd,
  title={MFD: Multi-Feature Detection of LLM-Generated Text},
  author={Wu, Zhendong and Xiang, Hui},
  year={2023}
}
@inproceedings{su2023detectllm,
  title={DetectLLM: Leveraging Log Rank Information for Zero-Shot Detection of Machine-Generated Text},
  author={Su, Jinyan and Zhuo, Terry Yue and Wang, Di and Nakov, Preslav},
  booktitle={The 2023 Conference on Empirical Methods in Natural Language Processing}
}

@misc{StableLM, 
    author = {Databricks}, 
    title = {StableLM},
    year = {2023},
    url = {https://github.com/Stability-AI/StableLM} 

} 

@misc{Claude, 
    author = {Anthropic}, 
    title = {https://www.anthropic.com/news/claude-3-family},
    year = {2023}
} 

@article{liang2023gpt,
  title={GPT detectors are biased against non-native English writers},
  author={Liang, Weixin and Yuksekgonul, Mert and Mao, Yining and Wu, Eric and Zou, James},
  journal={Patterns},
  volume={4},
  number={7},
  year={2023},
  publisher={Elsevier}
}

@article{muennighoff2022mteb,
  title={MTEB: Massive text embedding benchmark},
  author={Muennighoff, Niklas and Tazi, Nouamane and Magne, Lo{\"\i}c and Reimers, Nils},
  journal={arXiv preprint arXiv:2210.07316},
  year={2022}
}

@article{akram2023empirical,
  title={An empirical study of ai generated text detection tools},
  author={Akram, Arslan},
  journal={arXiv preprint arXiv:2310.01423},
  year={2023}
}

@article{zheng2023judging,
  title={Judging llm-as-a-judge with mt-bench and chatbot arena},
  author={Zheng, Lianmin and Chiang, Wei-Lin and Sheng, Ying and Zhuang, Siyuan and Wu, Zhanghao and Zhuang, Yonghao and Lin, Zi and Li, Zhuohan and Li, Dacheng and Xing, Eric and others},
  journal={Advances in Neural Information Processing Systems},
  volume={36},
  pages={46595--46623},
  year={2023}
}

@inproceedings{zhou-etal-2024-llm,
    title = "Is {LLM} a Reliable Reviewer? A Comprehensive Evaluation of {LLM} on Automatic Paper Reviewing Tasks",
    author = "Zhou, Ruiyang  and
      Chen, Lu  and
      Yu, Kai",
    editor = "Calzolari, Nicoletta  and
      Kan, Min-Yen  and
      Hoste, Veronique  and
      Lenci, Alessandro  and
      Sakti, Sakriani  and
      Xue, Nianwen",
    booktitle = "Proceedings of the 2024 Joint International Conference on Computational Linguistics, Language Resources and Evaluation (LREC-COLING 2024)",
    month = may,
    year = "2024",
    address = "Torino, Italia",
    publisher = "ELRA and ICCL",
    url = "https://aclanthology.org/2024.lrec-main.816",
    pages = "9340--9351",
}

@article{kuznetsov2024can,
  title={What Can Natural Language Processing Do for Peer Review?},
  author={Kuznetsov, Ilia and Afzal, Osama Mohammed and Dercksen, Koen and Dycke, Nils and Goldberg, Alexander and Hope, Tom and Hovy, Dirk and Kummerfeld, Jonathan K and Lauscher, Anne and Leyton-Brown, Kevin and others},
  journal={arXiv preprint arXiv:2405.06563},
  year={2024}
}

@article{lu2024ai,
  title={The ai scientist: Towards fully automated open-ended scientific discovery},
  author={Lu, Chris and Lu, Cong and Lange, Robert Tjarko and Foerster, Jakob and Clune, Jeff and Ha, David},
  journal={arXiv preprint arXiv:2408.06292},
  year={2024}
}

@article{liang2024monitoring,
  title={Monitoring ai-modified content at scale: A case study on the impact of chatgpt on ai conference peer reviews},
  author={Liang, Weixin and Izzo, Zachary and Zhang, Yaohui and Lepp, Haley and Cao, Hancheng and Zhao, Xuandong and Chen, Lingjiao and Ye, Haotian and Liu, Sheng and Huang, Zhi and others},
  journal={arXiv preprint arXiv:2403.07183},
  year={2024}
}



@article{he2023mgtbench,
  title={Mgtbench: Benchmarking machine-generated text detection},
  author={He, Xinlei and Shen, Xinyue and Chen, Zeyuan and Backes, Michael and Zhang, Yang},
  journal={arXiv preprint arXiv:2303.14822},
  year={2023}
}

@article{achiam2023gpt,
  title={Gpt-4 technical report},
  author={Achiam, Josh and Adler, Steven and Agarwal, Sandhini and Ahmad, Lama and Akkaya, Ilge and Aleman, Florencia Leoni and Almeida, Diogo and Altenschmidt, Janko and Altman, Sam and Anadkat, Shyamal and others},
  journal={arXiv preprint arXiv:2303.08774},
  year={2023}
}


@article{dubey2024llama,
  title={The llama 3 herd of models},
  author={Dubey, Abhimanyu and Jauhri, Abhinav and Pandey, Abhinav and Kadian, Abhishek and Al-Dahle, Ahmad and Letman, Aiesha and Mathur, Akhil and Schelten, Alan and Yang, Amy and Fan, Angela and others},
  journal={arXiv preprint arXiv:2407.21783},
  year={2024}
}



@article{guo2023close,
  title={How close is chatgpt to human experts? comparison corpus, evaluation, and detection},
  author={Guo, Biyang and Zhang, Xin and Wang, Ziyuan and Jiang, Minqi and Nie, Jinran and Ding, Yuxuan and Yue, Jianwei and Wu, Yupeng},
  journal={arXiv preprint arXiv:2301.07597},
  year={2023}
}

@article{Mosca.2023, 
year = {2023}, 
title = {{Distinguishing Fact from Fiction: A Benchmark Dataset for Identifying Machine-Generated Scientific Papers in the LLM Era.}}, 
author = {Mosca, Edoardo and Abdalla, Mohamed Hesham Ibrahim and Basso, Paolo and Musumeci, Margherita and Groh, Georg}, 
journal = {Proceedings of the 3rd Workshop on Trustworthy Natural Language Processing (TrustNLP 2023)}, 
doi = {10.18653/v1/2023.trustnlp-1.17}, 
pages = {190--207}, 
local-url = {file://localhost/Users/sungduky/Downloads/2023.trustnlp-1.17.pdf}
}
@article{Guo.2023, 
year = {2023}, 
title = {{How Close is ChatGPT to Human Experts? Comparison Corpus, Evaluation, and Detection}}, 
author = {Guo, Biyang and Zhang, Xin and Wang, Ziyuan and Jiang, Minqi and Nie, Jinran and Ding, Yuxuan and Yue, Jianwei and Wu, Yupeng}, 
journal = {arXiv}, 
doi = {10.48550/arxiv.2301.07597}, 
eprint = {2301.07597}, 
}
@article{Lee.2024, 
year = {2024}, 
title = {{LLM Attributor: Interactive Visual Attribution for LLM Generation}}, 
author = {Lee, Seongmin and Wang, Zijie J and Chakravarthy, Aishwarya and Helbling, Alec and Peng, ShengYun and Phute, Mansi and Chau, Duen Horng and Kahng, Minsuk}, 
journal = {arXiv}, 
doi = {10.48550/arxiv.2404.01361}, 
eprint = {2404.01361}, 
}
@article{Uchendu.2021, 
year = {2021}, 
title = {{TURINGBENCH: A Benchmark Environment for Turing Test in the Age of Neural Text Generation}}, 
author = {Uchendu, Adaku and Ma, Zeyu and Le, Thai and Zhang, Rui and Lee, Dongwon}, 
journal = {arXiv}, 
doi = {10.48550/arxiv.2109.13296}, 
eprint = {2109.13296}, 
}
@article{Schuster.2020, 
year = {2020}, 
title = {{The Limitations of Stylometry for Detecting Machine-Generated Fake News}}, 
author = {Schuster, Tal and Schuster, Roei and Shah, Darsh J and Barzilay, Regina}, 
journal = {Computational Linguistics}, 
issn = {0891-2017}, 
doi = {10.1162/coli\_a\_00380}, 
pages = {499--510}, 
number = {2}, 
volume = {46}
}
@article{Wang.2024lxh, 
year = {2024}, 
title = {{M4GT-Bench: Evaluation Benchmark for Black-Box Machine-Generated Text Detection}}, 
author = {Wang, Yuxia and Mansurov, Jonibek and Ivanov, Petar and Su, Jinyan and Shelmanov, Artem and Tsvigun, Akim and Afzal, Osama Mohanned and Mahmoud, Tarek and Puccetti, Giovanni and Arnold, Thomas and Aji, Alham Fikri and Habash, Nizar and Gurevych, Iryna and Nakov, Preslav}, 
journal = {arXiv}, 
doi = {10.48550/arxiv.2402.11175}, 
eprint = {2402.11175}, 
}
@article{Macko.2024, 
year = {2024}, 
title = {{MultiSocial: Multilingual Benchmark of Machine-Generated Text Detection of Social-Media Texts}}, 
author = {Macko, Dominik and Kopal, Jakub and Moro, Robert and Srba, Ivan}, 
journal = {arXiv}, 
doi = {10.48550/arxiv.2406.12549}, 
eprint = {2406.12549}, 
}
@article{Macko.2023, 
year = {2023}, 
title = {{MULTITuDE: Large-Scale Multilingual Machine-Generated Text Detection Benchmark}}, 
author = {Macko, Dominik and Moro, Robert and Uchendu, Adaku and Lucas, Jason Samuel and Yamashita, Michiharu and Pikuliak, Matúš and Srba, Ivan and Le, Thai and Lee, Dongwon and Simko, Jakub and Bielikova, Maria}, 
journal = {arXiv}, 
doi = {10.48550/arxiv.2310.13606}, 
eprint = {2310.13606}, 
}
@article{Spiegel.2023, 
year = {2023}, 
title = {{IMGTB: A Framework for Machine-Generated Text Detection Benchmarking}}, 
author = {Spiegel, Michal and Macko, Dominik}, 
journal = {arXiv}, 
doi = {10.48550/arxiv.2311.12574}, 
eprint = {2311.12574}, 
}
@article{He.2023, 
year = {2023}, 
title = {{MGTBench: Benchmarking Machine-Generated Text Detection}}, 
author = {He, Xinlei and Shen, Xinyue and Chen, Zeyuan and Backes, Michael and Zhang, Yang}, 
journal = {arXiv}, 
doi = {10.48550/arxiv.2303.14822}, 
eprint = {2303.14822}, 
local-url = {file://localhost/Users/sungduky/Downloads/2303.14822v3.pdf}
}
@article{Birdal.2021, 
year = {2021}, 
title = {{Intrinsic Dimension, Persistent Homology and Generalization in Neural Networks}}, 
author = {Birdal, Tolga and Lou, Aaron and Guibas, Leonidas and Şimşekli, Umut}, 
journal = {arXiv}, 
doi = {10.48550/arxiv.2111.13171}, 
eprint = {2111.13171}, 
}
@article{Muennighoff.2022, 
year = {2022}, 
title = {{MTEB: Massive Text Embedding Benchmark}}, 
author = {Muennighoff, Niklas and Tazi, Nouamane and Magne, Loïc and Reimers, Nils}, 
journal = {arXiv}, 
doi = {10.48550/arxiv.2210.07316}, 
eprint = {2210.07316}, 
local-url = {file://localhost/Users/sungduky/Downloads/2210.07316v3.pdf}
}
@article{Reimers.2019, 
year = {2019}, 
title = {{Sentence-BERT: Sentence Embeddings using Siamese BERT-Networks}}, 
author = {Reimers, Nils and Gurevych, Iryna}, 
journal = {arXiv}, 
doi = {10.48550/arxiv.1908.10084}, 
eprint = {1908.10084}, 
}
@article{Hao.2024, 
year = {2024}, 
title = {{Learning to Rewrite: Generalized LLM-Generated Text Detection}}, 
author = {Hao, Wei and Li, Ran and Zhao, Weiliang and Yang, Junfeng and Mao, Chengzhi}, 
journal = {arXiv}, 
doi = {10.48550/arxiv.2408.04237}, 
eprint = {2408.04237}, 
}
@article{Mathew.2020, 
year = {2020}, 
title = {{The POLAR Framework: Polar Opposites Enable Interpretability of Pre-Trained Word Embeddings}}, 
author = {Mathew, Binny and Sikdar, Sandipan and Lemmerich, Florian and Strohmaier, Markus}, 
journal = {Proceedings of The Web Conference 2020}, 
doi = {10.1145/3366423.3380227}, 
pages = {1548--1558}, 
local-url = {file://localhost/Users/sungduky/Downloads/2001.09876v2.pdf}
}
@article{Fraser.2021, 
year = {2021}, 
title = {{Understanding and Countering Stereotypes: A Computational Approach to the Stereotype Content Model}}, 
author = {Fraser, Kathleen C and Nejadgholi, Isar and Kiritchenko, Svetlana}, 
journal = {Proceedings of the 59th Annual Meeting of the Association for Computational Linguistics and the 11th International Joint Conference on Natural Language Processing (Volume 1: Long Papers)}, 
doi = {10.18653/v1/2021.acl-long.50}, 
pages = {600--616}
}
@article{Wu.2023eou, 
year = {2023}, 
title = {{A Survey on LLM-generated Text Detection: Necessity, Methods, and Future Directions}}, 
author = {Wu, Junchao and Yang, Shu and Zhan, Runzhe and Yuan, Yulin and Wong, Derek F and Chao, Lidia S}, 
journal = {arXiv}, 
doi = {10.48550/arxiv.2310.14724}, 
eprint = {2310.14724}, 
local-url = {file://localhost/Users/sungduky/Downloads/2310.14724v3.pdf}
}
@article{Tulchinskii.2023, 
year = {2023}, 
title = {{Intrinsic Dimension Estimation for Robust Detection of AI-Generated Texts}}, 
author = {Tulchinskii, Eduard and Kuznetsov, Kristian and Kushnareva, Laida and Cherniavskii, Daniil and Barannikov, Serguei and Piontkovskaya, Irina and Nikolenko, Sergey and Burnaev, Evgeny}, 
journal = {arXiv}, 
doi = {10.48550/arxiv.2306.04723}, 
eprint = {2306.04723}, 
local-url = {file://localhost/Users/sungduky/Downloads/2306.04723v2.pdf}
}
@article{Krishna.2023, 
year = {2023}, 
title = {{Paraphrasing evades detectors of AI-generated text, but retrieval is an effective defense}}, 
author = {Krishna, Kalpesh and Song, Yixiao and Karpinska, Marzena and Wieting, John and Iyyer, Mohit}, 
journal = {arXiv}, 
doi = {10.48550/arxiv.2303.13408}, 
eprint = {2303.13408}, 
}
@article{Wang.2024, 
year = {2024}, 
title = {{AI-Generated Text Detection and Classification Based on BERT Deep Learning Algorithm}}, 
author = {Wang, Hao and Li, Jianwei and Li, Zhengyu}, 
journal = {arXiv}, 
doi = {10.48550/arxiv.2405.16422}, 
eprint = {2405.16422}, 
}
@article{Plaza-del-Arco.2023, 
year = {2023}, 
title = {{Wisdom of Instruction-Tuned Language Model Crowds. Exploring Model Label Variation}}, 
author = {Plaza-del-Arco, Flor Miriam and Nozza, Debora and Hovy, Dirk}, 
journal = {arXiv}, 
doi = {10.48550/arxiv.2307.12973}, 
eprint = {2307.12973}, 
}
@article{Galindo.2023, 
year = {2023}, 
title = {{Large Language Models to generate meaningful feature model instances}}, 
author = {Galindo, José A. and Dominguez, Antonio J. and White, Jules and Benavides, David}, 
journal = {Proceedings of the 27th ACM International Systems and Software Product Line Conference - Volume A}, 
doi = {10.1145/3579027.3608973}, 
pages = {15--26}
}
@article{Shen.2021, 
year = {2021}, 
title = {{TaxoClass: Hierarchical Multi-Label Text Classification Using Only Class Names}}, 
author = {Shen, Jiaming and Qiu, Wenda and Meng, Yu and Shang, Jingbo and Ren, Xiang and Han, Jiawei}, 
journal = {Proceedings of the 2021 Conference of the North American Chapter of the Association for Computational Linguistics: Human Language Technologies}, 
doi = {10.18653/v1/2021.naacl-main.335}, 
pages = {4239--4249}
}
@article{Meng.2020, 
year = {2020}, 
title = {{Text Classification Using Label Names Only: A Language Model Self-Training Approach}}, 
author = {Meng, Yu and Zhang, Yunyi and Huang, Jiaxin and Xiong, Chenyan and Ji, Heng and Zhang, Chao and Han, Jiawei}, 
journal = {Proceedings of the 2020 Conference on Empirical Methods in Natural Language Processing (EMNLP)}, 
doi = {10.18653/v1/2020.emnlp-main.724}, 
pages = {9006--9017}
}
@article{Grootendorst.2022, 
year = {2022}, 
title = {{BERTopic: Neural topic modeling with a class-based TF-IDF procedure}}, 
author = {Grootendorst, Maarten}, 
journal = {arXiv}, 
doi = {10.48550/arxiv.2203.05794}, 
eprint = {2203.05794}, 
}
@article{Petukhova.2024, 
year = {2024}, 
title = {{Text Clustering with LLM Embeddings}}, 
author = {Petukhova, Alina and Matos-Carvalho, João P and Fachada, Nuno}, 
journal = {arXiv}, 
doi = {10.48550/arxiv.2403.15112}, 
eprint = {2403.15112}, 
}
@article{Nicolas.2021, 
year = {2021}, 
title = {{Comprehensive stereotype content dictionaries using a semi‐automated method}}, 
author = {Nicolas, Gandalf and Bai, Xuechunzi and Fiske, Susan T.}, 
journal = {European Journal of Social Psychology}, 
issn = {0046-2772}, 
doi = {10.1002/ejsp.2724}, 
pages = {178--196}, 
number = {1}, 
volume = {51}, 
local-url = {file://localhost/var/folders/2k/wl4hb9s11p5fxy3zkt05142m0000gn/T/Euro%20J%20Social%20Psych%20-%202020%20-%20Nicolas%20-%20Comprehensive%20stereotype%20content%20dictionaries%20using%20a%20semiâautomated%20method.pdf}
}
@article{Fraser.2022, 
year = {2022}, 
title = {{Computational Modeling of Stereotype Content in Text}}, 
author = {Fraser, Kathleen C. and Kiritchenko, Svetlana and Nejadgholi, Isar}, 
journal = {Frontiers in Artificial Intelligence}, 
doi = {10.3389/frai.2022.826207}, 
pmid = {35514953}, 
pmcid = {PMC9063736}, 
pages = {826207}, 
volume = {5}, 
local-url = {file://localhost/Users/sungduky/Documents/Papers%20Library/Fraser-Computational%20Modeling%20of%20Stereotype%20Content%20in%20Text-2022-Frontiers%20in%20Artificial%20Intelligence.pdf}
}
@article{Fraser.2024mbg, 
year = {2024}, 
title = {{How Does Stereotype Content Differ across Data Sources?}}, 
author = {Fraser, Kathleen and Kiritchenko, Svetlana and Nejadgholi, Isar}, 
journal = {Proceedings of the 13th Joint Conference on Lexical and Computational Semantics (*SEM 2024)}, 
doi = {10.18653/v1/2024.starsem-1.2}, 
pages = {18--34}, 
local-url = {file://localhost/var/folders/2k/wl4hb9s11p5fxy3zkt05142m0000gn/T/fraser2024how.pdf}
}
@article{Fraser.2024, 
year = {2024}, 
title = {{Detecting AI-Generated Text: Factors Influencing Detectability with Current Methods}}, 
author = {Fraser, Kathleen C and Dawkins, Hillary and Kiritchenko, Svetlana}, 
journal = {arXiv}, 
doi = {10.48550/arxiv.2406.15583}, 
eprint = {2406.15583}, 
local-url = {file://localhost/Users/sungduky/Downloads/2406.15583v1.pdf}
}
@article{Thakar.2024, 
year = {2024}, 
title = {{Fake news detection: recent trends and challenges}}, 
author = {Thakar, Hemang and Bhatt, Brijesh}, 
journal = {Social Network Analysis and Mining}, 
doi = {10.1007/s13278-024-01344-4}, 
pages = {176}, 
number = {1}, 
volume = {14}
}
@article{A.B..2023, 
year = {2023}, 
title = {{A systematic survey on explainable AI applied to fake news detection}}, 
author = {A.B., Athira and Kumar, S.D. Madhu and Chacko, Anu Mary}, 
journal = {Engineering Applications of Artificial Intelligence}, 
issn = {0952-1976}, 
doi = {10.1016/j.engappai.2023.106087}, 
pages = {106087}, 
volume = {122}
}
@article{Hashmi.2024, 
year = {2024}, 
title = {{Advancing Fake News Detection: Hybrid Deep Learning With FastText and Explainable AI}}, 
author = {Hashmi, Ehtesham and Yayilgan, Sule Yildirim and Yamin, Muhammad Mudassar and Ali, Subhan and Abomhara, Mohamed}, 
journal = {IEEE Access}, 
issn = {2169-3536}, 
doi = {10.1109/access.2024.3381038}, 
pages = {44462--44480}, 
volume = {12}
}
@article{Si.2024, 
year = {2024}, 
title = {{Can LLMs Generate Novel Research Ideas? A Large-Scale Human Study with 100+ NLP Researchers}}, 
author = {Si, Chenglei and Yang, Diyi and Hashimoto, Tatsunori}, 
journal = {arXiv}, 
doi = {10.48550/arxiv.2409.04109}, 
eprint = {2409.04109}, 
url = {https://doi.org/10.48550/arXiv.2409.04109}, 
}
@article{Liu.20237vn, 
year = {2023}, 
title = {{ReviewerGPT? An Exploratory Study on Using Large Language Models for Paper Reviewing}}, 
author = {Liu, Ryan and Shah, Nihar B}, 
journal = {arXiv}, 
doi = {10.48550/arxiv.2306.00622}, 
eprint = {2306.00622}, 
}
@article{Schulz.2022, 
year = {2022}, 
title = {{Is the future of peer review automated?}}, 
author = {Schulz, Robert and Barnett, Adrian and Bernard, René and Brown, Nicholas J. L. and Byrne, Jennifer A. and Eckmann, Peter and Gazda, Małgorzata A. and Kilicoglu, Halil and Prager, Eric M. and Salholz-Hillel, Maia and Riet, Gerben ter and Vines, Timothy and Vorland, Colby J. and Zhuang, Han and Bandrowski, Anita and Weissgerber, Tracey L.}, 
journal = {BMC Research Notes}, 
doi = {10.1186/s13104-022-06080-6}, 
pmid = {35690782}, 
pmcid = {PMC9188010}, 
pages = {203}, 
number = {1}, 
volume = {15}, 
local-url = {file://localhost/Users/sungduky/Documents/Papers%20Library/Schulz-Is%20the%20future%20of%20peer%20review%20automated--2022-BMC%20Research%20Notes.pdf}
}
@article{Tan.2024, 
year = {2024}, 
title = {{Peer Review as A Multi-Turn and Long-Context Dialogue with Role-Based Interactions}}, 
author = {Tan, Cheng and Lyu, Dongxin and Li, Siyuan and Gao, Zhangyang and Wei, Jingxuan and Ma, Siqi and Liu, Zicheng and Li, Stan Z}, 
journal = {arXiv}, 
doi = {10.48550/arxiv.2406.05688}, 
eprint = {2406.05688}, 
}
@article{Liang.2023, 
year = {2023}, 
title = {{Can large language models provide useful feedback on research papers? A large-scale empirical analysis}}, 
author = {Liang, Weixin and Zhang, Yuhui and Cao, Hancheng and Wang, Binglu and Ding, Daisy and Yang, Xinyu and Vodrahalli, Kailas and He, Siyu and Smith, Daniel and Yin, Yian and McFarland, Daniel and Zou, James}, 
journal = {arXiv}, 
doi = {10.48550/arxiv.2310.01783}, 
eprint = {2310.01783}, 
local-url = {file://localhost/Users/sungduky/Downloads/2310.01783v1.pdf}
}
@article{Yin.2022, 
year = {2022}, 
title = {{Interpreting Language Models with Contrastive Explanations}}, 
author = {Yin, Kayo and Neubig, Graham}, 
journal = {Proceedings of the 2022 Conference on Empirical Methods in Natural Language Processing}, 
doi = {10.18653/v1/2022.emnlp-main.14}, 
pages = {184--198}, 
local-url = {file://localhost/var/folders/2k/wl4hb9s11p5fxy3zkt05142m0000gn/T/yin2022interpreting.pdf}
}
@article{Liang.2024, 
year = {2024}, 
title = {{Monitoring AI-Modified Content at Scale: A Case Study on the Impact of ChatGPT on AI Conference Peer Reviews}}, 
author = {Liang, Weixin and Izzo, Zachary and Zhang, Yaohui and Lepp, Haley and Cao, Hancheng and Zhao, Xuandong and Chen, Lingjiao and Ye, Haotian and Liu, Sheng and Huang, Zhi and McFarland, Daniel A and Zou, James Y}, 
journal = {arXiv}, 
doi = {10.48550/arxiv.2403.07183}, 
eprint = {2403.07183}, 
local-url = {file://localhost/Users/sungduky/Downloads/2403.07183v2.pdf}
}
@article{Xu.2024txl, 
year = {2024}, 
title = {{Detecting AI-Generated Code Assignments Using Perplexity of Large Language Models}}, 
author = {Xu, Zhenyu and Sheng, Victor S}, 
journal = {Proceedings of the AAAI Conference on Artificial Intelligence}, 
issn = {2159-5399}, 
doi = {10.1609/aaai.v38i21.30361}, 
pages = {23155--23162}, 
number = {21}, 
volume = {38}
}
@article{Mitchell.2023, 
year = {2023}, 
title = {{DetectGPT: Zero-Shot Machine-Generated Text Detection using Probability Curvature}}, 
author = {Mitchell, Eric and Lee, Yoonho and Khazatsky, Alexander and Manning, Christopher D and Finn, Chelsea}, 
journal = {arXiv}, 
doi = {10.48550/arxiv.2301.11305}, 
eprint = {2301.11305}, 
}
@article{Solaiman.2019, 
year = {2019}, 
title = {{Release Strategies and the Social Impacts of Language Models}}, 
author = {Solaiman, Irene and Brundage, Miles and Clark, Jack and Askell, Amanda and Herbert-Voss, Ariel and Wu, Jeff and Radford, Alec and Krueger, Gretchen and Kim, Jong Wook and Kreps, Sarah and McCain, Miles and Newhouse, Alex and Blazakis, Jason and McGuffie, Kris and Wang, Jasmine}, 
journal = {arXiv}, 
doi = {10.48550/arxiv.1908.09203}, 
eprint = {1908.09203}, 
}

@article{Ni.2022, 
year = {2022}, 
title = {{Original or Translated? A Causal Analysis of the Impact of Translationese on Machine Translation Performance}}, 
author = {Ni, Jingwei and Jin, Zhijing and Freitag, Markus and Sachan, Mrinmaya and Schölkopf, Bernhard}, 
journal = {Proceedings of the 2022 Conference of the North American Chapter of the Association for Computational Linguistics: Human Language Technologies}, 
doi = {10.18653/v1/2022.naacl-main.389}, 
pages = {5303--5320}, 
local-url = {file://localhost/var/folders/2k/wl4hb9s11p5fxy3zkt05142m0000gn/T/ni2022original.pdf}
}
@article{Gaintseva.2024, 
year = {2024}, 
title = {{Improving Interpretability and Robustness for the Detection of AI-Generated Images}}, 
author = {Gaintseva, Tatiana and Kushnareva, Laida and Magai, German and Piontkovskaya, Irina and Nikolenko, Sergey and Benning, Martin and Barannikov, Serguei and Slabaugh, Gregory}, 
journal = {arXiv}, 
doi = {10.48550/arxiv.2406.15035}, 
eprint = {2406.15035}, 
}
@article{Bhattarai.2022, 
year = {2022}, 
title = {{Word-level human interpretable scoring mechanism for novel text detection using Tsetlin Machines}}, 
author = {Bhattarai, Bimal and Granmo, Ole-Christoffer and Jiao, Lei}, 
journal = {Applied Intelligence}, 
issn = {0924-669X}, 
doi = {10.1007/s10489-022-03281-1}, 
pages = {17465--17489}, 
number = {15}, 
volume = {52}, 
local-url = {file://localhost/Users/sungduky/Documents/Papers%20Library/Bhattarai-Word-level%20human%20interpretable%20scoring%20mechanism%20for%20novel%20text%20detection%20using%20Tsetlin%20Machines-2022-Applied%20Intelligence.pdf}
}
@article{Peng.2023, 
year = {2023}, 
title = {{Hidding the Ghostwriters: An Adversarial Evaluation of AI-Generated Student Essay Detection}}, 
author = {Peng, Xinlin and Zhou, Ying and He, Ben and Sun, Le and Sun, Yingfei}, 
journal = {Proceedings of the 2023 Conference on Empirical Methods in Natural Language Processing}, 
doi = {10.18653/v1/2023.emnlp-main.644}, 
pages = {10406--10419}, 
local-url = {file://localhost/var/folders/2k/wl4hb9s11p5fxy3zkt05142m0000gn/T/peng2023hidding.pdf}
}
@article{Wegmann.2022, 
year = {2022}, 
title = {{Same Author or Just Same Topic? Towards Content-Independent Style Representations}}, 
author = {Wegmann, Anna and Schraagen, Marijn and Nguyen, Dong}, 
journal = {Proceedings of the 7th Workshop on Representation Learning for NLP}, 
doi = {10.18653/v1/2022.repl4nlp-1.26}, 
pages = {249--268}, 
local-url = {file://localhost/Users/sungduky/Documents/Papers%20Library/Wegmann-Same%20Author%20or%20Just%20Same%20Topic-%20Towards%20Content-Independent%20Style%20Representations-2022-Proceedings%20of%20the%207th%20Workshop%20on%20Representation%20Learning%20for%20NLP.pdf}
}
@article{21, 
title = {{paper-190.pdf}}, 
author = {}, 
local-url = {file://localhost/Users/sungduky/Downloads/paper-190.pdf}
}
@article{Riley.2021, 
year = {2021}, 
title = {{TextSETTR: Few-Shot Text Style Extraction and Tunable Targeted Restyling}}, 
author = {Riley, Parker and Constant, Noah and Guo, Mandy and Kumar, Girish and Uthus, David and Parekh, Zarana}, 
journal = {Proceedings of the 59th Annual Meeting of the Association for Computational Linguistics and the 11th International Joint Conference on Natural Language Processing (Volume 1: Long Papers)}, 
doi = {10.18653/v1/2021.acl-long.293}, 
pages = {3786--3800}, 
local-url = {file://localhost/var/folders/2k/wl4hb9s11p5fxy3zkt05142m0000gn/T/riley2021textsettr:.pdf}
}
@article{Lazebnik.2023, 
year = {2023}, 
title = {{A Computational Model For Individual Scholars' Writing Style Dynamics}}, 
author = {Lazebnik, Teddy and Rosenfeld, Ariel}, 
journal = {arXiv}, 
doi = {10.48550/arxiv.2305.04900}, 
eprint = {2305.04900}, 
}
@article{Lazebnik.2024, 
year = {2024}, 
title = {{Detecting LLM-assisted writing in scientific communication: Are we there yet?}}, 
author = {Lazebnik, Teddy and Rosenfeld, Ariel}, 
journal = {Journal of Data and Information Science}, 
doi = {10.2478/jdis-2024-0020}, 
eprint = {2401.16807}, 
pages = {4--13}, 
number = {3}, 
volume = {9}, 
local-url = {file://localhost/Users/sungduky/Documents/Papers%20Library/Lazebnik-Detecting%20LLM-assisted%20writing%20in%20scientific%20communication-%20Are%20we%20there%20yet--2024-Journal%20of%20Data%20and%20Information%20Science.pdf}
}
@article{Tang.2024, 
year = {2024}, 
title = {{The Science of Detecting LLM-Generated Text}}, 
author = {Tang, Ruixiang and Chuang, Yu-Neng and Hu, Xia}, 
journal = {Communications of the ACM}, 
issn = {0001-0782}, 
doi = {10.1145/3624725}, 
pages = {50--59}, 
number = {4}, 
volume = {67}, 
local-url = {file://localhost/var/folders/2k/wl4hb9s11p5fxy3zkt05142m0000gn/T/3624725.pdf}
}
@article{Chemaya.2024, 
year = {2024}, 
title = {{Perceptions and detection of AI use in manuscript preparation for academic journals}}, 
author = {Chemaya, Nir and Martin, Daniel}, 
journal = {PLOS ONE}, 
doi = {10.1371/journal.pone.0304807}, 
pmid = {38995880}, 
pmcid = {PMC11244834}, 
pages = {e0304807}, 
number = {7}, 
volume = {19}, 
local-url = {file://localhost/Users/sungduky/Documents/Papers%20Library/Chemaya-Perceptions%20and%20detection%20of%20AI%20use%20in%20manuscript%20preparation%20for%20academic%20journals-2024-PLOS%20ONE.pdf}
}
@article{Anderson.2023, 
year = {2023}, 
title = {{AI did not write this manuscript, or did it? Can we trick the AI text detector into generated texts? The potential future of ChatGPT and AI in Sports \& Exercise Medicine manuscript generation}}, 
author = {Anderson, Nash and Belavy, Daniel L and Perle, Stephen M and Hendricks, Sharief and Hespanhol, Luiz and Verhagen, Evert and Memon, Aamir R}, 
journal = {BMJ Open Sport — Exercise Medicine}, 
issn = {2055-7647}, 
doi = {10.1136/bmjsem-2023-001568}, 
pmid = {36816423}, 
pmcid = {PMC9936276}, 
pages = {e001568}, 
number = {1}, 
volume = {9}, 
local-url = {file://localhost/Users/sungduky/Documents/Papers%20Library/Anderson-AI%20did%20not%20write%20this%20manuscript,%20or%20did%20it-%20Can%20we%20trick%20the%20AI%20text%20detector%20into%20generated%20texts-%20The%20potential%20future%20of%20ChatGPT%20and%20AI%20in%20Sports%20&%20Exercise%20Medicine%20manuscript%20generation-2023-BMJ%20Open%20Sport%20—%20Exercise%20Medicine.pdf}
}
@article{Bharti.2024, 
year = {2024}, 
title = {{PEERRec: An AI-based approach to automatically generate recommendations and predict decisions in peer review}}, 
author = {Bharti, Prabhat Kumar and Ghosal, Tirthankar and Agarwal, Mayank and Ekbal, Asif}, 
journal = {International Journal on Digital Libraries}, 
issn = {1432-5012}, 
doi = {10.1007/s00799-023-00375-0}, 
pages = {55--72}, 
number = {1}, 
volume = {25}, 
local-url = {file://localhost/Users/sungduky/Documents/Papers%20Library/Bharti-PEERRec-%20An%20AI-based%20approach%20to%20automatically%20generate%20recommendations%20and%20predict%20decisions%20in%20peer%20review-2024-International%20Journal%20on%20Digital%20Libraries.pdf}
}
@article{Elkhatat.2023udan, 
year = {2023}, 
title = {{Evaluating the authenticity of ChatGPT responses: a study on text-matching capabilities}}, 
author = {Elkhatat, Ahmed M.}, 
journal = {International Journal for Educational Integrity}, 
doi = {10.1007/s40979-023-00137-0}, 
pages = {15}, 
number = {1}, 
volume = {19}, 
local-url = {file://localhost/Users/sungduky/Documents/Papers%20Library/Elkhatat-Evaluating%20the%20authenticity%20of%20ChatGPT%20responses-%20a%20study%20on%20text-matching%20capabilities-2023-International%20Journal%20for%20Educational%20Integrity.pdf}
}
@article{Elkhatat.2023, 
year = {2023}, 
title = {{Evaluating the efficacy of AI content detection tools in differentiating between human and AI-generated text}}, 
author = {Elkhatat, Ahmed M. and Elsaid, Khaled and Almeer, Saeed}, 
journal = {International Journal for Educational Integrity}, 
doi = {10.1007/s40979-023-00140-5}, 
pages = {17}, 
number = {1}, 
volume = {19}
}
@article{Liu.2024p5k, 
year = {2024}, 
title = {{The great detectives: humans versus AI detectors in catching large language model-generated medical writing}}, 
author = {Liu, Jae Q. J. and Hui, Kelvin T. K. and Zoubi, Fadi Al and Zhou, Zing Z. X. and Samartzis, Dino and Yu, Curtis C. H. and Chang, Jeremy R. and Wong, Arnold Y. L.}, 
journal = {International Journal for Educational Integrity}, 
doi = {10.1007/s40979-024-00155-6}, 
pages = {8}, 
number = {1}, 
volume = {20}, 
local-url = {file://localhost/Users/sungduky/Documents/Papers%20Library/Liu-The%20great%20detectives-%20humans%20versus%20AI%20detectors%20in%20catching%20large%20language%20model-generated%20medical%20writing-2024-International%20Journal%20for%20Educational%20Integrity.pdf}
}
@article{Waltzer.2024, 
year = {2024}, 
title = {{Can you spot the bot? Identifying AI-generated writing in college essays}}, 
author = {Waltzer, Tal and Pilegard, Celeste and Heyman, Gail D.}, 
journal = {International Journal for Educational Integrity}, 
doi = {10.1007/s40979-024-00158-3}, 
pages = {11}, 
number = {1}, 
volume = {20}
}
@article{fagni2021tweepfake,
  title={TweepFake: About detecting deepfake tweets},
  author={Fagni, Tiziano and Falchi, Fabrizio and Gambini, Margherita and Martella, Antonio and Tesconi, Maurizio},
  journal={Plos one},
  volume={16},
  number={5},
  pages={e0251415},
  year={2021},
  publisher={Public Library of Science San Francisco, CA USA}
}
@article{bakhtin2019real,
  title={Real or fake? learning to discriminate machine from human generated text},
  author={Bakhtin, Anton and Gross, Sam and Ott, Myle and Deng, Yuntian and Ranzato, Marc'Aurelio and Szlam, Arthur},
  journal={arXiv preprint arXiv:1906.03351},
  year={2019}
}
@article{yuan2022can,
  title={Can we automate scientific reviewing?},
  author={Yuan, Weizhe and Liu, Pengfei and Neubig, Graham},
  journal={Journal of Artificial Intelligence Research},
  volume={75},
  pages={171--212},
  year={2022}
}

@article{tyser2024ai,
  title={AI-Driven review systems: evaluating LLMs in scalable and bias-aware academic reviews},
  author={Tyser, Keith and Segev, Ben and Longhitano, Gaston and Zhang, Xin-Yu and Meeks, Zachary and Lee, Jason and Garg, Uday and Belsten, Nicholas and Shporer, Avi and Udell, Madeleine and others},
  journal={arXiv preprint arXiv:2408.10365},
  year={2024}
}
@article{jin2024agentreview,
  title={AgentReview: Exploring Peer Review Dynamics with LLM Agents},
  author={Jin, Yiqiao and Zhao, Qinlin and Wang, Yiyang and Chen, Hao and Zhu, Kaijie and Xiao, Yijia and Wang, Jindong},
  journal={arXiv preprint arXiv:2406.12708},
  year={2024}
}

@article{liu2023reviewergpt,
  title={Reviewergpt? an exploratory study on using large language models for paper reviewing},
  author={Liu, Ryan and Shah, Nihar B},
  journal={arXiv preprint arXiv:2306.00622},
  year={2023}
}
@article{santu2024prompting,
  title={Prompting LLMs to Compose Meta-Review Drafts from Peer-Review Narratives of Scholarly Manuscripts},
  author={Santu, Shubhra Kanti Karmaker and Sinha, Sanjeev Kumar and Bansal, Naman and Knipper, Alex and Sarkar, Souvika and Salvador, John and Mahajan, Yash and Guttikonda, Sri and Akter, Mousumi and Freestone, Matthew and others},
  journal={arXiv preprint arXiv:2402.15589},
  year={2024}
}
@article{sukpanichnant2024peerarg,
  title={PeerArg: Argumentative Peer Review with LLMs},
  author={Sukpanichnant, Purin and Rapberger, Anna and Toni, Francesca},
  journal={arXiv preprint arXiv:2409.16813},
  year={2024}
}
@article{tan2024peer,
  title={Peer Review as A Multi-Turn and Long-Context Dialogue with Role-Based Interactions},
  author={Tan, Cheng and Lyu, Dongxin and Li, Siyuan and Gao, Zhangyang and Wei, Jingxuan and Ma, Siqi and Liu, Zicheng and Li, Stan Z},
  journal={arXiv preprint arXiv:2406.05688},
  year={2024}
}
@inproceedings{mitchell2023detectgpt,
  title={Detectgpt: Zero-shot machine-generated text detection using probability curvature},
  author={Mitchell, Eric and Lee, Yoonho and Khazatsky, Alexander and Manning, Christopher D and Finn, Chelsea},
  booktitle={International Conference on Machine Learning},
  pages={24950--24962},
  year={2023},
  organization={PMLR}
}
@article{artemova2024beemo,
  title={Beemo: Benchmark of Expert-edited Machine-generated Outputs},
  author={Artemova, Ekaterina and Lucas, Jason and Venkatraman, Saranya and Lee, Jooyoung and Tilga, Sergei and Uchendu, Adaku and Mikhailov, Vladislav},
  journal={arXiv preprint arXiv:2411.04032},
  year={2024}
}
@article{dugan2024raid,
  title={RAID: A Shared Benchmark for Robust Evaluation of Machine-Generated Text Detectors},
  author={Dugan, Liam and Hwang, Alyssa and Trhlik, Filip and Ludan, Josh Magnus and Zhu, Andrew and Xu, Hainiu and Ippolito, Daphne and Callison-Burch, Chris},
  journal={arXiv preprint arXiv:2405.07940},
  year={2024}
}
@inproceedings{qazi2024gpt,
  title={GPT-generated Text Detection: Benchmark Dataset and Tensor-based Detection Method},
  author={Qazi, Zubair and Shiao, William and Papalexakis, Evangelos E},
  booktitle={Companion Proceedings of the ACM on Web Conference 2024},
  pages={842--846},
  year={2024}
}
@inproceedings{jawahar2020automatic,
  title={Automatic Detection of Machine Generated Text: A Critical Survey},
  author={Jawahar, Ganesh and Abdul-Mageed, Muhammad and Laks Lakshmanan, VS},
  booktitle={Proceedings of the 28th International Conference on Computational Linguistics},
  pages={2296--2309},
  year={2020}
}

@inproceedings{gehrmann2019gltr,
  title={GLTR: Statistical Detection and Visualization of Generated Text},
  author={Gehrmann, Sebastian and Strobelt, Hendrik and Rush, Alexander M},
  booktitle={Proceedings of the 57th Annual Meeting of the Association for Computational Linguistics: System Demonstrations},
  pages={111--116},
  year={2019}
}
@inproceedings{uchendu2020authorship,
  title={Authorship attribution for neural text generation},
  author={Uchendu, Adaku and Le, Thai and Shu, Kai and Lee, Dongwon},
  booktitle={Proceedings of the 2020 conference on empirical methods in natural language processing (EMNLP)},
  pages={8384--8395},
  year={2020}
}
@article{liu1907roberta,
  title={RoBERTa: A robustly optimized BERT pretraining approach. arXiv [Preprint](2019)},
  author={Liu, Y and Ott, M and Goyal, N and Du, J and Joshi, M and Chen, D and Levy, O and Lewis, M and Zettlemoyer, L and Stoyanov, V},
  journal={arXiv preprint arXiv:1907.11692},
  year={1907}
}
@article{zellers2019defending,
  title={Defending against neural fake news},
  author={Zellers, Rowan and Holtzman, Ari and Rashkin, Hannah and Bisk, Yonatan and Farhadi, Ali and Roesner, Franziska and Choi, Yejin},
  journal={Advances in neural information processing systems},
  volume={32},
  year={2019}
}
@inproceedings{ippolito2020automatic,
  title={Automatic Detection of Generated Text is Easiest when Humans are Fooled},
  author={Ippolito, Daphne and Duckworth, Daniel and Callison-Burch, Chris and Eck, Douglas},
  booktitle={Proceedings of the 58th Annual Meeting of the Association for Computational Linguistics},
  pages={1808--1822},
  year={2020}
}
@article{tyseropenreviewer,
  title={OpenReviewer: Mitigating Challenges in LLM Reviewing},
  author={Tyser, Keith and Lee, Jason and Shporer, Avi and Udell, Madeleine and Te'eni, Dov and Drori, Iddo}
}
@inproceedings{mosca2023distinguishing,
  title={Distinguishing Fact from Fiction: A Benchmark Dataset for Identifying Machine-Generated Scientific Papers in the LLM Era.},
  author={Mosca, Edoardo and Abdalla, Mohamed Hesham Ibrahim and Basso, Paolo and Musumeci, Margherita and Groh, Georg},
  booktitle={Proceedings of the 3rd Workshop on Trustworthy Natural Language Processing (TrustNLP 2023)},
  pages={190--207},
  year={2023}
}

@article{guo14close,
  title={How Close is ChatGPT to Human Experts? Comparison Corpus, Evaluation, and Detection},
  author={Guo, Biyang and Zhang, Xin and Wang, Ziyuan and Jiang, Minqi and Nie, Jinran and Ding, Yuxuan and Yue, Jianwei and Wu, Yupeng},
  journal={differences},
  volume={14},
  pages={18}
}
@article{liu2019roberta,
  title={Roberta: A robustly optimized bert pretraining approach},
  author={Liu, Yinhan},
  journal={arXiv preprint arXiv:1907.11692},
  year={2019}
}

@article{beltagy2020longformer,
  title={Longformer: The long-document transformer},
  author={Beltagy, Iz and Peters, Matthew E and Cohan, Arman},
  journal={arXiv preprint arXiv:2004.05150},
  year={2020}
}



@inproceedings{joulin2017bag,
  title={Bag of Tricks for Efficient Text Classification},
  author={Joulin, Armand and Grave, {\'E}douard and Bojanowski, Piotr and Mikolov, Tom{\'a}{\v{s}}},
  booktitle={Proceedings of the 15th Conference of the European Chapter of the Association for Computational Linguistics: Volume 2, Short Papers},
  pages={427--431},
  year={2017}
}

@article{jarvelin2002cumulated,
  title={Cumulated gain-based evaluation of IR techniques},
  author={J{\"a}rvelin, Kalervo and Kek{\"a}l{\"a}inen, Jaana},
  journal={ACM Transactions on Information Systems (TOIS)},
  volume={20},
  number={4},
  pages={422--446},
  year={2002},
  publisher={ACM New York, NY, USA}
}

@inproceedings{laban2024beyond,
  title={Beyond the chat: Executable and verifiable text-editing with llms},
  author={Laban, Philippe and Vig, Jesse and Hearst, Marti and Xiong, Caiming and Wu, Chien-Sheng},
  booktitle={Proceedings of the 37th Annual ACM Symposium on User Interface Software and Technology},
  pages={1--23},
  year={2024}
}

@inproceedings{raheja2024medit,
  title={mEdIT: Multilingual Text Editing via Instruction Tuning},
  author={Raheja, Vipul and Alikaniotis, Dimitris and Kulkarni, Vivek and Alhafni, Bashar and Kumar, Dhruv},
  booktitle={Proceedings of the 2024 Conference of the North American Chapter of the Association for Computational Linguistics: Human Language Technologies (Volume 1: Long Papers)},
  pages={979--1001},
  year={2024}
}
@inproceedings{tufts2024examination,
  title={An examination of ai-generated text detectors across multiple domains and models},
  author={Tufts, Brian and Zhao, Xuandong and Li, Lei},
  booktitle={Neurips Safe Generative AI Workshop 2024}
}
@article{krishna2024paraphrasing,
  title={Paraphrasing evades detectors of ai-generated text, but retrieval is an effective defense},
  author={Krishna, Kalpesh and Song, Yixiao and Karpinska, Marzena and Wieting, John and Iyyer, Mohit},
  journal={Advances in Neural Information Processing Systems},
  volume={36},
  year={2024}
}

@article{liang2024can,
  title={Can large language models provide useful feedback on research papers? A large-scale empirical analysis},
  author={Liang, Weixin and Zhang, Yuhui and Cao, Hancheng and Wang, Binglu and Ding, Daisy Yi and Yang, Xinyu and Vodrahalli, Kailas and He, Siyu and Smith, Daniel Scott and Yin, Yian and others},
  journal={NEJM AI},
  volume={1},
  number={8},
  pages={AIoa2400196},
  year={2024},
  publisher={Massachusetts Medical Society}
}

@article{latona2024ai,
  title={The AI Review Lottery: Widespread AI-Assisted Peer Reviews Boost Paper Scores and Acceptance Rates},
  author={Latona, Giuseppe Russo and Ribeiro, Manoel Horta and Davidson, Tim R and Veselovsky, Veniamin and West, Robert},
  journal={arXiv preprint arXiv:2405.02150},
  year={2024}
}

@article{yu2024your,
  title={Is your paper being reviewed by an llm? investigating ai text detectability in peer review},
  author={Yu, Sungduk and Luo, Man and Madasu, Avinash and Lal, Vasudev and Howard, Phillip},
  journal={arXiv preprint arXiv:2410.03019},
  year={2024}
}

@article{ye2024we,
  title={Are we there yet? revealing the risks of utilizing large language models in scholarly peer review},
  author={Ye, Rui and Pang, Xianghe and Chai, Jingyi and Chen, Jiaao and Yin, Zhenfei and Xiang, Zhen and Dong, Xiaowen and Shao, Jing and Chen, Siheng},
  journal={arXiv preprint arXiv:2412.01708},
  year={2024}
}

@article{audibert2022evolution,
  title={On the evolution of AI and machine learning: Towards measuring and understanding impact, influence, and leadership at premier AI conferences},
  author={Audibert, Rafael B and Lemos, Henrique and Avelar, Pedro and Tavares, Anderson R and Lamb, Lu{\'\i}s C},
  journal={arXiv preprint arXiv:2205.13131},
  year={2022}
}

@article{zhuang2025large,
  title={Large language models for automated scholarly paper review: A survey},
  author={Zhuang, Zhenzhen and Chen, Jiandong and Xu, Hongfeng and Jiang, Yuwen and Lin, Jialiang},
  journal={arXiv preprint arXiv:2501.10326},
  year={2025}
}

@article{kousha2024artificial,
  title={Artificial intelligence to support publishing and peer review: A summary and review},
  author={Kousha, Kayvan and Thelwall, Mike},
  journal={Learned Publishing},
  volume={37},
  number={1},
  pages={4--12},
  year={2024},
  publisher={Wiley Online Library}
}

@article{seghier2024ai,
  title={AI-powered peer review needs human supervision},
  author={Seghier, Mohamed L},
  journal={Journal of Information, Communication and Ethics in Society},
  year={2024},
  publisher={Emerald Publishing Limited}
}

@inproceedings{zhou2024llm,
  title={Is LLM a Reliable Reviewer? A Comprehensive Evaluation of LLM on Automatic Paper Reviewing Tasks},
  author={Zhou, Ruiyang and Chen, Lu and Yu, Kai},
  booktitle={Proceedings of the 2024 Joint International Conference on Computational Linguistics, Language Resources and Evaluation (LREC-COLING 2024)},
  pages={9340--9351},
  year={2024}
}

@article{hosseini2023fighting,
  title={Fighting reviewer fatigue or amplifying bias? Considerations and recommendations for use of ChatGPT and other large language models in scholarly peer review},
  author={Hosseini, Mohammad and Horbach, Serge PJM},
  journal={Research integrity and peer review},
  volume={8},
  number={1},
  pages={4},
  year={2023},
  publisher={Springer}
}

@article{drori2024human,
  title={Human-in-the-Loop AI Reviewing: Feasibility, Opportunities, and Risks},
  author={Drori, Iddo and Te'eni, Dov},
  journal={Journal of the Association for Information Systems},
  volume={25},
  number={1},
  pages={98--109},
  year={2024}
}