@misc{ChatGPT, 
    author = {OpenAI}, 
    title = {ChatGPT}, 
    year = {2023}, 
    note = {Large Language Model}, 
    url = {https://chat.openai.com/chat} 

}

@misc{Claude, 
    author = {Anthropic}, 
    title = {https://www.anthropic.com/news/claude-3-family},
    year = {2023}
}

@article{He.2023, 
year = {2023}, 
title = {{MGTBench: Benchmarking Machine-Generated Text Detection}}, 
author = {He, Xinlei and Shen, Xinyue and Chen, Zeyuan and Backes, Michael and Zhang, Yang}, 
journal = {arXiv}, 
doi = {10.48550/arxiv.2303.14822}, 
eprint = {2303.14822}, 
local-url = {file://localhost/Users/sungduky/Downloads/2303.14822v3.pdf}
}

@article{Spiegel.2023, 
year = {2023}, 
title = {{IMGTB: A Framework for Machine-Generated Text Detection Benchmarking}}, 
author = {Spiegel, Michal and Macko, Dominik}, 
journal = {arXiv}, 
doi = {10.48550/arxiv.2311.12574}, 
eprint = {2311.12574}, 
}

@article{Tan.2024, 
year = {2024}, 
title = {{Peer Review as A Multi-Turn and Long-Context Dialogue with Role-Based Interactions}}, 
author = {Tan, Cheng and Lyu, Dongxin and Li, Siyuan and Gao, Zhangyang and Wei, Jingxuan and Ma, Siqi and Liu, Zicheng and Li, Stan Z}, 
journal = {arXiv}, 
doi = {10.48550/arxiv.2406.05688}, 
eprint = {2406.05688}, 
}

@article{Wang.2024, 
year = {2024}, 
title = {{AI-Generated Text Detection and Classification Based on BERT Deep Learning Algorithm}}, 
author = {Wang, Hao and Li, Jianwei and Li, Zhengyu}, 
journal = {arXiv}, 
doi = {10.48550/arxiv.2405.16422}, 
eprint = {2405.16422}, 
}

@article{artemova2024beemo,
  title={Beemo: Benchmark of Expert-edited Machine-generated Outputs},
  author={Artemova, Ekaterina and Lucas, Jason and Venkatraman, Saranya and Lee, Jooyoung and Tilga, Sergei and Uchendu, Adaku and Mikhailov, Vladislav},
  journal={arXiv preprint arXiv:2411.04032},
  year={2024}
}

@article{bakhtin2019real,
  title={Real or fake? learning to discriminate machine from human generated text},
  author={Bakhtin, Anton and Gross, Sam and Ott, Myle and Deng, Yuntian and Ranzato, Marc'Aurelio and Szlam, Arthur},
  journal={arXiv preprint arXiv:1906.03351},
  year={2019}
}

@article{dugan2024raid,
  title={RAID: A Shared Benchmark for Robust Evaluation of Machine-Generated Text Detectors},
  author={Dugan, Liam and Hwang, Alyssa and Trhlik, Filip and Ludan, Josh Magnus and Zhu, Andrew and Xu, Hainiu and Ippolito, Daphne and Callison-Burch, Chris},
  journal={arXiv preprint arXiv:2405.07940},
  year={2024}
}

@article{fagni2021tweepfake,
  title={TweepFake: About detecting deepfake tweets},
  author={Fagni, Tiziano and Falchi, Fabrizio and Gambini, Margherita and Martella, Antonio and Tesconi, Maurizio},
  journal={Plos one},
  volume={16},
  number={5},
  pages={e0251415},
  year={2021},
  publisher={Public Library of Science San Francisco, CA USA}
}

@inproceedings{gehrmann2019gltr,
  title={GLTR: Statistical Detection and Visualization of Generated Text},
  author={Gehrmann, Sebastian and Strobelt, Hendrik and Rush, Alexander M},
  booktitle={Proceedings of the 57th Annual Meeting of the Association for Computational Linguistics: System Demonstrations},
  pages={111--116},
  year={2019}
}

@article{guo2023close,
  title={How close is chatgpt to human experts? comparison corpus, evaluation, and detection},
  author={Guo, Biyang and Zhang, Xin and Wang, Ziyuan and Jiang, Minqi and Nie, Jinran and Ding, Yuxuan and Yue, Jianwei and Wu, Yupeng},
  journal={arXiv preprint arXiv:2301.07597},
  year={2023}
}

@inproceedings{ippolito2020automatic,
  title={Automatic Detection of Generated Text is Easiest when Humans are Fooled},
  author={Ippolito, Daphne and Duckworth, Daniel and Callison-Burch, Chris and Eck, Douglas},
  booktitle={Proceedings of the 58th Annual Meeting of the Association for Computational Linguistics},
  pages={1808--1822},
  year={2020}
}

@inproceedings{jawahar2020automatic,
  title={Automatic Detection of Machine Generated Text: A Critical Survey},
  author={Jawahar, Ganesh and Abdul-Mageed, Muhammad and Laks Lakshmanan, VS},
  booktitle={Proceedings of the 28th International Conference on Computational Linguistics},
  pages={2296--2309},
  year={2020}
}

@article{jin2024agentreview,
  title={AgentReview: Exploring Peer Review Dynamics with LLM Agents},
  author={Jin, Yiqiao and Zhao, Qinlin and Wang, Yiyang and Chen, Hao and Zhu, Kaijie and Xiao, Yijia and Wang, Jindong},
  journal={arXiv preprint arXiv:2406.12708},
  year={2024}
}

@article{kuznetsov2024can,
  title={What Can Natural Language Processing Do for Peer Review?},
  author={Kuznetsov, Ilia and Afzal, Osama Mohammed and Dercksen, Koen and Dycke, Nils and Goldberg, Alexander and Hope, Tom and Hovy, Dirk and Kummerfeld, Jonathan K and Lauscher, Anne and Leyton-Brown, Kevin and others},
  journal={arXiv preprint arXiv:2405.06563},
  year={2024}
}

@article{liang2024can,
  title={Can large language models provide useful feedback on research papers? A large-scale empirical analysis},
  author={Liang, Weixin and Zhang, Yuhui and Cao, Hancheng and Wang, Binglu and Ding, Daisy Yi and Yang, Xinyu and Vodrahalli, Kailas and He, Siyu and Smith, Daniel Scott and Yin, Yian and others},
  journal={NEJM AI},
  volume={1},
  number={8},
  pages={AIoa2400196},
  year={2024},
  publisher={Massachusetts Medical Society}
}

@article{liang2024monitoring,
  title={Monitoring ai-modified content at scale: A case study on the impact of chatgpt on ai conference peer reviews},
  author={Liang, Weixin and Izzo, Zachary and Zhang, Yaohui and Lepp, Haley and Cao, Hancheng and Zhao, Xuandong and Chen, Lingjiao and Ye, Haotian and Liu, Sheng and Huang, Zhi and others},
  journal={arXiv preprint arXiv:2403.07183},
  year={2024}
}

@article{liu1907roberta,
  title={RoBERTa: A robustly optimized BERT pretraining approach. arXiv [Preprint](2019)},
  author={Liu, Y and Ott, M and Goyal, N and Du, J and Joshi, M and Chen, D and Levy, O and Lewis, M and Zettlemoyer, L and Stoyanov, V},
  journal={arXiv preprint arXiv:1907.11692},
  year={1907}
}

@article{liu2023reviewergpt,
  title={Reviewergpt? an exploratory study on using large language models for paper reviewing},
  author={Liu, Ryan and Shah, Nihar B},
  journal={arXiv preprint arXiv:2306.00622},
  year={2023}
}

@inproceedings{mitchell2023detectgpt,
  title={Detectgpt: Zero-shot machine-generated text detection using probability curvature},
  author={Mitchell, Eric and Lee, Yoonho and Khazatsky, Alexander and Manning, Christopher D and Finn, Chelsea},
  booktitle={International Conference on Machine Learning},
  pages={24950--24962},
  year={2023},
  organization={PMLR}
}

@inproceedings{mosca2023distinguishing,
  title={Distinguishing Fact from Fiction: A Benchmark Dataset for Identifying Machine-Generated Scientific Papers in the LLM Era.},
  author={Mosca, Edoardo and Abdalla, Mohamed Hesham Ibrahim and Basso, Paolo and Musumeci, Margherita and Groh, Georg},
  booktitle={Proceedings of the 3rd Workshop on Trustworthy Natural Language Processing (TrustNLP 2023)},
  pages={190--207},
  year={2023}
}

@inproceedings{qazi2024gpt,
  title={GPT-generated Text Detection: Benchmark Dataset and Tensor-based Detection Method},
  author={Qazi, Zubair and Shiao, William and Papalexakis, Evangelos E},
  booktitle={Companion Proceedings of the ACM on Web Conference 2024},
  pages={842--846},
  year={2024}
}

@article{santu2024prompting,
  title={Prompting LLMs to Compose Meta-Review Drafts from Peer-Review Narratives of Scholarly Manuscripts},
  author={Santu, Shubhra Kanti Karmaker and Sinha, Sanjeev Kumar and Bansal, Naman and Knipper, Alex and Sarkar, Souvika and Salvador, John and Mahajan, Yash and Guttikonda, Sri and Akter, Mousumi and Freestone, Matthew and others},
  journal={arXiv preprint arXiv:2402.15589},
  year={2024}
}

@article{solaiman2019release,
  title={Release strategies and the social impacts of language models},
  author={Solaiman, Irene and Brundage, Miles and Clark, Jack and Askell, Amanda and Herbert-Voss, Ariel and Wu, Jeff and Radford, Alec and Krueger, Gretchen and Kim, Jong Wook and Kreps, Sarah and others},
  journal={arXiv preprint arXiv:1908.09203},
  year={2019}
}

@inproceedings{su2023detectllm,
  title={DetectLLM: Leveraging Log Rank Information for Zero-Shot Detection of Machine-Generated Text},
  author={Su, Jinyan and Zhuo, Terry Yue and Wang, Di and Nakov, Preslav},
  booktitle={The 2023 Conference on Empirical Methods in Natural Language Processing}
}

@article{sukpanichnant2024peerarg,
  title={PeerArg: Argumentative Peer Review with LLMs},
  author={Sukpanichnant, Purin and Rapberger, Anna and Toni, Francesca},
  journal={arXiv preprint arXiv:2409.16813},
  year={2024}
}

@article{tyser2024ai,
  title={AI-Driven review systems: evaluating LLMs in scalable and bias-aware academic reviews},
  author={Tyser, Keith and Segev, Ben and Longhitano, Gaston and Zhang, Xin-Yu and Meeks, Zachary and Lee, Jason and Garg, Uday and Belsten, Nicholas and Shporer, Avi and Udell, Madeleine and others},
  journal={arXiv preprint arXiv:2408.10365},
  year={2024}
}

@article{tyseropenreviewer,
  title={OpenReviewer: Mitigating Challenges in LLM Reviewing},
  author={Tyser, Keith and Lee, Jason and Shporer, Avi and Udell, Madeleine and Te'eni, Dov and Drori, Iddo}
}

@inproceedings{uchendu2020authorship,
  title={Authorship attribution for neural text generation},
  author={Uchendu, Adaku and Le, Thai and Shu, Kai and Lee, Dongwon},
  booktitle={Proceedings of the 2020 conference on empirical methods in natural language processing (EMNLP)},
  pages={8384--8395},
  year={2020}
}

@article{zellers2019defending,
  title={Defending against neural fake news},
  author={Zellers, Rowan and Holtzman, Ari and Rashkin, Hannah and Bisk, Yonatan and Farhadi, Ali and Roesner, Franziska and Choi, Yejin},
  journal={Advances in neural information processing systems},
  volume={32},
  year={2019}
}

@inproceedings{zhou-etal-2024-llm,
    title = "Is {LLM} a Reliable Reviewer? A Comprehensive Evaluation of {LLM} on Automatic Paper Reviewing Tasks",
    author = "Zhou, Ruiyang  and
      Chen, Lu  and
      Yu, Kai",
    editor = "Calzolari, Nicoletta  and
      Kan, Min-Yen  and
      Hoste, Veronique  and
      Lenci, Alessandro  and
      Sakti, Sakriani  and
      Xue, Nianwen",
    booktitle = "Proceedings of the 2024 Joint International Conference on Computational Linguistics, Language Resources and Evaluation (LREC-COLING 2024)",
    month = may,
    year = "2024",
    address = "Torino, Italia",
    publisher = "ELRA and ICCL",
    url = "https://aclanthology.org/2024.lrec-main.816",
    pages = "9340--9351",
}

