@article{cui2023macta,
  title={Macta: A multi-agent reinforcement learning approach for cache timing attacks and detection},
  author={Cui, Jiaxun and Yang, Xiaomeng},
  journal={ICLR 2023},
  year={2023}
}

@inproceedings{luo2023autocat,
  title={Autocat: Reinforcement learning for automated exploration of cache-timing attacks},
  author={Luo, Mulong and Xiong, Wenjie and Lee, Geunbae and Li, Yueying and Yang, Xiaomeng and Zhang, Amy and Tian, Yuandong and Lee, Hsien-Hsin S and Suh, G Edward},
  booktitle={2023 IEEE International Symposium on High-Performance Computer Architecture (HPCA)},
  pages={317--332},
  year={2023},
  organization={IEEE}
}

@inproceedings{oleksenko2022revizor,
  title={Revizor: Testing black-box CPUs against speculation contracts},
  author={Oleksenko, Oleksii and Fetzer, Christof and K{\"o}pf, Boris and Silberstein, Mark},
  booktitle={Proceedings of the 27th ACM International Conference on Architectural Support for Programming Languages and Operating Systems},
  pages={226--239},
  year={2022}
}

