@inproceedings{Kocher2018spectre,
 author = {Paul Kocher and Jann Horn and Anders Fogh and and Daniel Genkin and Daniel Gruss and Werner Haas and Mike Hamburg and Moritz Lipp and Stefan Mangard and Thomas Prescher and Michael Schwarz and Yuval Yarom},
 title = {Spectre Attacks: Exploiting Speculative Execution},
 booktitle = {40th IEEE Symposium on Security and Privacy (S\&P'19)},
 year = {2019},
}

@article{towers2024gymnasium,
  title={Gymnasium: A standard interface for reinforcement learning environments},
  author={Towers, Mark and Kwiatkowski, Ariel and Terry, Jordan and Balis, John U and De Cola, Gianluca and Deleu, Tristan and Goulao, Manuel and Kallinteris, Andreas and Krimmel, Markus and KG, Arjun and others},
  journal={arXiv preprint arXiv:2407.17032},
  year={2024}
}

@inproceedings{Lipp2018meltdown,
 author = {Moritz Lipp and Michael Schwarz and Daniel Gruss and Thomas Prescher and Werner Haas and Anders Fogh and Jann Horn and Stefan Mangard and Paul Kocher and Daniel Genkin and Yuval Yarom and Mike Hamburg},
 title = {Meltdown: Reading Kernel Memory from User Space},
 booktitle = {27th {USENIX} Security Symposium ({USENIX} Security 18)},
 year = {2018},
}
@inproceedings{oleksenko2022revizor,
  title={Revizor: Testing black-box CPUs against speculation contracts},
  author={Oleksenko, Oleksii and Fetzer, Christof and K{\"o}pf, Boris and Silberstein, Mark},
  booktitle={Proceedings of the 27th ACM International Conference on Architectural Support for Programming Languages and Operating Systems},
  pages={226--239},
  year={2022}
}

@misc{guarnieri2020hardwaresoftwarecontractssecurespeculation,
      title={Hardware-Software Contracts for Secure Speculation}, 
      author={Marco Guarnieri and Boris KÃ¶pf and Jan Reineke and Pepe Vila},
      year={2020},
      eprint={2006.03841},
      archivePrefix={arXiv},
      primaryClass={cs.CR},
      url={https://arxiv.org/abs/2006.03841}, 
}
@inproceedings{moghimi2020medusa,
  title={Medusa: Microarchitectural data leakage via automated attack synthesis},
  author={Moghimi, Daniel and Lipp, Moritz and Sunar, Berk and Schwarz, Michael},
  booktitle={29th USENIX Security Symposium (USENIX Security 20)},
  pages={1427--1444},
  year={2020}
}
@inproceedings{luo2023autocat,
  title={Autocat: Reinforcement learning for automated exploration of cache-timing attacks},
  author={Luo, Mulong and Xiong, Wenjie and Lee, Geunbae and Li, Yueying and Yang, Xiaomeng and Zhang, Amy and Tian, Yuandong and Lee, Hsien-Hsin S and Suh, G Edward},
  booktitle={2023 IEEE International Symposium on High-Performance Computer Architecture (HPCA)},
  pages={317--332},
  year={2023},
  organization={IEEE}
}
@article{cui2023macta,
  title={Macta: A multi-agent reinforcement learning approach for cache timing attacks and detection},
  author={Cui, Jiaxun and Yang, Xiaomeng},
  journal={ICLR 2023},
  year={2023}
}
@inproceedings{hur2022specdoctor,
  title={SpecDoctor: Differential fuzz testing to find transient execution vulnerabilities},
  author={Hur, Jaewon and Song, Suhwan and Kim, Sunwoo and Lee, Byoungyoung},
  booktitle={Proceedings of the 2022 ACM SIGSAC Conference on Computer and Communications Security},
  pages={1473--1487},
  year={2022}
}
@inproceedings{ghaniyoun2021introspectre,
  title={Introspectre: A pre-silicon framework for discovery and analysis of transient execution vulnerabilities},
  author={Ghaniyoun, Moein and Barber, Kristin and Zhang, Yinqian and Teodorescu, Radu},
  booktitle={2021 ACM/IEEE 48th Annual International Symposium on Computer Architecture (ISCA)},
  pages={874--887},
  year={2021},
  organization={IEEE}
}
@inproceedings{fadiheh2020formal,
  title={A formal approach for detecting vulnerabilities to transient execution attacks in out-of-order processors},
  author={Fadiheh, Mohammad Rahmani and M{\"u}ller, Johannes and Brinkmann, Raik and Mitra, Subhasish and Stoffel, Dominik and Kunz, Wolfgang},
  booktitle={2020 57th ACM/IEEE Design Automation Conference (DAC)},
  pages={1--6},
  year={2020},
  organization={IEEE}
}
@article{silver2016mastering,
  title={Mastering the game of Go with deep neural networks and tree search},
  author={Silver, David and Huang, Aja and Maddison, Chris J and Guez, Arthur and Sifre, Laurent and Van Den Driessche, George and Schrittwieser, Julian and Antonoglou, Ioannis and Panneershelvam, Veda and Lanctot, Marc and others},
  journal={nature},
  volume={529},
  number={7587},
  pages={484--489},
  year={2016},
  publisher={Nature Publishing Group}
}
@article{turing1936computable,
  title={On computable numbers, with an application to the Entscheidungsproblem},
  author={Turing, Alan Mathison and others},
  journal={J. of Math},
  volume={58},
  number={345-363},
  pages={5},
  year={1936},
  publisher={Wiley Online Library}
}