@INPROCEEDINGS{1_Avdotin,
  author={Avdotin, Evgeny and Bankov, Dmitry and Khorov, Evgeny and Lyakhov,
          Andrey},
  booktitle={Proc. of IEEE BlackSeaCom}, 
  title={{OFDMA Resource Allocation for Real-Time Applications in IEEE 802.11ax
         Networks}}, 
  year={2019},
  pages={1-3},
  keywords={Delays;Wireless fidelity;Real-time systems;Resource
            management;Uplink},
  doi={10.1109/BlackSeaCom.2019.8812774}
}

@INPROCEEDINGS{1_Bankov,
  author={Bankov, Dmitry and Didenko, Andre and Khorov, Evgeny and Lyakhov,
          Andrey},
  booktitle={Proc. of IEEE ICC}, 
  title={{OFDMA Uplink Scheduling in IEEE 802.11ax Networks}}, 
  year={2018},
  volume={},
  number={},
  pages={1-6},
  keywords={Long Term Evolution;Wireless
            fidelity;Uplink;OFDM;Throughput;Schedules},
  doi={10.1109/ICC.2018.8422767}
}

@INPROCEEDINGS{1_Bhattarai,
  author={Bhattarai, Sudeep and Naik, Gaurang and Park, Jung-Min Jerry},
  booktitle={Proc. of IEEE ICC}, 
  title={{Uplink Resource Allocation in IEEE 802.11ax}}, 
  year={2019},
  pages={1-6},
  keywords={Wireless fidelity;Throughput;Payloads;Resource management;Quality
            of service},
  doi={10.1109/ICC.2019.8761594}
}

@INPROCEEDINGS{1_Inamullah,
    author = {Inamullah, Muhammad and Raman, Bhaskaran and Akhtar, Nadeem},
    title = {{Will My Packet Reach On Time? Deadline-Based Uplink OFDMA
             Scheduling in 802.11ax WLANs}},
    year = {2020},
    publisher = {Association for Computing Machinery},
    doi = {10.1145/3416010.3423232},
    booktitle = {Proc. of the 23rd International ACM Conference on
                 Modeling, Analysis and Simulation of Wireless and Mobile
                 Systems},
    pages = {181â€“189},
    keywords = {wlan, time sensitive networking, scheduling, ofdma, network
                protocol, 802.11ax},
}

@INPROCEEDINGS{1_Naik,
  author={Naik, Gaurang and Bhattarai, Sudeep and Park, Jung-Min},
  booktitle={Proc. of IEEE ICC}, 
  title={{Performance Analysis of Uplink Multi-User OFDMA in IEEE 802.11ax}}, 
  year={2018},
  pages={1-6},
  keywords={Throughput;IEEE 802.11 Standard;Wireless fidelity;Analytical
            models;Computational modeling;Payloads},
  doi={10.1109/ICC.2018.8422692}
}

@ARTICLE{1_Qadri,
    author = {Qadri, Yazdan Ahmad and Zulqarnain and Nauman, Ali and Musaddiq,
              Arslan and Garcia-Villegas, Eduard and Kim, Sung Won},
    title = {{Preparing Wi-Fi 7 for Healthcare Internet-of-Things}},
    journal = {Sensors},
    volume = {22},
    year = {2022},
    number = {16},
    doi = {10.3390/s22166209}
}

@INPROCEEDINGS{1_Schneider,
  author={Schneider, Ben and Chongaroonngamsaeng, Chitiphat and Richerzhagen,
          Bjoern and Bahr, Michael and Carle, Georg},
  booktitle={Proc. of IEEE WFCS},
  title={{Deterministic Channel Access Using MU EDCA in OFDMA-based Wi-Fi
         Networks}},
  year={2023},
  pages={1-4},
  keywords={Communication systems;Simulation;OFDM;IEEE 802.11ax
            Standard;Real-time systems;Production facilities;Delays;OFDMA;MU
            EDCA;EDCA;Wi-Fi;deterministic;real-time;channel
            access;latency;jitter},
  doi={10.1109/WFCS57264.2023.10144244}
}

@INPROCEEDINGS{1_Wang,
  author={Wang, Kaidong and Psounis, Konstantinos},
  booktitle={Proc. of IEEE INFOCOM}, 
  title={{Scheduling and Resource Allocation in 802.11ax}}, 
  year={2018},
  pages={279-287},
  keywords={Bandwidth;Channel capacity;OFDM;Resource
            management;Schedules;Wireless fidelity;Downlink},
  doi={10.1109/INFOCOM.2018.8486204}
}

@INPROCEEDINGS{2_Avdotin,
  author={Avdotin, Evgeny and Bankov, Dmitry and Khorov, Evgeny and Lyakhov,
          Andrey},
  booktitle={Proc. of IEEE PIMRC}, 
  title={{Enabling Massive Real-Time Applications in IEEE 802.11be Networks}}, 
  pages={1-6},
  doi={10.1109/PIMRC.2019.8904271}
}

@INPROCEEDINGS{3_Avdotin,
  author={Avdotin, Evgeny and Bankov, Dmitry and Khorov, Evgeny and Lyakhov,
          Andrey},
  booktitle={Proc. of IEEE BlackSeaCom},
  title={{Resource Allocation Strategies for Real-Time Applications in Wi-Fi 7}},
  year={2020},
  pages={1-6},
  keywords={Wireless fidelity;Uplink;Delays;Resource management;IEEE 802.11ax
            Standard;OFDM;Interference},
  doi={10.1109/BlackSeaCom48709.2020.9234994}
}

@inproceedings{goncalves2023access,
  title={Access Priority Adaptation for Triggered Uplink Channel Access in
         802.11 ax WLANs},
  author={Goncalves, Vinicius Da Silva and Knightly, Edward W},
  booktitle={Proc. of IEEE ICC},
  pages={1061--1067},
  year={2023},
  %organization={IEEE}
}

@article{noh2024joint,
  title={{Joint Optimization on Uplink OFDMA and MU-MIMO for IEEE 802.11 ax:
         Deep Hierarchical Reinforcement Learning Approach}},
  author={Noh, Hyeonho and Lee, Harim and Yang, Hyun Jong},
  journal={IEEE Communications Letters},
  year={2024},
  publisher={IEEE}
}

@article{shao2024access,
  title={Access Optimization in 802.11 ax WLAN for Load Balancing and Competition Avoidance of IPTV Traffic},
  author={Shao, Sujie and Zhang, Linlin and Qi, Fei},
  journal={IEEE Transactions on Broadcasting},
  year={2024},
  publisher={IEEE}
}

@inproceedings{tan2024deep,
  title={{Deep Reinforcement Learning based OFDMA Scheduling for WiFi Networks
         with Coexisting Latency-Sensitive and High-Throughput Services}},
  author={Tan, Qingyu and He, Junjie and Gao, Yayu},
  booktitle={2024 5th ICTC},
  pages={146--150},
  year={2024},
  organization={IEEE}
}

