@inproceedings{Amini2018a,


author = {Amini, Fereshteh and Riche, Nathalie Henry and Lee, Bongshin and Leboe-McGowan, Jason and Irani, Pourang},
booktitle = {Proceedings of the Workshop on Advanced Visual Interfaces, AVI'18},
doi = {10.1145/3206505.3206552},





pages = {1--9},
publisher = {ACM},
title = {{Hooked on data videos: Assessing the effect of animation and pictographs on viewer engagement}},
url = {https://dl.acm.org/doi/10.1145/3206505.3206552},
year = {2018}
}

@inproceedings{Bach2018,


author = {Bach, Benjamin and Wang, Zezhong and Farinella, Matteo and Murray-Rust, Dave and {Henry Riche}, Nathalie},
booktitle = {Proceedings of CHI Conference on Human Factors in Computing Systems, CHI'18},
doi = {10.1145/3173574.3173612},
pages = {1--12},
publisher = {ACM},
title = {{Design Patterns for Data Comics}},
url = {https://dl.acm.org/doi/10.1145/3173574.3173612},
year = {2018}
}

@article{Bach2023,
author = {Bach, Benjamin and Freeman, Euan and Abdul-Rahman, Alfie and Turkay, Cagatay and Khan, Saiful and Fan, Yulei and Chen, Min},
doi = {10.1109/TVCG.2022.3209448},
journal = {IEEE Transactions on Visualization and Computer Graphics},

number = {1},
pages = {342--352},

title = {{Dashboard Design Patterns}},
volume = {29},
year = {2023}
}

@article{Borgo2022,
author = {Cheng, Hao and Wang, Junhong and Wang, Yun and Lee, Bongshin and Zhang, Haidong and Zhang, Dongmei},
doi = {10.1111/cgf.14560},


journal = {Computer Graphics Forum},


number = {3},
pages = {527--539},
title = {{Investigating the Role and Interplay of Narrations and Animations in Data Videos}},
url = {https://onlinelibrary.wiley.com/doi/10.1111/cgf.14560},
volume = {41},
year = {2022}
}

@article{Bradbury2020,

author = {Bradbury, Judd D. and Guadagno, Rosanna E.},
doi = {10.1177/1473871620925071},


journal = {Information Visualization},


number = {4},
pages = {339--352},
title = {{Documentary narrative visualization: Features and modes of documentary film in narrative visualization}},
volume = {19},
year = {2020}
}

@article{Brehmer2017,
author = {Brehmer, Matthew and Lee, Bongshin and Bach, Benjamin and Riche, Nathalie Henry and Munzner, Tamara},
doi = {10.1109/TVCG.2016.2614803},
journal = {IEEE Transactions on Visualization and Computer Graphics},
number = {9},
pages = {2151--2164},

title = {{Timelines Revisited: A Design Space and Considerations for Expressive Storytelling}},
volume = {23},
year = {2017}
}

@article{Cao2020a,

author = {Cao, Ruochen and Dey, Subrata and Cunningham, Andrew and Walsh, James and Smith, Ross T. and Zucco, Joanne E. and Thomas, Bruce H.},
doi = {10.1016/j.visinf.2019.12.002},


journal = {Visual Informatics},


number = {1},
pages = {8--22},
publisher = {Elsevier B.V.},
title = {{Examining the use of narrative constructs in data videos}},
url = {https://doi.org/10.1016/j.visinf.2019.12.002},
volume = {4},
year = {2020}
}

@article{Chen2022,
author = {Chen, Qing and Cao, Shixiong and Wang, Jiazhe and Cao, Nan},
doi = {10.1109/TVCG.2023.3261320},


journal = {IEEE Transactions on Visualization and Computer Graphics},


number = {8},
pages = {4429--4448},
title = {{How Does Automation Shape the Process of Narrative Visualization: A Survey of Tools}},
url = {https://ieeexplore.ieee.org/document/10081398/},
volume = {30},
year = {2024}
}

@inproceedings{Chevalier2016,
author = {Chevalier, Fanny and Riche, Nathalie Henry and Plaisant, Catherine and Chalbi, Amira and Hurter, Christophe},
booktitle = {Proceedings of the Workshop on Advanced Visual Interfaces, AVI'16},
doi = {10.1145/2909132.2909255},
publisher = {ACM},
pages = {280--287},
title = {{Animations 25 years later: New roles and opportunities}},
year = {2016}
}

@inproceedings{Concannon2020,

author = {Concannon, Shauna and Rajan, Natasha and Shah, Parthiv and Smith, Davy and Ursu, Marian and Hook, Jonathan},
booktitle = {Proceedings of CHI Conference on Human Factors in Computing Systems, CHI'20},
doi = {10.1145/3313831.3376462},
pages = {1--14},
publisher = {ACM},
title = {{Brooke Leave Home: Designing a Personalized Film to Support Public Engagement with Open Data}},
year = {2020}
}

@article{Conlen2023,

archivePrefix = {arXiv},
arxivId = {2301.03109},
author = {Conlen, Matthew and Heer, Jeffrey and Mushkin, Hillary and Davidoff, Scott},
eprint = {2301.03109},

journal = {arXiv},

pages = {1--13},
title = {{Cinematic Techniques in Narrative Visualization}},
year = {2023}
}

@article{Dasu2024,
author = {Dasu, Keshav and Kuo, Yun Hsin and Ma, Kwan Liu},
doi = {10.1109/TVCG.2023.3326578},
journal = {IEEE Transactions on Visualization and Computer Graphics},
number = {1},
pages = {98--108},

title = {{Character-Oriented Design for Visual Data Storytelling}},
volume = {30},
year = {2024}
}

@inproceedings{Hao2024,
author = {Hao, Shan and Wang, Zezhong and Bach, Benjamin and Pschetz, Larissa},
booktitle = {Proceedings of the CHI Conference on Human Factors in Computing Systems, CHI'24},
doi = {10.1145/3613904.3641916},
pages = {1--16},
publisher = {ACM},
title = {{Design Patterns for Data-Driven News Articles}},
url = {https://dl.acm.org/doi/10.1145/3613904.3641916},
year = {2024}
}

@inproceedings{Lan2021a,
author = {Lan, Xingyu and Xu, Xinyue and Cao, Nan},
booktitle = {Proceedings of CHI Conference on Human Factors in Computing Systems, CHI'21},
doi = {10.1145/3411764.3445344},
publisher = {ACM},
title = {{Understanding narrative linearity for telling expressive time-oriented stories}},
year = {2021}
}

@article{Lan2023,
author = {Lan, Xingyu and Wu, Yanqiu and Cao, Nan},
doi = {10.1109/TVCG.2023.3327385},

journal = {IEEE Transactions on Visualization and Computer Graphics},
number = {1},
pages = {1--11},
title = {{Affective Visualization Design: Leveraging the Emotional Impact of Data}},
volume = {30},
year = {2024}
}

@article{Lee2015,

author = {Lee, Bongshin and Riche, Nathalie Henry and Isenberg, Petra and Carpendale, Sheelagh},
doi = {10.1109/MCG.2015.99},


journal = {IEEE Computer Graphics and Applications},


number = {5},
pages = {84--90},

publisher = {IEEE},
title = {{More Than Telling a Story: Transforming Data into Visually Shared Stories}},
volume = {35},
year = {2015}
}

@inproceedings{Li2023c,
author = {Li, Haotian and Wang, Yun and Qu, Huamin},
booktitle = {Proceedings of CHI Conference on Human Factors in Computing Systems, CHI'24},

doi = {10.1145/3613904.3642726},
pages = {1--28},
publisher = {ACM},
title = {{Where Are We So Far? Understanding Data Storytelling Tools from the Perspective of Human-AI Collaboration}},
year = {2024}
}

@article{Mittenentzwei2023a,

author = {Mittenentzwei, S. and Wei{\ss}, V. and Schreiber, S. and Garrison, L. A. and Bruckner, S. and Pfister, M. and Preim, B. and Meuschke, M.},
doi = {10.1111/cgf.14817},


journal = {Computer Graphics Forum},


number = {3},
pages = {123--135},
title = {{Do Disease Stories Need a Hero? Effects of Human Protagonists on a Narrative Visualization about Cerebral Small Vessel Disease}},
volume = {42},
year = {2023}
}

@article{Ren2023,
author = {Ren, Pengkun and Wang, Yi and Zhao, Fan},
doi = {10.1007/s44267-023-00011-0},

journal = {Visual Intelligence},
number = {1},
pages = {1--10},
publisher = {Springer},
title = {{Re-understanding of data storytelling tools from a narrative perspective}},
url = {http://dx.doi.org/10.1007/s44267-023-00011-0},
volume = {1},
year = {2023}
}

@book{Riche2018,

editor = {Riche, Nathalie Henry and Hurter, Christophe and Diakopoulos, Nicholas and Carpendale, Sheelagh},
publisher = {CRC Press},
title = {{Data-Driven Storytelling}},
year = {2018}
}

@inproceedings{Sakamoto2022,

author = {Sakamoto, Yumiko and Sallam, Samar and Salo, Aaron and Leboe-McGowan, Jason and Irani, Pourang},
booktitle = {Proceedings of 2022 IEEE 15th Pacific Visualization Symposium, PacificVis'22},
doi = {10.1109/PacificVis53943.2022.00028},






pages = {176--180},
publisher = {IEEE},
title = {{Persuasive Data Storytelling with a Data Video during Covid-19 Infodemic: Affective Pathway to Influence the Users' Perception about Contact Tracing Apps in less than 6 Minutes}},
url = {https://ieeexplore.ieee.org/document/9787913/},
year = {2022}
}

@inproceedings{Sallam2022,

author = {Sallam, Samar and Sakamoto, Yumiko and Leboe-McGowan, Jason and Latulipe, Celine and Irani, Pourang},
booktitle = {Proceedings of CHI Conference on Human Factors in Computing Systems, CHI'22},
doi = {10.1145/3491102.3517727},
pages = {1--22},
publisher = {ACM},
title = {{Towards Design Guidelines for Effective Health-Related Data Videos: An Empirical Investigation of Affect, Personality, and Video Content}},
url = {https://dl.acm.org/doi/10.1145/3491102.3517727},
year = {2022}
}

@article{Segel2010,
author = {Segel, Edward and Heer, Jeffrey},
doi = {10.1109/TVCG.2010.179},
journal = {IEEE Transactions on Visualization and Computer Graphics},
number = {6},
pages = {1139--1148},
publisher = {IEEE},
title = {{Narrative visualization: Telling stories with data}},
volume = {16},
year = {2010}
}

@article{Shi2023,

author = {Shi, Yang and Gao, Tian and Jiao, Xiaohan and Cao, Nan},
doi = {10.1145/3610217},


journal = {Proceedings of the ACM on Human-Computer Interaction},


number = {CSCW2},
pages = {1--35},
title = {{Understanding Design Collaboration Between Designers and Artificial Intelligence: A Systematic Literature Review}},
url = {https://dl.acm.org/doi/10.1145/3610217},
volume = {7},
year = {2023}
}

@article{Shu2020,
author = {Shu, Xinhuan and Wu, Aoyu and Tang, Junxiu and Bach, Benjamin and Wu, Yingcai and Qu, Huamin},
doi = {10.1109/TVCG.2020.3030396},
journal = {IEEE Transactions on Visualization and Computer Graphics},
number = {2},
pages = {1492--1502},
title = {{What Makes a Data-GIF Understandable?}},
url = {https://ieeexplore.ieee.org/document/9222309/},
volume = {27},
year = {2021}
}

@inproceedings{Tang2020,

author = {Tang, Junxiu and Yu, Lingyun and Tang, Tan and Shu, Xinhuan and Ying, Lu and Zhou, Yuhua and Ren, Peiran and Wu, Yingcai},
booktitle = {2020 IEEE Visualization Conference (VIS)},
doi = {10.1109/VIS47514.2020.00037},

pages = {151--155},
publisher = {IEEE},
title = {{Narrative Transitions in Data Videos}},
url = {https://ieeexplore.ieee.org/document/9331289/},
year = {2020}
}

@article{Tong2018,
author = {Tong, Chao and Roberts, Richard and Borgo, Rita and Walton, Sean and Laramee, Robert S. and Wegba, Kodzo and Lu, Aidong and Wang, Yun and Qu, Huamin and Luo, Qiong and Ma, Xiaojuan},
doi = {10.3390/info9030065},


journal = {Information (Switzerland)},


number = {3},
pages = {1--42},
title = {{Storytelling and visualization: An extended survey}},
volume = {9},
year = {2018}
}

@article{Wang2020c,
archivePrefix = {arXiv},
arxivId = {2012.00467},
author = {Wang, Qianwen and Chen, Zhutian and Wang, Yong and Qu, Huamin},
doi = {10.1109/TVCG.2021.3106142},


journal = {IEEE Transactions on Visualization and Computer Graphics},


number = {12},
pages = {5134--5153},

title = {{A Survey on ML4VIS: Applying Machine Learning Advances to Data Visualization}},
url = {https://ieeexplore.ieee.org/document/9523770/},
volume = {28},
year = {2022}
}

@article{Wei2024,
author = {Wei, Zheng and Qu, Huamin and Xu, Xian},
doi = {10.1109/TVCG.2024.3456330},
journal = {IEEE Transactions on Visualization and Computer Graphics},
pages = {1--11},
publisher = {IEEE},
title = {{Telling Data Stories with the Hero's Journey: Design Guidance for Creating Data Videos}},
url = {https://ieeexplore.ieee.org/document/10670568/},
year = {2024}
}

@article{Wu2021d,
author = {Wu, Aoyu and Wang, Yun and Shu, Xinhuan and Moritz, Dominik and Cui, Weiwei and Zhang, Haidong and Zhang, Dongmei and Qu, Huamin},
doi = {10.1109/TVCG.2021.3099002},
journal = {IEEE Transactions on Visualization and Computer Graphics},
number = {12},
pages = {5049--5070},
publisher = {IEEE},
title = {{AI4VIS: Survey on Artificial Intelligence Approaches for Data Visualization}},
url = {https://ieeexplore.ieee.org/document/9495259/},
volume = {28},
year = {2022}
}

@inproceedings{Xu2022,
author = {Xu, Xian and Yang, Leni and Yip, David and Fan, Mingming and Wei, Zheng and Qu, Huamin},
booktitle = {Proceedings of 2022 Conference on Human Factors in Computing Systems, CHI'22},
doi = {10.1145/3491102.3501896},
pages = {1--20},
publisher = {ACM},
title = {{From 'Wow' to 'Why': Guidelines for Creating the Opening of a Data Video with Cinematic Styles}},
url = {https://dl.acm.org/doi/10.1145/3491102.3501896},
year = {2022}
}

@inproceedings{Xu2023b,
author = {Xu, Xian and Wu, Aoyu and Yang, Leni and Wei, Zheng and Huang, Rong and Yip, David and Qu, Huamin},
booktitle = {Proceedings of the 2023 CHI Conference on Human Factors in Computing Systems, CHI'23},
doi = {10.1145/3544548.3580701},


pages = {1--16},
publisher = {ACM},
title = {{Is It the End? Guidelines for Cinematic Endings in Data Videos}},
url = {https://dl.acm.org/doi/10.1145/3544548.3580701},
year = {2023}
}

@article{Yang2022a,

author = {Yang, Leni and Xu, Xian and Lan, Xing Yu and Liu, Ziyan and Guo, Shunan and Shi, Yang and Qu, Huamin and Cao, Nan},
doi = {10.1109/TVCG.2021.3114774},


journal = {IEEE Transactions on Visualization and Computer Graphics},


number = {1},
pages = {922--932},

title = {{A Design Space for Applying the Freytag's Pyramid Structure to Data Stories}},
volume = {28},
year = {2022}
}

@article{Yang2023a,

author = {Yang, Leni and Wu, Aoyu and Tong, Wai and Xu, Xian and Wei, Zheng and Qu, Huamin},
doi = {10.1109/PacificVis56936.2023.00029},



journal = {IEEE Pacific Visualization Symposium},


pages = {197--206},
title = {{Understanding 3D Data Videos: From Screens to Virtual Reality}},
volume = {2023-April},
year = {2023}
}

@article{Yao2022,

author = {Yao, Lijie and Bezerianos, Anastasia and Vuillemot, Romain and Isenberg, Petra},
doi = {10.1109/TVCG.2022.3184993},


journal = {IEEE Transactions on Visualization and Computer Graphics},


number = {10},
pages = {3546--3562},

publisher = {IEEE},
title = {{Visualization in Motion: A Research Agenda and Two Evaluations}},
volume = {28},
year = {2022}
}

@article{Zhao2023a,

author = {Zhao, Zhenpeng and Elmqvist, Niklas},
doi = {10.1109/MCG.2023.3269850},


journal = {IEEE Computer Graphics and Applications},

number = {4},
pages = {97--110},

publisher = {IEEE},
title = {{The Stories We Tell About Data: Surveying Data-Driven Storytelling Using Visualization}},
volume = {43},
year = {2023}
}

