@ArtifactSoftware{premiere,
    title = {Premiere Pro},
    author = {{Adobe Inc.}},
    year = {2024},
    url = {https://www.adobe.com/products/premiere.html}
}

@ArtifactSoftware{aftereffects,
    title = {After Effects},
    author = {{Adobe Inc.}},
    year = {2024},
    url = {https://www.adobe.com/products/aftereffects.html}
}


@ArtifactSoftware{imovie,
    title = {iMovie},
    author = {{Apple Inc.}},
    year = {2024},
    url = {https://www.apple.com/imovie/index.html}
}


@ArtifactSoftware{powerpoint,
    title = {PowerPoint Recording},
    author = {{Microsoft Inc.}},
    year = {2024},
    url = {https://support.microsoft.com/office/record-a-presentation-2570dff5-f81c-40bc-b404-e04e95ffab33}
}

@ArtifactSoftware{flourish,
title = {Beautiful and easy data visualization and storytelling},
    author = {{Flourish}},
    year = {2024},
    url = {https://flourish.studio/}
}

@ArtifactSoftware{Gapminder,
title = {A fact-based worldview},
    author = {Hans Rosling},
    year = {2020},
    url = {https://www.gapminder.org/}
}

@ArtifactSoftware{Dubai,
title = {Data Video about Dubai's Plan to Outlive Oil},
    author = {PolyMatter},
    year = {2018},
    url = {https://www.youtube.com/watch?v=-dsM8zPGqa0}
}


@ArtifactSoftware{Rosling,
title = {The best stats you've ever seen},
    author = {Gapminder},
    year = {2024},
    url = {https://www.youtube.com/watch?v=hVimVzgtD6w}
}

@online{fantasia,
author={{The Walt Disney Company}},
year={2024},
title={Microsoft PowerPoint Recording},
url={https://youtu.be/r7gLlIv4ito},
  lastaccessed = {Sep 4, 2024}
}

@online{active,
author={Statista},
year={2024},
title={Most popular social networks worldwide as of April 2024, by number of monthly active users },
url={https://www.statista.com/statistics/272014/global-social-networks-ranked-by-number-of-users/},
lastaccessed = {Sep 5, 2024}
}




@inproceedings{Bach2018,


author = {Bach, Benjamin and Wang, Zezhong and Farinella, Matteo and Murray-Rust, Dave and {Henry Riche}, Nathalie},
booktitle = {Proceedings of CHI Conference on Human Factors in Computing Systems, CHI'18},
doi = {10.1145/3173574.3173612},
pages = {1--12},
publisher = {ACM},
title = {{Design Patterns for Data Comics}},
url = {https://dl.acm.org/doi/10.1145/3173574.3173612},
year = {2018}
}

@article{Bach2023,
author = {Bach, Benjamin and Freeman, Euan and Abdul-Rahman, Alfie and Turkay, Cagatay and Khan, Saiful and Fan, Yulei and Chen, Min},
doi = {10.1109/TVCG.2022.3209448},
journal = {IEEE Transactions on Visualization and Computer Graphics},

number = {1},
pages = {342--352},

title = {{Dashboard Design Patterns}},
volume = {29},
year = {2023}
}

@inproceedings{Tang2020,

author = {Tang, Junxiu and Yu, Lingyun and Tang, Tan and Shu, Xinhuan and Ying, Lu and Zhou, Yuhua and Ren, Peiran and Wu, Yingcai},
booktitle = {2020 IEEE Visualization Conference (VIS)},
doi = {10.1109/VIS47514.2020.00037},

pages = {151--155},
publisher = {IEEE},
title = {{Narrative Transitions in Data Videos}},
url = {https://ieeexplore.ieee.org/document/9331289/},
year = {2020}
}
@inproceedings{Fisher2021,

author = {Fisher, Jacob and Chang, Remco and Wu, Eugene},
booktitle = {2021 IEEE Visualization Conference (VIS)},
doi = {10.1109/VIS49827.2021.9623319},

pages = {116--120},
publisher = {IEEE},
title = {{Automatic Y-axis Rescaling in Dynamic Visualizations}},
url = {https://ieeexplore.ieee.org/document/9623319/},
year = {2021}
}
@article{Gomez2023,

author = {Herath, Anuradha and Sallam, Samar and Vuradi, Tanvi and Sakamoto, Yumiko and Gomez, Randy and Irani, Pourang},
doi = {10.1145/3623809.3623970},
journal = {ACM International Conference Proceeding Series},
number = {3},
pages = {476--478},
title = {{Presenting Data with Social Robots: An Exploration into Conveying Data Videos using an Artificial Physical Narrator}},
year = {2023}
}
@article{Ao2023,

archivePrefix = {arXiv},
arxivId = {2303.14613},
author = {Ao, Tenglong and Zhang, Zeyi and Liu, Libin},
doi = {10.1145/3592097},
eprint = {2303.14613},


journal = {ACM Transactions on Graphics},
number = {4},
publisher = {Association for Computing Machinery},
title = {{GestureDiffuCLIP: Gesture Diffusion Model with CLIP Latents}},
url = {http://arxiv.org/abs/2303.14613},
volume = {42},
year = {2023}
}
@article{Zhang2023,

archivePrefix = {arXiv},
arxivId = {2309.14642},
author = {Zhang, Sharon and Ma, Jiaju and Wu, Jiajun and Ritchie, Daniel and Agrawala, Maneesh},
doi = {10.1145/3618316},
eprint = {2309.14642},


journal = {ACM Transactions on Graphics},


number = {6},
title = {{Editing Motion Graphics Video via Motion Vectorization and Transformation}},
volume = {42},
year = {2023}
}
@article{Tang2022,

author = {Tang, Tan and Tang, Junxiu and Lai, Jiewen and Ying, Lu and Wu, Yingcai and Yu, Lingyun and Ren, Peiran},
doi = {10.1145/3484506},


journal = {ACM Transactions on Interactive Intelligent Systems},


number = {1},
pages = {1--21},
title = {{SmartShots: An Optimization Approach for Generating Videos with Data Visualizations Embedded}},
url = {https://dl.acm.org/doi/10.1145/3484506},
volume = {12},
year = {2022}
}
@article{Guo2023,

archivePrefix = {arXiv},
arxivId = {2304.03126},
author = {Guo, Yi and Cao, Nan and Cai, Ligan and Wu, Yanqiu and Weiskopf, Daniel and Shi, Danqing and Chen, Qing},
doi = {10.3390/app13179709},
eprint = {2304.03126},


journal = {Applied Sciences (Switzerland)},


number = {17},
title = {{Datamator: An Authoring Tool for Creating Datamations via Data Query Decomposition}},
url = {http://arxiv.org/abs/2304.03126},
volume = {13},
year = {2023}
}
@article{wonderflow,
author = {Wang, Yun and Shen, Leixian and You, Zhengxin and Shu, Xinhuan and Lee, Bongshin and Thompson, John and Zhang, Haidong and Zhang, Dongmei},
doi = {10.1109/TVCG.2024.3411575},
journal = {IEEE Transactions on Visualization and Computer Graphics},
pages = {1--17},
title = {{WonderFlow: Narration-Centric Design of Animated Data Videos}},
url = {https://ieeexplore.ieee.org/document/10552427/},
year = {2024}
}
@book{Riche2018,

editor = {Riche, Nathalie Henry and Hurter, Christophe and Diakopoulos, Nicholas and Carpendale, Sheelagh},
publisher = {CRC Press},
title = {{Data-Driven Storytelling}},
year = {2018}
}

@article{Hullman2013a,
author = {Hullman, Jessica and Drucker, Steven and {Henry Riche}, Nathalie and Lee, Bongshin and Fisher, Danyel and Adar, Eytan},
journal = {IEEE Transactions on Visualization and Computer Graphics},
number = {12},
pages = {2406--2415},
publisher = {IEEE},
doi = {10.1109/TVCG.2013.119},
title = {{A deeper understanding of sequence in narrative visualization}},
volume = {19},
year = {2013}
}

@article{Gershon2001,

author = {Gershon, Nahum and Page, Ward},
doi = {10.1145/381641.381653},
journal = {Communications of the ACM},

number = {8},
pages = {31--37},
title = {{What storytelling can do for information visualization}},
volume = {44},
year = {2001}
}


@inproceedings{Kazi2014,

author = {Kazi, Rubaiat Habib and Chevalier, Fanny and Grossman, Tovi and Zhao, Shengdong and Fitzmaurice, George},
booktitle = {Proceedings of the SIGCHI Conference on Human Factors in Computing Systems, CHI'14},
doi = {10.1145/2556288.2556987},

pages = {351--360},
publisher = {ACM},
title = {{Draco: Bringing life to illustrations with kinetic textures}},
url = {https://dl.acm.org/doi/10.1145/2556288.2556987},
year = {2014}
}

@inproceedings{Siu2022,
author = {Siu, Alexa and {S-H Kim}, Gene and O'Modhrain, Sile and Follmer, Sean},
booktitle = {Proceedings of Conference on Human Factors in Computing Systems, CHI'22},
doi = {10.1145/3491102.3517678},




pages = {1--19},
publisher = {ACM},
title = {{Supporting Accessible Data Visualization Through Audio Data Narratives}},
url = {https://dl.acm.org/doi/10.1145/3491102.3517678},
year = {2022}
}


@inproceedings{Shen2024a,
author = {Shen, Leixian and Li, Haotian and Wang, Yun and Qu, Huamin},
booktitle = {IEEE VIS 2024 Workshop on Data Storytelling in an Era of Generative AI (GEN4DS)},
doi = {10.1109/GEN4DS63889.2024.00008},
pages = {20--27},
publisher = {IEEE},
title = {{From Data to Story: Towards Automatic Animated Data Video Creation with LLM-Based Multi-Agent Systems}},
year = {2024}
}


@article{Li2021c,

archivePrefix = {arXiv},
arxivId = {2106.14313},
author = {Li, Wenchao and Wang, Yun and Huang, He and Cui, Weiwei and Zhang, Haidong and Qu, Huamin and Zhang, Dongmei},
eprint = {2106.14313},

journal = {arxiv},


pages = {1--25},
publisher = {Association for Computing Machinery},
title = {{AniVis: Generating Animated Transitions Between Statistical Charts with a Tree Model}},
year = {2021}
}
@article{Tseng2024,
archivePrefix = {arXiv},
arxivId = {2402.06071},
author = {Tseng, Tiffany and Cheng, Ruijia and Nichols, Jeffrey},
eprint = {2402.06071},
journal = {arXiv},
pages = {1--31},
title = {{Keyframer: Empowering Animation Design using Large Language Models}},
year = {2024}
}
@article{Conlen2023,

archivePrefix = {arXiv},
arxivId = {2301.03109},
author = {Conlen, Matthew and Heer, Jeffrey and Mushkin, Hillary and Davidoff, Scott},
eprint = {2301.03109},

journal = {arXiv},

pages = {1--13},
title = {{Cinematic Techniques in Narrative Visualization}},
year = {2023}
}
@article{Schroder2023,

archivePrefix = {arXiv},
arxivId = {2312.01164},
author = {Schr{\"{o}}der, Kay and Eberhardt, Wiebke and Belavadi, Poornima and Ajdadilish, Batoul and van Haften, Nanette and Overes, Ed and Brouns, Taryn and Valdez, Andr{\'{e}} Calero},
eprint = {2312.01164},

journal = {arXiv},

pages = {1--25},
title = {{Telling stories with data -- A systematic review}},

year = {2023}
}
@article{Conlen2022,

archivePrefix = {arXiv},
arxivId = {2205.09858},
author = {Conlen, Matthew and Heer, Jeffrey},
eprint = {2205.09858},

journal = {arXiv},

pages = {1--12},
title = {{Fidyll: A Compiler for Cross-Format Data Stories {\&} Explorable Explanations}},
year = {2022}
}
@article{Zhao2022,

archivePrefix = {arXiv},
arxivId = {2210.08175},
author = {Zhao, Zhenpeng and Elmqvist, Niklas},
eprint = {2210.08175},

journal = {arXiv},


pages = {1--16},
title = {{DataTV: Streaming Data Videos for Storytelling}},
year = {2022}
}
@inproceedings{Hube2022,


author = {Hube, Natalie and Vidackovic, Kresimir and Sedlmair, Michael},
booktitle = {CHI Conference on Human Factors in Computing Systems Extended Abstracts},
doi = {10.1145/3491101.3519822},





pages = {1--7},
publisher = {ACM},
title = {{Using Expressive Avatars to Increase Emotion Recognition: A Pilot Study}},
url = {https://dl.acm.org/doi/10.1145/3491101.3519822},
year = {2022}
}
@article{Ren2017,

author = {Ren, Donghao and Lee, Bongshin and H{\"{o}}llerer, Tobias},
doi = {10.1111/cgf.13178},


journal = {Computer Graphics Forum},


number = {3},
pages = {179--188},
title = {{Stardust: Accessible and Transparent GPU Support for Information Visualization Rendering}},
volume = {36},
year = {2017}
}
@article{Zhi2019,

author = {Zhi, Qiyu and Ottley, Alvitta and Metoyer, Ronald},
doi = {10.1111/cgf.13719},


journal = {Computer Graphics Forum},


number = {3},
pages = {675--685},
title = {{Linking and layout: Exploring the integration of text and visualization in storytelling}},
volume = {38},
year = {2019}
}
@article{Ge2020,

author = {Ge, Tong and Zhao, Yue and Lee, Bongshin and Ren, Donghao and Chen, Baoquan and Wang, Yunhai},
doi = {10.1111/cgf.14005},


journal = {Computer Graphics Forum},


number = {3},
pages = {607--617},
title = {{Canis: A High-Level Language for Data-Driven Chart Animations}},
volume = {39},
year = {2020}
}
@article{Conlen2019,

author = {Conlen, Matthew and Kale, Alex and Heer, Jeffrey},
doi = {10.1111/cgf.13720},


journal = {Computer Graphics Forum},


number = {3},
pages = {687--698},
title = {{Capture {\&} analysis of active reading behaviors for interactive articles on the web}},
volume = {38},
year = {2019}
}
@article{Borgo2022,
author = {Cheng, Hao and Wang, Junhong and Wang, Yun and Lee, Bongshin and Zhang, Haidong and Zhang, Dongmei},
doi = {10.1111/cgf.14560},


journal = {Computer Graphics Forum},


number = {3},
pages = {527--539},
title = {{Investigating the Role and Interplay of Narrations and Animations in Data Videos}},
url = {https://onlinelibrary.wiley.com/doi/10.1111/cgf.14560},
volume = {41},
year = {2022}
}
@article{Mittenentzwei2023a,

author = {Mittenentzwei, S. and Wei{\ss}, V. and Schreiber, S. and Garrison, L. A. and Bruckner, S. and Pfister, M. and Preim, B. and Meuschke, M.},
doi = {10.1111/cgf.14817},


journal = {Computer Graphics Forum},


number = {3},
pages = {123--135},
title = {{Do Disease Stories Need a Hero? Effects of Human Protagonists on a Narrative Visualization about Cerebral Small Vessel Disease}},
volume = {42},
year = {2023}
}
@article{Kong2017a,

author = {Kong, Ha Kyung and Liu, Zhicheng and Karahalios, Karrie},
doi = {10.1111/cgf.13207},


journal = {Computer Graphics Forum},


number = {3},
pages = {515--525},
title = {{Internal and External Visual Cue Preferences for Visualizations in Presentations}},
volume = {36},
year = {2017}
}
@article{McKenna2017,
author = {McKenna, S. and {Henry Riche}, N. and Lee, B. and Boy, J. and Meyer, M.},
doi = {10.1111/cgf.13195},


journal = {Computer Graphics Forum},


number = {3},
pages = {377--387},
title = {{Visual Narrative Flow: Exploring Factors Shaping Data Visualization Story Reading Experiences}},
url = {https://onlinelibrary.wiley.com/doi/10.1111/cgf.13195},
volume = {36},
year = {2017}
}
@article{Yu2010,

author = {Yu, Li and Lu, Aidong and Ribarsky, William and Chen, Wei},
doi = {10.1111/j.1467-8659.2010.01816.x},


journal = {Computer Graphics Forum},

number = {7},
pages = {2271--2280},
title = {{Automatic animation for time-varying data visualization}},
volume = {29},
year = {2010}
}
@article{Wang2021d,

author = {Wang, Yun and Gao, Yi and Huang, Ray and Cui, Weiwei and Zhang, Haidong and Zhang, Dongmei},
doi = {10.1111/cgf.14325},


journal = {Computer Graphics Forum},


number = {3},
pages = {507--518},
title = {{Animated Presentation of Static Infographics with InfoMotion}},
volume = {40},
year = {2021}
}
@article{Garreton2023,

author = {Garreton, M. and Morini, F. and {Paz Moyano}, D. and Gr{\"{u}}n, G. C. and Parra, D. and D{\"{o}}rk, M.},
doi = {10.1111/cgf.14815},


journal = {Computer Graphics Forum},


number = {3},
pages = {99--110},
title = {{Data Stories of Water: Studying the Communicative Role of Data Visualizations within Long-form Journalism}},
volume = {42},
year = {2023}
}
@article{Shi2021a,

author = {Shi, Danqing and Sun, Fuling and Xu, Xinyue and Lan, Xingyu and Gotz, David and Cao, Nan},
doi = {10.1111/cgf.14324},


journal = {Computer Graphics Forum},



number = {3},
pages = {495--505},
title = {{AutoClips: An Automatic Approach to Video Generation from Data Facts}},
url = {https://onlinelibrary.wiley.com/doi/10.1111/cgf.14324},
volume = {40},
year = {2021}
}
@article{Kim2019c,

author = {Kim, Younghoon and Correll, Michael and Heer, Jeffrey},
doi = {10.1111/cgf.13709},


journal = {Computer Graphics Forum},


number = {3},
pages = {541--551},
title = {{Designing animated transitions to convey aggregate operations}},
volume = {38},
year = {2019}
}
@article{Thompson2020,
author = {Thompson, John and Liu, Zhicheng and Li, Wilmot and Stasko, John},
doi = {10.1111/cgf.13974},
journal = {Computer Graphics Forum},


number = {3},
pages = {207--218},
title = {{Understanding the Design Space and Authoring Paradigms for Animated Data Graphics}},
volume = {39},
year = {2020}
}


@article{Mittenentzwei2023,
author = {Mittenentzwei, Sarah and Garrison, Laura A. and M{\"{o}}rth, Eric and Lawonn, Kai and Bruckner, Stefan and Preim, Bernhard and Meuschke, Monique},
doi = {10.1016/j.cag.2023.06.011},

journal = {Computers {\&} Graphics},

pages = {229--238},
publisher = {Elsevier Ltd.},
title = {{Investigating user behavior in slideshows and scrollytelling as narrative genres in medical visualization}},
url = {https://doi.org/10.1016/j.cag.2023.06.011 https://linkinghub.elsevier.com/retrieve/pii/S0097849323001061},
volume = {114},
year = {2023}
}
@inproceedings{Chen2023d,

archivePrefix = {arXiv},
arxivId = {2303.03476},
author = {Chen, Zhutian and Yang, Qisen and Shan, Jiarui and Lin, Tica and Beyer, Johanna and Xia, Haijun and Pfister, Hanspeter},
booktitle = {Proceedings of the 2023 CHI Conference on Human Factors in Computing Systems, CHI'23},
doi = {10.1145/3544548.3581266},
pages = {1--18},
publisher = {ACM},
title = {{iBall: Augmenting Basketball Videos with Gaze-moderated Embedded Visualizations}},
url = {https://dl.acm.org/doi/10.1145/3544548.3581266},
year = {2023}
}

@article{Truong2021,
author = {Truong, Anh and Chi, Peggy and Salesin, David and Essa, Irfan and Agrawala, Maneesh},
doi = {10.1145/3411764.3445721},


journal = {Conference on Human Factors in Computing Systems - Proceedings},


title = {{Automatic generation of two-level hierarchical tutorials from instructional makeup videos}},
year = {2021}
}
@article{Conlen2018,
author = {Conlen, Matthew and Stalla, Sara and Jin, Chelly and Hendrie, Maggie and Mushkin, Hillary and Lombeyda, Santiago and Davidoff, Scott},
doi = {10.1145/3173574.3173712},
journal = {Conference on Human Factors in Computing Systems - Proceedings},
pages = {1--7},
title = {{Towards design principles for visual analytics in operations contexts}},
volume = {2018-April},
year = {2018}
}
@article{Lee2020,
author = {Lee, Bridjet and Muldner, Kasia},
doi = {10.1145/3313831.3376845},

journal = {Conference on Human Factors in Computing Systems - Proceedings},


pages = {1--12},
title = {{Instructional Video Design: Investigating the Impact of Monologue- and Dialogue-style Presentations}},
year = {2020}
}
@article{Mendez2016,

author = {M{\'{e}}ndez, Gonzalo Gabriel and Nacenta, Miguel A. and Vandenheste, Sebastien},
doi = {10.1145/2858036.2858435},
journal = {Conference on Human Factors in Computing Systems - Proceedings},
pages = {4073--4085},
title = {{iVoLVER: Interactive visual language for visualization extraction and reconstruction}},
year = {2016}
}
@article{Liccardi2016,

author = {Liccardi, Ilaria and Abdul-Rahman, Alfie and Chen, Min},
doi = {10.1145/2858036.2858272},
journal = {Conference on Human Factors in Computing Systems - Proceedings},
pages = {1--12},
title = {{I know where you live: Inferring details of people's lives by visualizing publicly shared location data}},
year = {2016}
}
@article{Xingyu2023,

author = {Xingyu, Bruce and Kirilyuk, Vladimir and Yuan, Xiuxiu and Olwal, Alex and Chi, Peggy and Chen, Xiang Anthony and Du, Ruofei},
doi = {10.1145/3544548.3581566},


journal = {Conference on Human Factors in Computing Systems - Proceedings},


title = {{Visual Captions: Augmenting Verbal Communication with On-the-fly Visuals}},
year = {2023}
}
@article{Curran2019,

author = {Curran, Max T. and Gordon, Jeremy Raboff and Lin, Lily and Sridhar, Priyashri Kamlesh and Chuang, John},
doi = {10.1145/3290605.3300844},


journal = {Conference on Human Factors in Computing Systems - Proceedings},


pages = {1--13},
title = {{Understanding digitally-mediated empathy: An exploration of visual, narrative, and biosensory informational cues}},
year = {2019}
}
@article{Amin2022,

author = {Amin, Akhter Al and Hassan, Saad and Lee, Sooyeon and Huenerfauth, Matt},
doi = {10.1145/3491102.3517681},
journal = {Conference on Human Factors in Computing Systems - Proceedings},
title = {{Watch It, Don't Imagine It: Creating a Better Caption-Occlusion Metric by Collecting More Ecologically Valid Judgments from DHH Viewers}},
year = {2022}
}
@inproceedings{Pu2021,

author = {Pu, Xiaoying and Kross, Sean and Hofman, Jake M. and Goldstein, Daniel G.},
booktitle = {Proceedings of the 2021 CHI Conference on Human Factors in Computing Systems, CHI'21},
doi = {10.1145/3411764.3445063},
pages = {1--14},
publisher = {ACM},
title = {{Datamations: Animated Explanations of Data Analysis Pipelines}},
url = {https://dl.acm.org/doi/10.1145/3411764.3445063},
year = {2021}
}


@article{Zhao2023a,

author = {Zhao, Zhenpeng and Elmqvist, Niklas},
doi = {10.1109/MCG.2023.3269850},


journal = {IEEE Computer Graphics and Applications},

number = {4},
pages = {97--110},

publisher = {IEEE},
title = {{The Stories We Tell About Data: Surveying Data-Driven Storytelling Using Visualization}},
volume = {43},
year = {2023}
}
@article{Lu2020b,

author = {Lu, Junhua and Wang, Jie and Ye, Hui and Gu, Yuhui and Ding, Zhiyu and Xu, Mingliang and Chen, Wei},
doi = {10.1109/MCG.2020.2968249},


journal = {IEEE Computer Graphics and Applications},


number = {2},
pages = {18--31},

publisher = {IEEE},
title = {{Illustrating changes in time-series data with data video}},
volume = {40},
year = {2020}
}
@article{Latif2022,

author = {Latif, Shahid and Tarner, Hagen and Beck, Fabian},
doi = {10.1109/MCG.2021.3058129},


journal = {IEEE Computer Graphics and Applications},


number = {1},
pages = {73--83},

publisher = {IEEE},
title = {{Talking Realities: Audio Guides in Virtual Reality Visualizations}},
volume = {42},
year = {2022}
}
@article{Lin2023a,
author = {Lin, Tica and Chen, Zhutian and Beyer, Johanna and Wu, Yingcai and Pfister, Hanspeter and Yang, Yalong},
doi = {10.1109/MCG.2022.3222042},
journal = {IEEE Computer Graphics and Applications},
number = {1},
pages = {84--90},
title = {{The Ball is in Our Court: Conducting Visualization Research with Sports Experts}},
volume = {43},
year = {2023}
}
@article{Lee2015,

author = {Lee, Bongshin and Riche, Nathalie Henry and Isenberg, Petra and Carpendale, Sheelagh},
doi = {10.1109/MCG.2015.99},


journal = {IEEE Computer Graphics and Applications},


number = {5},
pages = {84--90},

publisher = {IEEE},
title = {{More Than Telling a Story: Transforming Data into Visually Shared Stories}},
volume = {35},
year = {2015}
}
@article{Yang2023a,

author = {Yang, Leni and Wu, Aoyu and Tong, Wai and Xu, Xian and Wei, Zheng and Qu, Huamin},
doi = {10.1109/PacificVis56936.2023.00029},



journal = {IEEE Pacific Visualization Symposium},


pages = {197--206},
title = {{Understanding 3D Data Videos: From Screens to Virtual Reality}},
volume = {2023-April},
year = {2023}
}
@article{Kybartas2017,

author = {Kybartas, Ben and Bidarra, Rafael},
doi = {10.1109/TCIAIG.2016.2546063},


journal = {IEEE Transactions on Computational Intelligence and AI in Games},


number = {3},
pages = {239--253},
title = {{A Survey on Story Generation Techniques for Authoring Computational Narratives}},
volume = {9},
year = {2017}
}
@article{Robertson2008,

author = {Robertson, George and Fernandez, Roland and Fisher, Danyel and Lee, Bongshin and Stasko, John},
doi = {10.1109/TVCG.2008.125},


journal = {IEEE Transactions on Visualization and Computer Graphics},


number = {6},
pages = {1325--1332},
title = {{Effectiveness of animation in trend visualization}},
volume = {14},
year = {2008}
}
@article{Kale2019a,
author = {Kale, Alex and Nguyen, Francis and Kay, Matthew and Hullman, Jessica},
doi = {10.1109/TVCG.2018.2864909},


journal = {IEEE Transactions on Visualization and Computer Graphics},


number = {1},
pages = {892--902},
title = {{Hypothetical Outcome Plots Help Untrained Observers Judge Trends in Ambiguous Data}},
url = {https://ieeexplore.ieee.org/document/8440816/},
volume = {25},
year = {2019}
}
@article{Ondov2019a,

author = {Ondov, Brian and Jardine, Nicole and Elmqvist, Niklas and Franconeri, Steven},
doi = {10.1109/TVCG.2018.2864884},


journal = {IEEE Transactions on Visualization and Computer Graphics},


number = {1},
pages = {861--871},
title = {{Face to face: Evaluating visual comparison}},
volume = {25},
year = {2019}
}
@article{Dasu2024,
author = {Dasu, Keshav and Kuo, Yun Hsin and Ma, Kwan Liu},
doi = {10.1109/TVCG.2023.3326578},
journal = {IEEE Transactions on Visualization and Computer Graphics},
number = {1},
pages = {98--108},

title = {{Character-Oriented Design for Visual Data Storytelling}},
volume = {30},
year = {2024}
}
@article{Sun2022,

archivePrefix = {arXiv},
arxivId = {2209.02529},
author = {Sun, Mengdi and Cai, Ligan and Cui, Weiwei and Wu, Yanqiu and Shi, Yang and Cao, Nan},
doi = {10.1109/TVCG.2022.3209428},
eprint = {2209.02529},


journal = {IEEE Transactions on Visualization and Computer Graphics},

pages = {1--11},
publisher = {IEEE},
title = {{Erato: Cooperative Data Story Editing via Fact Interpolation}},
url = {https://ieeexplore.ieee.org/document/9903555/},
year = {2022}
}
@article{Xie2023,
author = {Xie, Liwenhan and Shu, Xinhuan and Su, Jeon Cheol and Wang, Yun and Chen, Siming and Qu, Huamin},
doi = {10.1109/TVCG.2023.3286392},


journal = {IEEE Transactions on Visualization and Computer Graphics},

pages = {1--14},
title = {{Creating Emordle: Animating Word Cloud for Emotion Expression}},
url = {https://ieeexplore.ieee.org/document/10153659/},
year = {2023}
}
@article{Cui2022,

author = {Cui, Weiwei and Wang, Jinpeng and Huang, He and Wang, Yun and Lin, Chin Yew and Zhang, Haidong and Zhang, Dongmei},
doi = {10.1109/TVCG.2021.3114856},


journal = {IEEE Transactions on Visualization and Computer Graphics},


number = {1},
pages = {173--183},

title = {{A Mixed-Initiative Approach to Reusing Infographic Charts}},
volume = {28},
year = {2022}
}
@article{Zhao2023,

archivePrefix = {arXiv},
arxivId = {2103.03996},
author = {Zhao, Jian and Xu, Shenyu and Chandrasegaran, Senthil and Bryan, Chris and Du, Fan and Mishra, Aditi and Qian, Xin and Li, Yiran and Ma, Kwan Liu},
doi = {10.1109/TVCG.2021.3114211},
eprint = {2103.03996},


journal = {IEEE Transactions on Visualization and Computer Graphics},


number = {2},
pages = {1384--1399},

publisher = {IEEE},
title = {{ChartStory: Automated Partitioning, Layout, and Captioning of Charts into Comic-Style Narratives}},
volume = {29},
year = {2023}
}
@article{Wuc,

author = {Wu, Guande and Guo, Shunan and Hoffswell, Jane and Chan, Gromit Yeuk Yin and Rossi, Ryan A. and Koh, Eunyee},
doi = {10.1109/TVCG.2023.3327363},


journal = {IEEE Transactions on Visualization and Computer Graphics},


number = {1},
pages = {131--141},

title = {{Socrates: Data Story Generation via Adaptive Machine-Guided Elicitation of User Feedback}},
volume = {30},
year = {2024}
}
@article{Kim2020,
author = {Kim, Younghoon and Heer, Jeffrey},
doi = {10.1109/TVCG.2020.3030360},
journal = {IEEE Transactions on Visualization and Computer Graphics},
number = {2},
pages = {485--494},
title = {{Gemini: A Grammar and Recommender System for Animated Transitions in Statistical Graphics}},
url = {http://arxiv.org/abs/2009.01429 https://ieeexplore.ieee.org/document/9234027/},
volume = {27},
year = {2021}
}
@article{Hong,
author = {Hong, Jiayi and Hnatyshyn, Rostyslav and Santos, Ebrar A. D. and Maciejewski, Ross and Isenberg, Tobias},
doi = {10.1109/TVCG.2024.3388516},
journal = {IEEE Transactions on Visualization and Computer Graphics},
pages = {1--12},
title = {{A Survey of Designs for Combined 2D+3D Visual Representations}},
year = {2024}
}
@article{Kale2019,
author = {Kale, Alex and Nguyen, Francis and Kay, Matthew and Hullman, Jessica},
doi = {10.1109/TVCG.2018.2864909},


journal = {IEEE Transactions on Visualization and Computer Graphics},


number = {1},
pages = {892--902},
title = {{Hypothetical Outcome Plots Help Untrained Observers Judge Trends in Ambiguous Data}},
url = {https://ieeexplore.ieee.org/document/8440816/},
volume = {25},
year = {2019}
}
@article{Friedl-Knirsch2024,

author = {Friedl-Knirsch, Judith and Stach, Christian and Pointecker, Fabian and Anthes, Christoph and Roth, Daniel},
doi = {10.1109/TVCG.2024.3372103},


journal = {IEEE Transactions on Visualization and Computer Graphics},


number = {5},
pages = {2633--2643},
publisher = {IEEE},
title = {{A Study on Collaborative Visual Data Analysis in Augmented Reality with Asymmetric Display Types}},
volume = {30},
year = {2024}
}
@article{Batch2023,

author = {Batch, Andrea and Ji, Yipeng and Fan, Mingming and Zhao, Jian and Elmqvist, Niklas},
doi = {10.1109/TVCG.2023.3241581},


journal = {IEEE Transactions on Visualization and Computer Graphics},


pages = {1--15},
publisher = {IEEE},
title = {{uxSense: Supporting User Experience Analysis with Visualization and Computer Vision}},
url = {https://ieeexplore.ieee.org/document/10034833/},
year = {2024}
}
@article{Raji2021a,

author = {Raji, Mohammad and Duncan, Jeremiah and Hobson, Tanner and Huang, Jian},
doi = {10.1109/TVCG.2020.2984708},


journal = {IEEE Transactions on Visualization and Computer Graphics},


number = {9},
pages = {3656--3669},

publisher = {IEEE},
title = {{Dataless Sharing of Interactive Visualization}},
volume = {27},
year = {2021}
}
@article{Burns2022,

author = {Burns, Alyxander and Lee, Christiana and On, Thai and Xiong, Cindy and Peck, Evan and Mahyar, Narges},
doi = {10.1109/TVCG.2022.3231716},


journal = {IEEE Transactions on Visualization and Computer Graphics},


number = {8},
pages = {1--16},
publisher = {IEEE},
title = {{From Invisible to Visible: Impacts of Metadata in Communicative Data Visualization}},
volume = {PP},
year = {2022}
}
@article{Fu2023,

author = {Fu, Yu and Stasko, John},
doi = {10.1109/TVCG.2023.3287585},


journal = {IEEE Transactions on Visualization and Computer Graphics},


number = {8},
pages = {1--20},
title = {{More Than Data Stories: Broadening the Role of Visualization in Contemporary Journalism}},
url = {https://ieeexplore.ieee.org/document/10158423/},
volume = {14},
year = {2024}
}
@article{Willett2017a,

author = {Willett, Wesley and Jansen, Yvonne and Dragicevic, Pierre},
doi = {10.1109/TVCG.2016.2598608},


journal = {IEEE Transactions on Visualization and Computer Graphics},


number = {1},
pages = {461--470},

title = {{Embedded Data Representations}},
volume = {23},
year = {2017}
}
@article{Burns2022a,

author = {Burns, Alyxander and Xiong, Cindy and Franconeri, Steven and Cairo, Alberto and Mahyar, Narges},
doi = {10.1109/TVCG.2021.3092680},


journal = {IEEE Transactions on Visualization and Computer Graphics},


number = {12},
pages = {4515--4530},

publisher = {IEEE},
title = {{Designing With Pictographs: Envision Topics Without Sacrificing Understanding}},
volume = {28},
year = {2022}
}
@article{Chen2022c,
author = {Chen, Zhutian and Yang, Qisen and Xie, Xiao and Beyer, Johanna and Xia, Haijun and Wu, Yingcai and Pfister, Hanspeter},
doi = {10.1109/TVCG.2022.3209497},

journal = {IEEE Transactions on Visualization and Computer Graphics},

number = {1},
pages = {918 -- 928},
title = {{Sporthesia: Augmenting Sports Videos Using Natural Language}},
url = {https://ieeexplore.ieee.org/document/9911988/},
volume = {29},
year = {2023}
}
@article{Yang2022a,

author = {Yang, Leni and Xu, Xian and Lan, Xing Yu and Liu, Ziyan and Guo, Shunan and Shi, Yang and Qu, Huamin and Cao, Nan},
doi = {10.1109/TVCG.2021.3114774},


journal = {IEEE Transactions on Visualization and Computer Graphics},


number = {1},
pages = {922--932},

title = {{A Design Space for Applying the Freytag's Pyramid Structure to Data Stories}},
volume = {28},
year = {2022}
}
@article{Dasu2021,

author = {Dasu, Keshav and Ma, Kwan Liu and Ma, Joyce and Frazier, Jennifer},
doi = {10.1109/TVCG.2020.3030412},


journal = {IEEE Transactions on Visualization and Computer Graphics},


number = {2},
pages = {935--945},

title = {{Sea of Genes: A Reflection on Visualising Metagenomic Data for Museums}},
volume = {27},
year = {2021}
}
@article{Tong2018,
author = {Tong, Chao and Roberts, Richard and Borgo, Rita and Walton, Sean and Laramee, Robert S. and Wegba, Kodzo and Lu, Aidong and Wang, Yun and Qu, Huamin and Luo, Qiong and Ma, Xiaojuan},
doi = {10.3390/info9030065},


journal = {Information (Switzerland)},


number = {3},
pages = {1--42},
title = {{Storytelling and visualization: An extended survey}},
volume = {9},
year = {2018}
}

@article{Parsons2022,

archivePrefix = {arXiv},
arxivId = {2108.07855},
author = {Parsons, Paul},
doi = {10.1109/TVCG.2021.3114959},
eprint = {2108.07855},


journal = {IEEE Transactions on Visualization and Computer Graphics},


number = {1},
pages = {665--675},

title = {{Understanding Data Visualization Design Practice}},
volume = {28},
year = {2022}
}
@article{Shin2022,
author = {Shin, Minjeong and Kim, Joohee and Han, Yunha and Xie, Lexing and Whitelaw, Mitchell and Kwon, Bum Chul and Ko, Sungahn and Elmqvist, Niklas},
doi = {10.1109/TVCG.2022.3146329},


journal = {IEEE Transactions on Visualization and Computer Graphics},


number = {6},
pages = {2980--2995},
publisher = {IEEE},
title = {{Roslingifier: Semi-Automated Storytelling for Animated Scatterplots}},
url = {https://ieeexplore.ieee.org/document/9695173/},
volume = {29},
year = {2023}
}
@article{Chen2022,
author = {Chen, Qing and Cao, Shixiong and Wang, Jiazhe and Cao, Nan},
doi = {10.1109/TVCG.2023.3261320},


journal = {IEEE Transactions on Visualization and Computer Graphics},


number = {8},
pages = {4429--4448},
title = {{How Does Automation Shape the Process of Narrative Visualization: A Survey of Tools}},
url = {https://ieeexplore.ieee.org/document/10081398/},
volume = {30},
year = {2024}
}
@article{Segel2010,
author = {Segel, Edward and Heer, Jeffrey},
doi = {10.1109/TVCG.2010.179},
journal = {IEEE Transactions on Visualization and Computer Graphics},
number = {6},
pages = {1139--1148},
publisher = {IEEE},
title = {{Narrative visualization: Telling stories with data}},
volume = {16},
year = {2010}
}


@article{Wu2021d,
author = {Wu, Aoyu and Wang, Yun and Shu, Xinhuan and Moritz, Dominik and Cui, Weiwei and Zhang, Haidong and Zhang, Dongmei and Qu, Huamin},
doi = {10.1109/TVCG.2021.3099002},
journal = {IEEE Transactions on Visualization and Computer Graphics},
number = {12},
pages = {5049--5070},
publisher = {IEEE},
title = {{AI4VIS: Survey on Artificial Intelligence Approaches for Data Visualization}},
url = {https://ieeexplore.ieee.org/document/9495259/},
volume = {28},
year = {2022}
}

@article{Wang2020c,
archivePrefix = {arXiv},
arxivId = {2012.00467},
author = {Wang, Qianwen and Chen, Zhutian and Wang, Yong and Qu, Huamin},
doi = {10.1109/TVCG.2021.3106142},


journal = {IEEE Transactions on Visualization and Computer Graphics},


number = {12},
pages = {5134--5153},

title = {{A Survey on ML4VIS: Applying Machine Learning Advances to Data Visualization}},
url = {https://ieeexplore.ieee.org/document/9523770/},
volume = {28},
year = {2022}
}


@article{Ren2023,
author = {Ren, Pengkun and Wang, Yi and Zhao, Fan},
doi = {10.1007/s44267-023-00011-0},

journal = {Visual Intelligence},
number = {1},
pages = {1--10},
publisher = {Springer},
title = {{Re-understanding of data storytelling tools from a narrative perspective}},
url = {http://dx.doi.org/10.1007/s44267-023-00011-0},
volume = {1},
year = {2023}
}

@article{Satyanarayan2019a,
author = {Satyanarayan, Arvind and Lee, Bongshin and Ren, Donghao and Heer, Jeffrey and Stasko, John and Thompson, John and Brehmer, Matthew and Liu, Zhicheng},
doi = {10.1109/TVCG.2019.2934281},
journal = {IEEE Transactions on Visualization and Computer Graphics},
number = {1},
pages = {1--11},
title = {{Critical Reflections on Visualization Authoring Systems}},
url = {https://ieeexplore.ieee.org/document/8807226/},
volume = {26},
year = {2019}
}

@inproceedings{Kim2017b,

author = {Kim, Younghoon and Wongsuphasawat, Kanit and Hullman, Jessica and Heer, Jeffrey},
booktitle = {Proceedings of the 35rd Annual ACM Conference on Human Factors in Computing Systems, CHI'17},
doi = {10.1145/3025453.3025866},





pages = {2628--2638},
publisher = {ACM},
title = {{GraphScape: A model for automated reasoning about visualization similarity and sequencing}},
year = {2017}
}

@article{Ltifi2020,
author = {Ltifi, Hela and Kolski, Christophe and {Ben Ayed}, Mounir},
doi = {10.1016/j.cosrev.2020.100245},
journal = {Computer Science Review},
number = {100245},
pages = {1--15},
publisher = {Elsevier Inc.},
title = {{Survey on Visualization and Visual Analytics pipeline-based models: Conceptual aspects, comparative studies and challenges}},
url = {https://doi.org/10.1016/j.cosrev.2020.100245 https://linkinghub.elsevier.com/retrieve/pii/S1574013719302680},
volume = {36},
year = {2020}
}


@inproceedings{Biswas2022,

author = {Biswas, Sumon and Wardat, Mohammad and Rajan, Hridesh},
booktitle = {Proceedings of the 44th International Conference on Software Engineering, ICSE'22},
doi = {10.1145/3510003.3510057},
pages = {2091--2103},
publisher = {ACM},
title = {{The Art and Practice of Data Science Pipelines: A Comprehensive Study of Data Science Pipelines In Theory, In-The-Small, and In-The-Large}},
url = {https://dl.acm.org/doi/10.1145/3510003.3510057},
year = {2022}
}



@article{li2023ai,
  title={{Why is AI not a Panacea for Data Workers? An Interview Study on Human-AI Collaboration in Data Storytelling}},
  author={Li, Haotian and Wang, Yun and Liao, Q Vera and Qu, Huamin},
  journal={arXiv preprint arXiv:2304.08366},
  year={2023}
}

@article{clark_dual_1991,
	title = {Dual coding theory and education},
	volume = {3},
	number = {3},
	urldate = {2022-04-07},
	journal = {Educational Psychology Review},
	author = {Clark, James M. and Paivio, Allan},
	year = {1991},
	pages = {149--210},
}
@article{Yao2024,

author = {Yao, Lijie and Vuillemot, Romain and Bezerianos, Anastasia and Isenberg, Petra},
doi = {10.1109/TVCG.2023.3341990},


journal = {IEEE Transactions on Visualization and Computer Graphics},


number = {3},
pages = {1821--1836},

publisher = {IEEE},
title = {{Designing for Visualization in Motion: Embedding Visualizations in Swimming Videos}},
volume = {30},
year = {2024}
}
@inproceedings{Femi-Gege2024,
author = {Femi-Gege, Temiloluwa and Brehmer, Matthew and Zhao, Jian},
booktitle = {Proceedings of the ACM PACMHCI Interactive Surfaces and Spaces, ISS'24},
pages = {1--22},
title = {{VisConductor: Affect-Varying Widgets for Animated Data Storytelling in Gesture-Aware Augmented Video Presentation}},
url = {http://arxiv.org/abs/2406.17986},
year = {2024}
}
@article{Lin2023b,
author = {Lin, Tica and Chen, Zhutian and Yang, Yalong and Chiappalupi, Daniele and Beyer, Johanna and Pfister, Hanspeter},
doi = {10.1109/TVCG.2022.3209353},


journal = {IEEE Transactions on Visualization and Computer Graphics},


number = {1},
pages = {962--971},
title = {{The Quest for Omnioculars: Embedded Visualization for Augmenting Basketball Game Viewing Experiences}},
volume = {29},
year = {2023}
}
@article{Wang2019a,
archivePrefix = {arXiv},
arxivId = {1907.05609},
author = {Wang, Qianwen and Li, Zhen and Fu, Siwei and Cui, Weiwei and Qu, Huamin},
doi = {10.1109/TVCG.2018.2865232},
journal = {IEEE Transactions on Visualization and Computer Graphics},
number = {1},
pages = {779--788},
title = {{Narvis: Authoring narrative slideshows for introducing data visualization designs}},
url = {https://ieeexplore.ieee.org/document/8444072/},
volume = {25},
year = {2019}
}

@inproceedings{Lai2020a,

author = {Lai, Chufan and Lin, Zhixian and Jiang, Ruike and Han, Yun and Liu, Can and Yuan, Xiaoru},
booktitle = {Proceedings of the 38rd Annual Conference on Human Factors in Computing Systems, CHI'20},
doi = {10.1145/3313831.3376443},




pages = {1--13},
publisher = {ACM},
title = {{Automatic Annotation Synchronizing with Textual Description for Visualization}},
url = {https://dl.acm.org/doi/10.1145/3313831.3376443},
year = {2020}
}

@article{Satyanarayan2017,
author = {Satyanarayan, Arvind and Moritz, Dominik and Wongsuphasawat, Kanit and Heer, Jeffrey},
doi = {10.1109/TVCG.2016.2599030},


journal = {IEEE Transactions on Visualization and Computer Graphics},


number = {1},
pages = {341--350},
title = {{Vega-Lite: A Grammar of Interactive Graphics}},
volume = {23},
year = {2017}
}

@inproceedings{Zhou2024,

author = {Zhou, Tongyu and Huang, Jeff and Chan, Gromit Yeuk-yin},
booktitle = {Proceedings of the CHI Conference on Human Factors in Computing Systems, CHI'24},
doi = {10.1145/3613904.3642172},





pages = {1--18},
publisher = {ACM},
title = {{Epigraphics: Message-Driven Infographics Authoring}},
url = {https://dl.acm.org/doi/10.1145/3613904.3642172},
year = {2024}
}


@article{Bostock2011,
author = {Bostock, Michael and Ogievetsky, Vadim and Heer, Jeffrey},
doi = {10.1109/TVCG.2011.185},


journal = {IEEE Transactions on Visualization and Computer Graphics},



number = {12},
pages = {2301--2309},
title = {{D3: Data-Driven Documents}},
volume = {17},
year = {2011}
}

@article{dataplayer,
author = {Shen, Leixian and Zhang, Yizhi and Zhang, Haidong and Wang, Yun},
doi = {10.1109/TVCG.2023.3327197},


journal = {IEEE Transactions on Visualization and Computer Graphics},

number = {1},
pages = {109--119},
title = {{Data Player: Automatic Generation of Data Videos with Narration-Animation Interplay}},
volume = {30},
year = {2024}
}

@article{Lan2023,
author = {Lan, Xingyu and Wu, Yanqiu and Cao, Nan},
doi = {10.1109/TVCG.2023.3327385},

journal = {IEEE Transactions on Visualization and Computer Graphics},
number = {1},
pages = {1--11},
title = {{Affective Visualization Design: Leveraging the Emotional Impact of Data}},
volume = {30},
year = {2024}
}


@article{Brehmer2022,

archivePrefix = {arXiv},
arxivId = {2107.09042},
author = {Brehmer, Matthew and Kosara, Robert},
doi = {10.1109/TVCG.2021.3114760},
eprint = {2107.09042},


journal = {IEEE Transactions on Visualization and Computer Graphics},


number = {1},
pages = {1139--1149},

publisher = {IEEE},
title = {{From Jam Session to Recital: Synchronous Communication and Collaboration around Data in Organizations}},
volume = {28},
year = {2022}
}
@article{Brehmer2020,

archivePrefix = {arXiv},
arxivId = {1907.03919},
author = {Brehmer, Matthew and Lee, Bongshin and Isenberg, Petra and Choe, Eun Kyoung},
doi = {10.1109/TVCG.2019.2934397},
eprint = {1907.03919},


journal = {IEEE Transactions on Visualization and Computer Graphics},


number = {1},
pages = {364--374},

title = {{A Comparative Evaluation of Animation and Small Multiples for Trend Visualization on Mobile Phones}},
volume = {26},
year = {2020}
}
@article{Lee2013,

author = {Lee, Bongshin and Kazi, Rubaiat Habib and Smith, Greg},
doi = {10.1109/TVCG.2013.191},


journal = {IEEE Transactions on Visualization and Computer Graphics},


number = {12},
pages = {2416--2425},

title = {{SketchStory: Telling more engaging stories with data through freeform sketching}},
volume = {19},
year = {2013}
}
@article{Amini2017,

author = {Amini, Fereshteh and Riche, Nathalie Henry and Lee, Bongshin and Monroy-Hernandez, Andres and Irani, Pourang},
doi = {10.1109/TVCG.2016.2598647},


journal = {IEEE Transactions on Visualization and Computer Graphics},


number = {1},
pages = {501--510},

title = {{Authoring Data-Driven Videos with DataClips}},
volume = {23},
year = {2017}
}
@article{Lu2020a,

author = {Lu, Min and Fish, Noa and Wang, Shuaiqi and Lanir, Joel and Cohen-Or, Daniel and Huang, Hui},
doi = {10.1109/TVCG.2020.3037300},


journal = {IEEE Transactions on Visualization and Computer Graphics},



number = {7},
pages = {2628--2640},

publisher = {IEEE},
title = {{Enhancing Static Charts With Data-Driven Animations}},
url = {https://ieeexplore.ieee.org/document/9257096/},
volume = {28},
year = {2022}
}
@article{Crnovrsanin2021,

archivePrefix = {arXiv},
arxivId = {2009.02005},
author = {Crnovrsanin, Tarik and Shilpika and Chandrasegaran, Senthil and Ma, Kwan Liu},
doi = {10.1109/TVCG.2020.3030385},
eprint = {2009.02005},


journal = {IEEE Transactions on Visualization and Computer Graphics},


number = {2},
pages = {539--549},

title = {{Staged Animation Strategies for Online Dynamic Networks}},
volume = {27},
year = {2021}
}
@article{Wangb,
author = {Wang, Yun and Shen, Leixian and You, Zhengxin and Shu, Xinhuan and Lee, Bongshin and Thompson, John and Zhang, Haidong and Zhang, Dongmei},

journal = {IEEE Transactions on Visualization and Computer Graphics},

pages = {1--15},
title = {{WonderFlow: Narration-Centric Design of Animated Data Videos}},
year = {2024}
}
@article{Chen2022h,
author = {Chen, Zhutian and Ye, Shuainan and Chu, Xiangtong and Xia, Haijun and Zhang, Hui and Qu, Huamin and Wu, Yingcai},
doi = {10.1109/TVCG.2021.3114806},
journal = {IEEE Transactions on Visualization and Computer Graphics},


number = {1},
pages = {824--834},

title = {{Augmenting Sports Videos with VisCommentator}},
volume = {28},
year = {2022}
}
@article{Zong2022,
author = {Zong, Jonathan and Pollock, Josh and Wootton, Dylan and Satyanarayan, Arvind},
doi = {10.1109/TVCG.2022.3209369},


journal = {IEEE Transactions on Visualization and Computer Graphics},

number = {1},
pages = {149--159},
title = {{Animated Vega-Lite: Unifying Animation with a Grammar of Interactive Graphics}},
volume = {29},
year = {2023}
}
@article{Rodrigues2024,

author = {Rodrigues, Nils and Dennig, Frederik L. and Brandt, Vincent and Keim, Daniel A. and Weiskopf, Daniel},
doi = {10.1109/TVCG.2024.3388558},


journal = {IEEE Transactions on Visualization and Computer Graphics},


pages = {1--11},
publisher = {IEEE},
title = {{Comparative Evaluation of Animated Scatter Plot Transitions}},
url = {https://ieeexplore.ieee.org/document/10502251/},
year = {2024}
}
@article{Nam2024,

author = {Nam, Jung Who and Isenberg, Tobias and Keefe, Daniel F.},
doi = {10.1109/TVCG.2022.3229017},


journal = {IEEE Transactions on Visualization and Computer Graphics},


number = {4},
pages = {1853--1867},

publisher = {IEEE},
title = {{V-Mail: 3D-Enabled Correspondence About Spatial Data on (Almost) All Your Devices}},
volume = {30},
year = {2024}
}
@article{Tong2024,
author = {Tong, Wai and Shigyo, Kento and Yuan, Lin-ping and Fan, Mingming and Pong, Ting-chuen and Qu, Huamin},
doi = {10.1109/TVCG.2024.3372104},
journal = {IEEE Transactions on Visualization and Computer Graphics},
pages = {1--13},
publisher = {IEEE},
title = {{VisTellAR : Embedding Data Visualization to Short-form Videos Using Mobile Augmented Reality}},
volume = {PP},
year = {2024}
}
@article{Yao2022,

author = {Yao, Lijie and Bezerianos, Anastasia and Vuillemot, Romain and Isenberg, Petra},
doi = {10.1109/TVCG.2022.3184993},


journal = {IEEE Transactions on Visualization and Computer Graphics},


number = {10},
pages = {3546--3562},

publisher = {IEEE},
title = {{Visualization in Motion: A Research Agenda and Two Evaluations}},
volume = {28},
year = {2022}
}
@article{Chen2023b,
author = {Chen, Qing and Chen, Nan and Shuai, Wei and Wu, Guande and Xu, Zhe and Tong, Hanghang and Cao, Nan},
doi = {10.1109/TVCG.2023.3326925},


journal = {IEEE Transactions on Visualization and Computer Graphics},


number = {1},
pages = {562--572},

title = {{Calliope-Net: Automatic Generation of Graph Data Facts via Annotated Node-Link Diagrams}},
volume = {30},
year = {2024}
}
@article{Kostic2023,

archivePrefix = {arXiv},
arxivId = {2311.15372},
author = {Kostic, Zona and Dumas, Catherine and Pratt, Sarah and Beyer, Johanna},
doi = {10.1109/TVCG.2023.3332647},
eprint = {2311.15372},


journal = {IEEE Transactions on Visualization and Computer Graphics},


pages = {1--18},
title = {{Exploring Mid-Air Hand Interaction in Data Visualization}},
year = {2023}
}
@article{Heer2007,

author = {Heer, Jeffrey and Robertson, George G.},
doi = {10.1109/TVCG.2007.70539},


journal = {IEEE Transactions on Visualization and Computer Graphics},


number = {6},
pages = {1240--1247},
title = {{Animated transitions in statistical data graphics}},
volume = {13},
year = {2007}
}
@article{Brehmer2017,
author = {Brehmer, Matthew and Lee, Bongshin and Bach, Benjamin and Riche, Nathalie Henry and Munzner, Tamara},
doi = {10.1109/TVCG.2016.2614803},
journal = {IEEE Transactions on Visualization and Computer Graphics},
number = {9},
pages = {2151--2164},

title = {{Timelines Revisited: A Design Space and Considerations for Expressive Storytelling}},
volume = {23},
year = {2017}
}
@article{Archambault2011,

author = {Archambault, Daniel and Purchase, Helen and Pinaud, Bruno},
doi = {10.1109/TVCG.2010.78},


journal = {IEEE Transactions on Visualization and Computer Graphics},


number = {4},
pages = {539--552},
publisher = {IEEE},
title = {{Animation, small multiples, and the effect of mental map preservation in dynamic graphs}},
volume = {17},
year = {2011}
}
@article{Ying2023,
author = {Ying, Lu and Wang, Yun and Li, Haotian and Dou, Shuguang and Zhang, Haidong and Jiang, Xinyang and Qu, Huamin and Wu, Yingcai},

journal = {IEEE Transactions on Visualization and Computer Graphics},

doi = {10.1109/TVCG.2024.3397004},
pages = {1--15},
title = {{Reviving Static Charts into Live Charts}},
year = {2024}
}
@article{Chalbi2020,
author = {Chalbi, Amira and Ritchie, Jacob and Park, Deokgun and Choi, Jungu and Roussel, Nicolas and Elmqvist, Niklas and Chevalier, Fanny},
doi = {10.1109/TVCG.2019.2934288},
journal = {IEEE Transactions on Visualization and Computer Graphics},
number = {1},
pages = {386--396},
title = {{Common Fate for Animated Transitions in Visualization}},
volume = {26},
year = {2020}
}
@article{Lan2022,

author = {Lan, Xingyu and Shi, Yang and Wu, Yanqiu and Jiao, Xiaohan and Cao, Nan},
doi = {10.1109/TVCG.2021.3114775},


journal = {IEEE Transactions on Visualization and Computer Graphics},


number = {1},
pages = {933--943},

title = {{Kineticharts: Augmenting Affective Expressiveness of Charts in Data Stories with Animation Design}},
volume = {28},
year = {2022}
}
@article{Shu2020,
author = {Shu, Xinhuan and Wu, Aoyu and Tang, Junxiu and Bach, Benjamin and Wu, Yingcai and Qu, Huamin},
doi = {10.1109/TVCG.2020.3030396},
journal = {IEEE Transactions on Visualization and Computer Graphics},
number = {2},
pages = {1492--1502},
title = {{What Makes a Data-GIF Understandable?}},
url = {https://ieeexplore.ieee.org/document/9222309/},
volume = {27},
year = {2021}
}
@article{Kim2011,

author = {Kim, Seok Kyoo and Moon, Sung Hyun and Han, Sang Yong and Chang, Juno},


journal = {Informatica (Ljubljana)},


number = {2},
pages = {221--229},
title = {{Programming the story: Interactive storytelling system}},
volume = {35},
year = {2011}
}
@article{Bradbury2020,

author = {Bradbury, Judd D. and Guadagno, Rosanna E.},
doi = {10.1177/1473871620925071},


journal = {Information Visualization},


number = {4},
pages = {339--352},
title = {{Documentary narrative visualization: Features and modes of documentary film in narrative visualization}},
volume = {19},
year = {2020}
}
@article{Ferrand2010,

author = {Tversky, Barbara and Morrison, Julie Bauer and Betrancourt, Mireille},
doi = {10.1006/ijhc.2002.1017},


journal = {International Journal of Human-Computer Studies},


number = {4},
pages = {247--262},
title = {{Animation: can it facilitate?}},
url = {https://linkinghub.elsevier.com/retrieve/pii/S1071581902910177},
volume = {57},
year = {2002}
}
@article{Obie2019,
author = {Obie, Humphrey O. and Chua, Caslon and Avazpour, Iman and Abdelrazek, Mohamed and Grundy, John and Bednarz, Tomasz},
doi = {10.1016/j.cola.2019.04.006},


journal = {Journal of Computer Languages},


number = {April},
pages = {113--124},
title = {{A study of the effects of narration on comprehension and memorability of visualisations}},
url = {https://linkinghub.elsevier.com/retrieve/pii/S1045926X19300059},
volume = {52},
year = {2019}
}
@article{Rubab2023,

author = {Rubab, Sadia and Yu, Lingyun and Tang, Junxiu and Wu, Yingcai},
doi = {10.1007/s12650-023-00909-3},


journal = {Journal of Visualization},


number = {4},
pages = {937--956},
publisher = {Springer Berlin Heidelberg},
title = {{Exploring Effective Relationships Between Visual-Audio Channels in Data Visualization}},
url = {https://doi.org/10.1007/s12650-023-00909-3},
volume = {26},
year = {2023}
}
@article{Tang2020a,

author = {Tang, Tan and Tang, Junxiu and Hong, Jiayi and Yu, Lingyun and Ren, Peiran and Wu, Yingcai},
doi = {10.1007/s12650-020-00644-z},


journal = {Journal of Visualization},


number = {4},
pages = {707--720},
publisher = {Springer Berlin Heidelberg},
title = {{Design guidelines for augmenting short-form videos using animated data visualizations}},
url = {https://doi.org/10.1007/s12650-020-00644-z},
volume = {23},
year = {2020}
}
@article{Meixner2014,
author = {Meixner, Britta and Matusik, Katarzyna and Grill, Christoph and Kosch, Harald},
doi = {10.1007/s11042-012-1218-6},


journal = {Multimedia Tools and Applications},

number = {2},
pages = {1251--1276},
title = {{Towards an easy to use authoring tool for interactive non-linear video}},
volume = {70},
year = {2014}
}
@article{Wang2023,

archivePrefix = {arXiv},
arxivId = {2212.04634},
author = {Wang, Yuxin and Lin, Jieru and Yu, Zhiwei and Hu, Wei and Karlsson, B{\"{o}}rje F.},
doi = {10.1016/j.neucom.2023.126792},
eprint = {2212.04634},


journal = {Neurocomputing},


number = {July},
pages = {126792},
publisher = {Elsevier B.V.},
title = {{Open-world story generation with structured knowledge enhancement: A comprehensive survey}},
url = {https://doi.org/10.1016/j.neucom.2023.126792},
volume = {559},
year = {2023}
}
@article{Elmquist2024,

author = {Elmquist, Elias and Enge, Kajetan and Rind, Alexander and Navarra, Carlo and H{\"{o}}ldrich, Robert and Iber, Michael and Bock, Alexander and Ynnerman, Anders and Aigner, Wolfgang and R{\"{o}}nnberg, Niklas},
doi = {10.1007/s00779-024-01795-8},


journal = {Personal and Ubiquitous Computing},



title = {{Parallel Chords: an audio-visual analytics design for parallel coordinates}},
url = {https://link.springer.com/10.1007/s00779-024-01795-8},
year = {2024}
}
@inproceedings{Li2020c,
author = {Li, Wenchao and Wang, Yun and Zhang, Haidong and Qu, Huamin},
booktitle = {Proceedings of the 2020 IEEE Visualization Conference, VIS'20},
doi = {10.1109/VIS47514.2020.00035},
pages = {141--145},
title = {{Improving Engagement of Animated Visualization with Visual Foreshadowing}},
year = {2020}
}

@inproceedings{Udhayanan2023,
author = {Udhayanan, Prateksha and Suryateja, B. V. and Laturia, Parth and Chauhan, Dev and Khandelwal, Darshan and Petrangeli, Stefano and Srinivasan, Balaji Vasan},
booktitle = {Proceedings - 2023 IEEE Winter Conference on Applications of Computer Vision, WACV 2023},
doi = {10.1109/WACV56688.2023.00230},




pages = {2267--2276},
title = {{Recipe2Video: Synthesizing Personalized Videos from Recipe Texts}},
year = {2023}
}
@article{Jahanlou2021,

author = {Jahanlou, Amir and Odom, William and Chilana, Parmit},
doi = {10.20380/GI2021.06},



journal = {Proceedings - Graphics Interface},


title = {{Challenges in getting started in motion graphic design: Perspectives from casual and professional motion designers}},
volume = {2021-May},
year = {2021}
}
@inproceedings{Ma2022,


author = {Ma, Jiaju and Wei, Li Yi and Kazi, Rubaiat Habib},
booktitle = {Proceedings of 2022 Conference on Human Factors in Computing Systems, CHI'22},
doi = {10.1145/3491102.3501894},





pages = {1--14},
publisher = {ACM},
title = {{A Layered Authoring Tool for Stylized 3D animations}},
url = {https://dl.acm.org/doi/10.1145/3491102.3501894},
year = {2022}
}
@inproceedings{Xu2022,
author = {Xu, Xian and Yang, Leni and Yip, David and Fan, Mingming and Wei, Zheng and Qu, Huamin},
booktitle = {Proceedings of 2022 Conference on Human Factors in Computing Systems, CHI'22},
doi = {10.1145/3491102.3501896},
pages = {1--20},
publisher = {ACM},
title = {{From 'Wow' to 'Why': Guidelines for Creating the Opening of a Data Video with Cinematic Styles}},
url = {https://dl.acm.org/doi/10.1145/3491102.3501896},
year = {2022}
}
@inproceedings{Sakamoto2022,

author = {Sakamoto, Yumiko and Sallam, Samar and Salo, Aaron and Leboe-McGowan, Jason and Irani, Pourang},
booktitle = {Proceedings of 2022 IEEE 15th Pacific Visualization Symposium, PacificVis'22},
doi = {10.1109/PacificVis53943.2022.00028},






pages = {176--180},
publisher = {IEEE},
title = {{Persuasive Data Storytelling with a Data Video during Covid-19 Infodemic: Affective Pathway to Influence the Users' Perception about Contact Tracing Apps in less than 6 Minutes}},
url = {https://ieeexplore.ieee.org/document/9787913/},
year = {2022}
}
@inproceedings{Li2023b,
author = {Li, Wenchao and Wang, Zhan and Wang, Yun and Weng, Di and Xie, Liwenhan and Chen, Siming and Zhang, Haidong and Qu, Huamin},
booktitle = {Proceedings of 2023 CHI Conference on Human Factors in Computing Systems, CHI'23},
doi = {10.1145/3544548.3581470},
pages = {1--15},
publisher = {ACM},
title = {{GeoCamera: Telling Stories in Geographic Visualizations with Camera Movements}},
url = {https://dl.acm.org/doi/10.1145/3544548.3581470},
year = {2023}
}

@article{NarrativePlayer,
author = {Shao, Zekai and Shen, Leixian and Li, Haotian and Shan, Yi and Qu, Huamin and Wang, Yun and Chen, Siming},
doi = {10.1109/TVCG.2025.3530512},
journal = {IEEE Transactions on Visualization and Computer Graphics},
pages = {1--15},
title = {{Narrative Player: Reviving Data Narratives with Visuals}},
year = {2025}
}

@article{dataplaywright,
author = {Shen, Leixian and Li, Haotian and Wang, Yun and Luo, Tianqi and Luo, Yuyu and Qu, Huamin},
journal = {IEEE Transactions on Visualization and Computer Graphics},
pages = {1--11},
title = {{Data Playwright: Authoring Data Videos with Annotated Narration}},
doi = {10.1109/TVCG.2024.3477926},
year = {2024}
}

@article{Shen2024b,
author = {Shen, Yuancheng and Shi, Haoyan and Lee, Bongshin and Wang, Yunhai},
doi = {10.1109/TVCG.2024.3491504},
journal = {IEEE Transactions on Visualization and Computer Graphics},
pages = {1--17},
publisher = {IEEE},
title = {{Authoring Data-Driven Chart Animations}},
year = {2024}
}

@article{Wei2024,
author = {Wei, Zheng and Qu, Huamin and Xu, Xian},
doi = {10.1109/TVCG.2024.3456330},
journal = {IEEE Transactions on Visualization and Computer Graphics},
pages = {1--11},
publisher = {IEEE},
title = {{Telling Data Stories with the Hero's Journey: Design Guidance for Creating Data Videos}},
url = {https://ieeexplore.ieee.org/document/10670568/},
year = {2024}
}


@inproceedings{Shi2023b,
author = {Shi, Danqing and Oulasvirta, Antti and Weinkauf, Tino and Cao, Nan},
booktitle = {Proceedings of 2024 IEEE 16th Pacific Visualization Symposium, PacificVis'24},
doi = {10.1109/PacificVis60374.2024.00031},
pages = {212--221},
publisher = {IEEE},
title = {{Understanding and Automating Graphical Annotations on Animated Scatterplots}},
url = {https://ieeexplore.ieee.org/document/10541388/},
year = {2024}
}


@inproceedings{Concannon2020,

author = {Concannon, Shauna and Rajan, Natasha and Shah, Parthiv and Smith, Davy and Ursu, Marian and Hook, Jonathan},
booktitle = {Proceedings of CHI Conference on Human Factors in Computing Systems, CHI'20},
doi = {10.1145/3313831.3376462},
pages = {1--14},
publisher = {ACM},
title = {{Brooke Leave Home: Designing a Personalized Film to Support Public Engagement with Open Data}},
year = {2020}
}
@inproceedings{Lan2021a,
author = {Lan, Xingyu and Xu, Xinyue and Cao, Nan},
booktitle = {Proceedings of CHI Conference on Human Factors in Computing Systems, CHI'21},
doi = {10.1145/3411764.3445344},
publisher = {ACM},
title = {{Understanding narrative linearity for telling expressive time-oriented stories}},
year = {2021}
}
@inproceedings{Lee,

author = {Ge, Tong and Lee, Bongshin and Wang, Yunhai},
booktitle = {Proceedings of CHI Conference on Human Factors in Computing Systems, CHI'21},
doi = {10.1145/3411764.3445452},
pages = {1--15},
publisher = {ACM},
title = {{CAST: Authoring Data-Driven Chart Animations}},
url = {https://dl.acm.org/doi/10.1145/3411764.3445452},
year = {2021}
}
@inproceedings{Sallam2022,

author = {Sallam, Samar and Sakamoto, Yumiko and Leboe-McGowan, Jason and Latulipe, Celine and Irani, Pourang},
booktitle = {Proceedings of CHI Conference on Human Factors in Computing Systems, CHI'22},
doi = {10.1145/3491102.3517727},
pages = {1--22},
publisher = {ACM},
title = {{Towards Design Guidelines for Effective Health-Related Data Videos: An Empirical Investigation of Affect, Personality, and Video Content}},
url = {https://dl.acm.org/doi/10.1145/3491102.3517727},
year = {2022}
}
@inproceedings{Li2023c,
author = {Li, Haotian and Wang, Yun and Qu, Huamin},
booktitle = {Proceedings of CHI Conference on Human Factors in Computing Systems, CHI'24},

doi = {10.1145/3613904.3642726},
pages = {1--28},
publisher = {ACM},
title = {{Where Are We So Far? Understanding Data Storytelling Tools from the Perspective of Human-AI Collaboration}},
year = {2024}
}


@inproceedings{Grossman2009,

author = {Grossman, Tovi and Fitzmaurice, George and Attar, Ramtin},
booktitle = {Proceedings of the SIGCHI Conference on Human Factors in Computing Systems, CHI'09},
doi = {10.1145/1518701.1518803},
pages = {649--658},
publisher = {ACM},
title = {{A survey of software learnability: Metrics, methodologies and guidelines}},
url = {https://dl.acm.org/doi/10.1145/1518701.1518803},
year = {2009}
}


@inproceedings{Herath2023,
author = {Herath, Anuradha and Sallam, Samar and Sakamoto, Yumiko and Gomez, Randy and Irani, Pourang},
booktitle = {Proceedings of International Conference on Mobile and Ubiquitous Multimedia, MUM'23},
doi = {10.1145/3626705.3627781},
pages = {315--333},
publisher = {ACM},
title = {{Exploring the Design of Social Robot User Interfaces for Presenting Data-Driven Stories}},
year = {2023}
}

@inproceedings{Jahanlou2022,

author = {Jahanlou, Amir and Chilana, Parmit K.},
booktitle = {Proceedings of Conference on Human Factors in Computing Systems, CHI'22},
doi = {10.1145/3491102.3517741},





pages = {1--14},
publisher = {ACM},
title = {{Katika: An End-to-End System for Authoring Amateur Explainer Motion Graphics Videos}},
url = {https://dl.acm.org/doi/10.1145/3491102.3517741},
year = {2022}
}

@inproceedings{Kim,
author = {Kim, Younghoon and Heer, Jeffrey},
booktitle = {Proceedings of the 2021 IEEE Visualization Conference, VIS'21 Short Paper},
doi = {10.1109/VIS49827.2021.9623291},
pages = {201--205},
title = {{Gemini2: Generating Keyframe-Oriented Animated Transitions between Statistical Graphics}},
year = {2021}
}
@inproceedings{Hook2018,


author = {Hook, Jonathan},
booktitle = {Proceedings of the 2018 ACM International Conference on Interactive Experiences for TV and Online Video},
doi = {10.1145/3210825.3210826},





pages = {43--55},
publisher = {ACM},
title = {{Facts, Interactivity and Videotape}},
url = {https://dl.acm.org/doi/10.1145/3210825.3210826},
year = {2018}
}
@inproceedings{Wang2019h,


author = {Wang, Zezhong and Wang, Shunming and Farinella, Matteo and Murray-Rust, Dave and {Henry Riche}, Nathalie and Bach, Benjamin},
booktitle = {Proceedings of the 2019 CHI Conference on Human Factors in Computing Systems, CHI'19},
doi = {10.1145/3290605.3300483},





pages = {1--12},
publisher = {ACM},
title = {{Comparing Effectiveness and Engagement of Data Comics and Infographics}},
url = {https://dl.acm.org/doi/10.1145/3290605.3300483},
year = {2019}
}
@inproceedings{Huber2019,


archivePrefix = {arXiv},
arxivId = {1902.11216},
author = {Huber, Bernd and Shin, Hijung Valentina and Russell, Bryan and Wang, Oliver and Mysore, Gautham J.},
booktitle = {Proceedings of the 2019 CHI Conference on Human Factors in Computing Systems, CHI'19},
doi = {10.1145/3290605.3300311},
eprint = {1902.11216},





pages = {1--11},
publisher = {ACM},
title = {{B-Script: Transcript-based B-roll Video Editing with Recommendations}},
url = {https://dl.acm.org/doi/10.1145/3290605.3300311},
year = {2019}
}
@inproceedings{Frich2019,


author = {Frich, Jonas and {MacDonald Vermeulen}, Lindsay and Remy, Christian and Biskjaer, Michael Mose and Dalsgaard, Peter},
booktitle = {Proceedings of the 2019 CHI Conference on Human Factors in Computing Systems, CHI'19},
doi = {10.1145/3290605.3300619},





pages = {1--18},
publisher = {ACM},
title = {{Mapping the Landscape of Creativity Support Tools in HCI}},
url = {https://dl.acm.org/doi/10.1145/3290605.3300619},
year = {2019}
}
@inproceedings{Kong2019,


author = {Kong, Ha-Kyung and Zhu, Wenjie and Liu, Zhicheng and Karahalios, Karrie},
booktitle = {Proceedings of the 2019 CHI Conference on Human Factors in Computing Systems, CHI'19},
doi = {10.1145/3290605.3300280},





pages = {1--13},
publisher = {ACM},
title = {{Understanding Visual Cues in Visualizations Accompanied by Audio Narrations}},
url = {https://dl.acm.org/doi/10.1145/3290605.3300280},
year = {2019}
}
@inproceedings{Leake2020a,
author = {Leake, MacKenzie and Shin, Hijung Valentina and Kim, Joy O. and Agrawala, Maneesh},
booktitle = {Proceedings of the 2020 CHI Conference on Human Factors in Computing Systems, CHI'20},
doi = {10.1145/3313831.3376519},



pages = {1--11},
publisher = {ACM},
title = {{Generating Audio-Visual Slideshows from Text Articles Using Word Concreteness}},
url = {https://dl.acm.org/doi/10.1145/3313831.3376519},
year = {2020}
}
@inproceedings{Pereira2020,

author = {Pereira, Tiago and Moreira, Joao and Mendes, Daniel and Goncalves, Daniel},
booktitle = {Proceedings of the 2020 IEEE Visualization Conference, VIS'20 Short Paper},
doi = {10.1109/VIS47514.2020.00039},




pages = {161--165},
title = {{Evaluating Animated Transitions between Contiguous Visualizations for Streaming Big Data}},
year = {2020}
}
@inproceedings{Shi2021b,


author = {Shi, Yang and Lan, Xingyu and Li, Jingwen and Li, Zhaorui and Cao, Nan},
booktitle = {Proceedings of the 2021 CHI Conference on Human Factors in Computing Systems},
doi = {10.1145/3411764.3445337},





pages = {1--13},
publisher = {ACM},
title = {{Communicating with Motion: A Design Space for Animated Visual Narratives in Data Videos}},
url = {https://dl.acm.org/doi/10.1145/3411764.3445337},
year = {2021}
}
@inproceedings{Liu2021h,


author = {Liu, Richen and Gao, Min and Ye, Shunlong and Zhang, Jiang},
booktitle = {Proceedings of the 2021 CHI Conference on Human Factors in Computing Systems, CHI'21},
doi = {10.1145/3411764.3445535},





number = {c},
pages = {1--13},
publisher = {ACM},
title = {{IGScript: An Interaction Grammar for Scientific Data Presentation}},
url = {https://dl.acm.org/doi/10.1145/3411764.3445535},
year = {2021}
}
@inproceedings{Thompson2021,

author = {Thompson, John and Liu, Zhicheng and Stasko, John},
booktitle = {Proceedings of the 2021 CHI Conference on Human Factors in Computing Systems, CHI'21},
doi = {10.1145/3411764.3445747},





pages = {1--18},
publisher = {ACM},
title = {{Data Animator: Authoring Expressive Animated Data Graphics}},
url = {https://dl.acm.org/doi/10.1145/3411764.3445747},
year = {2021}
}
@inproceedings{VanDenBosch2022,

author = {{Van Den Bosch}, Catho and Peeters, Nikki and Claes, Sandy},
booktitle = {Proceedings of the 2022 ACM International Conference on Interactive Media Experiences, IMX'22},
doi = {10.1145/3505284.3529972},




pages = {1--10},
title = {{More Weather Tomorrow. Engaging Families with Data through a Personalised Weather Forecast}},
year = {2022}
}
@inproceedings{Liua,
author = {Liu, Vivian and Chilton, Lydia B},
booktitle = {Proceedings of the 2022 CHI Conference on Human Factors in Computing Systems, CHI'22},
doi = {10.1145/3491102.3501825},




pages = {1--23},
publisher = {ACM},
title = {{Design Guidelines for Prompt Engineering Text-to-Image Generative Models}},
year = {2022}
}
@inproceedings{Wang2023b,


author = {Wang, Yanan and Kim, Yea-Seul},
booktitle = {Proceedings of the 2023 ACM Designing Interactive Systems Conference, CHI'23},
doi = {10.1145/3563657.3595986},





pages = {1353--1366},
publisher = {ACM},
title = {{Making Data-Driven Articles more Accessible: An Active Preference Learning Approach to Data Fact Personalization}},
url = {https://dl.acm.org/doi/10.1145/3563657.3595986},
year = {2023}
}
@inproceedings{DataParticles2023,
author = {Cao, Yining and {L. E}, Jane and Chen, Zhutian and Xia, Haijun},
booktitle = {Proceedings of the 2023 CHI Conference on Human Factors in Computing Systems, CHI '23},
doi = {10.1145/3544548.3581472},



pages = {1--15},
publisher = {ACM},
title = {{DataParticles: Block-based and Language-oriented Authoring of Animated Unit Visualizations}},
year = {2023}
}
@inproceedings{Capel2023a,


author = {Capel, Tara and Brereton, Margot},
booktitle = {Proceedings of the 2023 CHI Conference on Human Factors in Computing Systems, CHI'23},
doi = {10.1145/3544548.3580959},





pages = {1--23},
publisher = {ACM},
title = {{What is Human-Centered about Human-Centered AI? A Map of the Research Landscape}},
url = {https://dl.acm.org/doi/10.1145/3544548.3580959},
year = {2023}
}
@inproceedings{Xu2023b,
author = {Xu, Xian and Wu, Aoyu and Yang, Leni and Wei, Zheng and Huang, Rong and Yip, David and Qu, Huamin},
booktitle = {Proceedings of the 2023 CHI Conference on Human Factors in Computing Systems, CHI'23},
doi = {10.1145/3544548.3580701},


pages = {1--16},
publisher = {ACM},
title = {{Is It the End? Guidelines for Cinematic Endings in Data Videos}},
url = {https://dl.acm.org/doi/10.1145/3544548.3580701},
year = {2023}
}
@inproceedings{Truong2016,


author = {Truong, Anh and Berthouzoz, Floraine and Li, Wilmot and Agrawala, Maneesh},
booktitle = {Proceedings of the 29th Annual Symposium on User Interface Software and Technology, UIST'16},
doi = {10.1145/2984511.2984569},





pages = {497--507},
publisher = {ACM},
title = {{QuickCut: An interactive tool for editing narrated video}},
url = {https://dl.acm.org/doi/10.1145/2984511.2984569},
year = {2016}
}
@inproceedings{Andrews2024,

author = {Andrews, Peter and Nordberg, Oda Elise and {Zubicueta Portales}, Stephanie and Borch, Nj{\aa}l and Guribye, Frode and Fujita, Kazuyuki and Fjeld, Morten},
booktitle = {Proceedings of the 29th International Conference on Intelligent User Interfaces, IUI'24},
doi = {10.1145/3640543.3645197},





pages = {14--34},
publisher = {ACM},
title = {{AiCommentator: A Multimodal Conversational Agent for Embedded Visualization in Football Viewing}},
url = {https://dl.acm.org/doi/10.1145/3640543.3645197},
year = {2024}
}
@inproceedings{Tilekbay,

archivePrefix = {arXiv},
arxivId = {arXiv:2403.17693v1},
author = {Tilekbay, Bekzat and Yang, Saelyne and Lewkowicz, Michal Adam and Suryapranata, Alex and Kim, Juho},
booktitle = {Proceedings of the 29th International Conference on Intelligent User Interfaces, IUI'24},
doi = {10.1145/3640543.3645164},
eprint = {arXiv:2403.17693v1},





pages = {515--536},
publisher = {ACM},
title = {{ExpressEdit: Video Editing with Natural Language and Sketching}},
url = {https://dl.acm.org/doi/10.1145/3640543.3645164},
year = {2024}
}
@inproceedings{Wang2024,
author = {Wang, Bryan and Li, Yuliang and Lv, Zhaoyang and Xia, Haijun and Xu, Yan and Sodhi, Raj},
booktitle = {Proceedings of the 29th International Conference on Intelligent User Interfaces, IUI'24},
doi = {10.1145/3640543.3645143},


pages = {1--15},
title = {{LAVE: LLM-Powered Agent Assistance and Language Augmentation for Video Editing}},
year = {2024}
}
@inproceedings{Subramonyam2018,


author = {Subramonyam, Hariharan and Li, Wilmot and Adar, Eytan and Dontcheva, Mira},
booktitle = {Proceedings of the 31st Annual ACM Symposium on User Interface Software and Technology, UIST'18},
doi = {10.1145/3242587.3242618},





pages = {663--674},
publisher = {ACM},
title = {{TakeToons}},
url = {https://dl.acm.org/doi/10.1145/3242587.3242618},
year = {2018}
}
@inproceedings{Grimley2018,

author = {Conlen, Matthew and Heer, Jeffrey},
booktitle = {Proceedings of the 31st Annual ACM Symposium on User Interface Software and Technology, UIST'18},
doi = {10.1145/3242587.3242600},



pages = {977--989},
publisher = {ACM},
title = {{IdylL: A markup language for authoring and publishing interactive articles on the web}},
url = {https://dl.acm.org/doi/10.1145/3242587.3242600},
year = {2018}
}
@inproceedings{Amini2015,


author = {Amini, Fereshteh and Riche, Nathalie Henry and Lee, Bongshin and Hurter, Christophe and Irani, Pourang},
booktitle = {Proceedings of the 33rd Annual ACM Conference on Human Factors in Computing Systems, CHI'15},
doi = {10.1145/2702123.2702431},





pages = {1459--1468},
publisher = {ACM},
title = {{Understanding data videos: Looking at narrative visualization through the cinematography lens}},
url = {https://dl.acm.org/doi/10.1145/2702123.2702431},
year = {2015}
}

@article{Morth2023,

author = {Morth, Eric and Bruckner, Stefan and Smit, Noeska N.},
doi = {10.1109/TVCG.2022.3205769},


journal = {IEEE Transactions on Visualization and Computer Graphics},

number = {12},
pages = {5165--5177},

title = {{ScrollyVis: Interactive Visual Authoring of Guided Dynamic Narratives for Scientific Scrollytelling}},
volume = {29},
year = {2023}
}

@inproceedings{Chi2020,

author = {Chi, Peggy and Sun, Zheng and Panovich, Katrina and Essa, Irfan},
booktitle = {Proceedings of the 33rd Annual ACM Symposium on User Interface Software and Technology, UIST'20},
doi = {10.1145/3379337.3415814},




pages = {279--292},
publisher = {ACM},
title = {{Automatic Video Creation From a Web Page}},
url = {https://dl.acm.org/doi/10.1145/3379337.3415814},
year = {2020}
}
@inproceedings{Suh2022,

author = {Suh, Sangho and Zhao, Jian and Law, Edith},
booktitle = {Proceedings of the 35th Annual ACM Symposium on User Interface Software and Technology, UIST'22},
doi = {10.1145/3526113.3545617},



pages = {1--16},
publisher = {ACM},
title = {{CodeToon: Story Ideation, Auto Comic Generation, and Structure Mapping for Code-Driven Storytelling}},
url = {https://dl.acm.org/doi/10.1145/3526113.3545617},
year = {2022}
}
@inproceedings{Hall2022,


author = {Hall, Brian D. and Bartram, Lyn and Brehmer, Matthew},
booktitle = {Proceedings of the 35th Annual ACM Symposium on User Interface Software and Technology, UIST'22},
doi = {10.1145/3526113.3545614},





pages = {1--14},
publisher = {ACM},
title = {{Augmented Chironomia for Presenting Data to Remote Audiences}},
url = {https://dl.acm.org/doi/10.1145/3526113.3545614},
year = {2022}
}
@inproceedings{Xie2023a,
author = {Xie, Liwenhan and Zhou, Zhaoyu and Yu, Kerun and Wang, Yun and Qu, Huamin and Chen, Siming},
booktitle = {Proceedings of the 36th Annual ACM Symposium on User Interface Software and Technology, UIST'23},
doi = {10.1145/3586183.3606813},
pages = {1--14},
publisher = {ACM},
title = {{Wakey-Wakey: Animate Text by Mimicking Characters in a GIF}},
url = {https://dl.acm.org/doi/10.1145/3586183.3606813},
year = {2023}
}
@inproceedings{Chou2023,


archivePrefix = {arXiv},
arxivId = {2309.03790},
author = {Chou, Jean-Pe{\"{i}}c and Siu, Alexa Fay and Lipka, Nedim and Rossi, Ryan and Dernoncourt, Franck and Agrawala, Maneesh},
booktitle = {Proceedings of the 36th Annual ACM Symposium on User Interface Software and Technology, UIST'23},
doi = {10.1145/3586183.3606807},
eprint = {2309.03790},





pages = {1--12},
publisher = {ACM},
title = {{TaleStream: Supporting Story Ideation with Trope Knowledge}},
url = {https://dl.acm.org/doi/10.1145/3586183.3606807},
year = {2023}
}
@inproceedings{Huh2023,


archivePrefix = {arXiv},
arxivId = {2307.07589},
author = {Huh, Mina and Peng, Yi-Hao and Pavel, Amy},
booktitle = {Proceedings of the 36th Annual ACM Symposium on User Interface Software and Technology, UIST'23},
doi = {10.1145/3586183.3606735},
eprint = {2307.07589},




pages = {1--17},
publisher = {ACM},
title = {{GenAssist: Making Image Generation Accessible}},
url = {https://dl.acm.org/doi/10.1145/3586183.3606735},
year = {2023}
}
@article{Shi2023,

author = {Shi, Yang and Gao, Tian and Jiao, Xiaohan and Cao, Nan},
doi = {10.1145/3610217},


journal = {Proceedings of the ACM on Human-Computer Interaction},


number = {CSCW2},
pages = {1--35},
title = {{Understanding Design Collaboration Between Designers and Artificial Intelligence: A Systematic Literature Review}},
url = {https://dl.acm.org/doi/10.1145/3610217},
volume = {7},
year = {2023}
}
@article{August2024,

archivePrefix = {arXiv},
arxivId = {2403.04979v1},
author = {August, Tal and Lo, Kyle and Smith, Noah A and Reinecke, Katharina},
doi = {10.1145/3613904.3642289},
eprint = {2403.04979v1},


journal = {Proceedings of the CHI Conference on Human Factors in Computing Systems (CHI '24), May 11{\^{a}}•ﬁ16, 2024, Honolulu, HI, USA},


pages = {26},
title = {{Know Your Audience: The benefits and pitfalls of generating plain language summaries beyond the ``general'' audience}},
url = {https://doi.org/10.1145/3613904.3642289},
volume = {1},
year = {2024}
}
@book{Shi2024,
author = {Author, Anonymous},
booktitle = {Proceedings of the CHI Conference on Human Factors in Computing Systems, CHI '24},
doi = {10.1145/3613904.3642711},




number = {1},
pages = {1--24},
publisher = {Association for Computing Machinery},
title = {{Piet : Facilitating Color Authoring for Motion Graphics Video}},
volume = {1},
year = {2018}
}
@inproceedings{Hao2024,
author = {Hao, Shan and Wang, Zezhong and Bach, Benjamin and Pschetz, Larissa},
booktitle = {Proceedings of the CHI Conference on Human Factors in Computing Systems, CHI'24},
doi = {10.1145/3613904.3641916},
pages = {1--16},
publisher = {ACM},
title = {{Design Patterns for Data-Driven News Articles}},
url = {https://dl.acm.org/doi/10.1145/3613904.3641916},
year = {2024}
}
@inproceedings{Shao2024,


archivePrefix = {arXiv},
arxivId = {2402.12634},
author = {Shao, Hongbo and Martinez-Maldonado, Roberto and Echeverria, Vanessa and Yan, Lixiang and Gasevic, Dragan},
booktitle = {Proceedings of the CHI Conference on Human Factors in Computing Systems, CHI'24},
doi = {10.1145/3613904.3643022},
eprint = {2402.12634},




pages = {1--21},
publisher = {ACM},
title = {{Data Storytelling in Data Visualisation: Does it Enhance the Efficiency and Effectiveness of Information Retrieval and Insights Comprehension?}},
url = {http://arxiv.org/abs/2402.12634{\%}0Ahttp://dx.doi.org/10.1145/3613904.3643022 https://dl.acm.org/doi/10.1145/3613904.3643022},
year = {2024}
}
@inproceedings{Zhang,

archivePrefix = {arXiv},
arxivId = {2302.05543},
author = {Zhang, Lvmin and Rao, Anyi and Agrawala, Maneesh},
booktitle = {Proceedings of the IEEE International Conference on Computer Vision},
doi = {10.1109/ICCV51070.2023.00355},
eprint = {2302.05543},




pages = {3813--3824},
title = {{Adding Conditional Control to Text-to-Image Diffusion Models}},
year = {2023}
}
@inproceedings{Dragicevic2011,

author = {Dragicevic, Pierre and Bezerianos, Anastasia and Javed, Waqas and Elmqvist, Niklas and Fekete, Jean-Daniel},
booktitle = {Proceedings of the SIGCHI Conference on Human Factors in Computing Systems, CHI'11},
doi = {10.1145/1978942.1979233},





pages = {2009--2018},
publisher = {ACM},
title = {{Temporal distortion for animated transitions}},
url = {https://dl.acm.org/doi/10.1145/1978942.1979233},
year = {2011}
}
@inproceedings{Amini2018a,


author = {Amini, Fereshteh and Riche, Nathalie Henry and Lee, Bongshin and Leboe-McGowan, Jason and Irani, Pourang},
booktitle = {Proceedings of the Workshop on Advanced Visual Interfaces, AVI'18},
doi = {10.1145/3206505.3206552},





pages = {1--9},
publisher = {ACM},
title = {{Hooked on data videos: Assessing the effect of animation and pictographs on viewer engagement}},
url = {https://dl.acm.org/doi/10.1145/3206505.3206552},
year = {2018}
}
@inproceedings{Chevalier2016,
author = {Chevalier, Fanny and Riche, Nathalie Henry and Plaisant, Catherine and Chalbi, Amira and Hurter, Christophe},
booktitle = {Proceedings of the Workshop on Advanced Visual Interfaces, AVI'16},
doi = {10.1145/2909132.2909255},
publisher = {ACM},
pages = {280--287},
title = {{Animations 25 years later: New roles and opportunities}},
year = {2016}
}
@article{Sun2016,

author = {Sun, Zhida and Sun, Mingfei and Cao, Nan and Ma, Xiaojuan},
doi = {10.1145/3002151.3002159},


journal = {SA 2016 - SIGGRAPH ASIA 2016 Symposium on Visualization},


title = {{VideoForest: Interactive visual summarization of video streams based on danmu data}},
year = {2016}
}
@article{Li2023a,
archivePrefix = {arXiv},
arxivId = {2304.08366},
author = {Li, Haotian and Wang, Yun and Liao, Q. Vera and Qu, Huamin},
eprint = {2304.08366},

journal = {arxiv},

title = {{Why is AI not a Panacea for Data Workers? An Interview Study on Human-AI Collaboration in Data Storytelling}},
year = {2023}
}

@article{Wang2016e,
author = {Wang, Yun and Chen, Zhutian and Li, Quan and Ma, Xiaojuan and Luo, Qiong and Qu, Huamin},
doi = {10.1145/3002151.3002155},
journal = {SA 2016 - SIGGRAPH ASIA 2016 Symposium on Visualization},

title = {{Animated narrative visualization for video clickstream data}},
year = {2016}
}

@book{munzner2014visualization,
  title={Visualization analysis and design},
  author={Munzner, Tamara},
  year={2014},
  publisher={CRC press}
}
@book{nielsen1999designing,
  title={Designing web usability: The practice of simplicity},
  author={Nielsen, Jakob},
  year={1999},
  publisher={New riders publishing}
}
@inproceedings{Peng2021,

author = {Peng, Yi-Hao and Bigham, Jeffrey P. and Pavel, Amy},
booktitle = {The 23rd International ACM SIGACCESS Conference on Computers and Accessibility,},
doi = {10.1145/3441852.3471234},

pages = {1--12},
publisher = {ACM},
title = {{Slidecho: Flexible Non-Visual Exploration of Presentation Videos}},
url = {https://dl.acm.org/doi/10.1145/3441852.3471234},
year = {2021}
}
@inproceedings{Zhong,

archivePrefix = {arXiv},
arxivId = {arXiv:2108.03356v1},
author = {Zhong, Mingyuan and Li, Gang and Chi, Peggy and Li, Yang},
booktitle = {The 34th Annual ACM Symposium on User Interface Software and Technology},
doi = {10.1145/3472749.3474812},
eprint = {arXiv:2108.03356v1},

number = {2},
pages = {1144--1153},
publisher = {ACM},
title = {{HelpViz: Automatic Generation of Contextual Visual Mobile Tutorials from Text-Based Instructions}},
url = {https://dl.acm.org/doi/10.1145/3472749.3474812},
year = {2021}
}

@inproceedings{Wang2024f,
author = {Wang, Sitong and Menon, Samia and Long, Tao and Henderson, Keren and Li, Dingzeyu and Crowston, Kevin and Hansen, Mark and Nickerson, Jeffrey V. and Chilton, Lydia B.},
booktitle = {Proceedings of the CHI Conference on Human Factors in Computing Systems, CHI'24},
doi = {10.1145/3613904.3642868},
pages = {1--20},
publisher = {ACM},
title = {{ReelFramer: Human-AI Co-Creation for News-to-Video Translation}},
url = {https://dl.acm.org/doi/10.1145/3613904.3642868},
year = {2024}
}


@inproceedings {xie2024waitgpt,
    title = {WaitGPT: Monitoring and Steering Conversational LLM Agent in Data Analysis with On-the-Fly Code Visualization},
    author = {Liwenhan Xie and Chengbo Zheng and Haijun Xia and Huamin Qu and Chen Zhu-Tian},
    booktitle = {Proceedings of the 37th Annual ACM Symposium on User Interface Software and Technology, UIST'24},
    year = {2024},
    numpages = {14},
    articleno = {52},
    publisher = {ACM},
    url = {https://doi.org/10.1145/3654777.3676374},
    doi = {10.1145/3654777.3676374},
}
@inproceedings{Conlen2021,

author = {Conlen, Matthew and Vo, Megan and Tan, Alan and Heer, Jeffrey},
booktitle = {The 34th Annual ACM Symposium on User Interface Software and Technology, UIST'21},
doi = {10.1145/3472749.3474731},




pages = {1--12},
publisher = {ACM},
title = {{Idyll Studio: A Structured Editor forAuthoring Interactive {\&} Data-Driven Articles}},
url = {https://dl.acm.org/doi/10.1145/3472749.3474731},
year = {2021}
}
@inproceedings{Chi2021a,


author = {Chi, Peggy and Frey, Nathan and Panovich, Katrina and Essa, Irfan},
booktitle = {The 34th Annual ACM Symposium on User Interface Software and Technology, UIST'21},
doi = {10.1145/3472749.3474778},





pages = {677--690},
publisher = {ACM},
title = {{Automatic Instructional Video Creation from a Markdown-Formatted Tutorial}},
url = {https://dl.acm.org/doi/10.1145/3472749.3474778},
year = {2021}
}
@inproceedings{Chi2022,

author = {Chi, Peggy and Dong, Tao and Frueh, Christian and Colonna, Brian and Kwatra, Vivek and Essa, Irfan},
booktitle = {The 35th Annual ACM Symposium on User Interface Software and Technology, UIST'22},
doi = {10.1145/3526113.3545676},




pages = {1--10},
publisher = {ACM},
title = {{Synthesis-Assisted Video Prototyping From a Document}},
url = {https://dl.acm.org/doi/10.1145/3526113.3545676},
year = {2022}
}
@article{Willett2017,

author = {Willett, Nora S. and Li, Wilmot and Popovi{\'{c}}, Jovan and Finkelstein, Adam},
doi = {10.1145/3126594.3126596},


journal = {UIST 2017 - Proceedings of the 30th Annual ACM Symposium on User Interface Software and Technology},


pages = {85--95},
title = {{Triggering artwork swaps for live animation}},
year = {2017}
}
@article{Zhang2023a,

author = {Zhang, Zheng and Ning, Zheng and Xu, Chenliang and Tian, Yapeng and Li, Toby Jia Jun},
doi = {10.1145/3586183.3606776},


journal = {UIST 2023 - Proceedings of the 36th Annual ACM Symposium on User Interface Software and Technology},


title = {{PEANUT: A Human-AI Collaborative Tool for Annotating Audio-Visual Data}},
year = {2023}
}
@article{Cao2020a,

author = {Cao, Ruochen and Dey, Subrata and Cunningham, Andrew and Walsh, James and Smith, Ross T. and Zucco, Joanne E. and Thomas, Bruce H.},
doi = {10.1016/j.visinf.2019.12.002},


journal = {Visual Informatics},


number = {1},
pages = {8--22},
publisher = {Elsevier B.V.},
title = {{Examining the use of narrative constructs in data videos}},
url = {https://doi.org/10.1016/j.visinf.2019.12.002},
volume = {4},
year = {2020}
}


@inproceedings{Linenet,
author = {Luo, Yuyu and Zhou, Yihui and Tang, Nan and Li, Guoliang and Chai, Chengliang and Shen, Leixian},
booktitle = {Proceedings of the ACM on Management of Data, SIGMOD'23},
doi = {10.1145/3588942},


pages = {1--29},
publisher = {ACM},
title = {{Learned Data-aware Image Representations of Line Charts for Similarity Search}},
year = {2023}
}
@article{vistalk,
author = {Wang, Yun and Hou, Zhitao and Shen, Leixian and Wu, Tongshuang and Wang, Jiaqi and Huang, He and Zhang, Haidong and Zhang, Dongmei},
doi = {10.1109/TVCG.2022.3209357},

journal = {IEEE Transactions on Visualization and Computer Graphics},

number = {1},
pages = {1222 -- 1232},
title = {{Towards Natural Language-Based Visualization Authoring}},
volume = {29},
year = {2023}
}
@article{NLISurvey,
author = {Shen, Leixian and Shen, Enya and Luo, Yuyu and Yang, Xiaocong and Hu, Xuming and Zhang, Xiongshuai and Tai, Zhiwei and Wang, Jianmin},
doi = {10.1109/TVCG.2022.3148007},

journal = {IEEE Transactions on Visualization and Computer Graphics},

number = {6},
pages = {3121--3144},
title = {{Towards Natural Language Interfaces for Data Visualization: A Survey}},
volume = {29},
year = {2023}
}
@article{NotePlayer,
author = {Ouyang, Yang and Shen, Leixian and Wang, Yun and Li, Quan},
doi = {10.1145/3654777.3676410},
journal = {Proceedings of the 37th Annual ACM Symposium on User Interface Software and Technology, UIST'24},
pages = {1--15},
publisher = {ACM},
title = {{NotePlayer: Engaging Jupyter Notebooks for Dynamic Presentation of Analytical Processes}},
year = {2024}
}
@article{taskvisDSE,
author = {Shen, Leixian and Shen, Enya and Tai, Zhiwei and Xu, Yihao and Dong, Jiaxiang and Wang, Jianmin},
doi = {10.1007/s41019-022-00195-3},

journal = {Data Science and Engineering},

number = {4},
pages = {354--369},
title = {{Visual Data Analysis with Task-Based Recommendations}},
volume = {7},
year = {2022}
}
@inproceedings{PyGWalker,
author = {Yu, Yue and Shen, Leixian and Long, Fei and Qu, Huamin and Chen, Hao},
booktitle = {Proceedings of IEEE Visualization and Visual Analytics, IEEE VIS'24},


pages = {1--5},
publisher = {IEEE},
title = {{PyGWalker: On-the-fly Assistant for Exploratory Visual Data Analysis}},
year = {2024}
}
@inproceedings{galvis,
author = {Shen, Leixian and Shen, Enya and Tai, Zhiwei and Wang, Yun and Luo, Yuyu and Wang, Jianmin},
booktitle = {Proceedings of the 31st ACM International Conference on Information {\&} Knowledge Management, CIKM'22},
doi = {10.1145/3511808.3557159},




pages = {4975--4979},
publisher = {ACM},
title = {{GALVIS: Visualization Construction through Example-Powered Declarative Programming}},
url = {https://dl.acm.org/doi/10.1145/3511808.3557159},
year = {2022}
}
@inproceedings{taskvis,
author = {Shen, Leixian and Shen, Enya and Tai, Zhiwei and Song, Yiran and Wang, Jianmin},
booktitle = {Proceedings of the 23th Eurographics Conference on Visualization, EuroVis'21},
doi = {10.2312/evs.20211061},


pages = {91--95},
publisher = {Eurographics},
title = {{TaskVis: Task-oriented Visualization Recommendation}},
year = {2021}
}


@article{remex,
archivePrefix = {arXiv},
arxivId = {2501.03603},
author = {Li, Haotian and Ying, Lu and Shen, Leixian and Wang, Yun and Wu, Yingcai and Qu, Huamin},
eprint = {2501.03603},
journal = {arXiv},
pages = {1--15},
title = {{Composing Data Stories with Meta Relations}},
year = {2025}
}
