@article{5D_SO3,
  author       = {Yi Zhou and
                  Connelly Barnes and
                  Jingwan Lu and
                  Jimei Yang and
                  Hao Li},
  title        = {On the Continuity of Rotation Representations in Neural Networks},
  journal      = {CoRR},
  volume       = {abs/1812.07035},
  year         = {2018},
  eprinttype    = {arXiv},
  eprint       = {1812.07035},
  timestamp    = {Wed, 13 Dec 2023 07:55:16 +0100},
  biburl       = {https://dblp.org/rec/journals/corr/abs-1812-07035.bib},
  bibsource    = {dblp computer science bibliography, https://dblp.org}
}

@article{Gualtieri2020hierarchical,
  author       = {Marcus Gualtieri and
                  Robert Platt Jr.},
  title        = {Learning Manipulation Skills via Hierarchical Spatial Attention},
  journal      = {{IEEE} Trans. Robotics},
  volume       = {36},
  number       = {4},
  pages        = {1067--1078},
  year         = {2020},
  doi          = {10.1109/TRO.2020.2974093},
  timestamp    = {Wed, 26 Aug 2020 11:04:05 +0200},
  biburl       = {https://dblp.org/rec/journals/trob/GualtieriP20.bib},
  bibsource    = {dblp computer science bibliography, https://dblp.org}
}

@INPROCEEDINGS{Huang-RSS-22, 
    AUTHOR    = {Haojie Huang AND Dian Wang AND Robin Walters AND Robert Platt}, 
    TITLE     = {{Equivariant Transporter Network}}, 
    BOOKTITLE = {Proceedings of Robotics: Science and Systems}, 
    YEAR      = {2022}, 
    ADDRESS   = {New York City, NY, USA}, 
    MONTH     = {June}, 
    DOI       = {10.15607/RSS.2022.XVIII.007} 
}

@article{LSTM_GMM,
  author       = {Ajay Mandlekar and
                  Danfei Xu and
                  Josiah Wong and
                  Soroush Nasiriany and
                  Chen Wang and
                  Rohun Kulkarni and
                  Li Fei{-}Fei and
                  Silvio Savarese and
                  Yuke Zhu and
                  Roberto Mart{\'{\i}}n{-}Mart{\'{\i}}n},
  title        = {What Matters in Learning from Offline Human Demonstrations for Robot
                  Manipulation},
  journal      = {CoRR},
  volume       = {abs/2108.03298},
  year         = {2021},
  eprinttype    = {arXiv},
  eprint       = {2108.03298},
  timestamp    = {Wed, 11 Aug 2021 15:24:08 +0200},
  biburl       = {https://dblp.org/rec/journals/corr/abs-2108-03298.bib},
  bibsource    = {dblp computer science bibliography, https://dblp.org}
}

@INPROCEEDINGS{Morrison-RSS-18, 
    AUTHOR    = {Douglas Morrison AND Juxi Leitner AND Peter Corke}, 
    TITLE     = {Closing the Loop for Robotic Grasping: A Real-time, Generative Grasp Synthesis Approach}, 
    BOOKTITLE = {Proceedings of Robotics: Science and Systems}, 
    YEAR      = {2018}, 
    ADDRESS   = {Pittsburgh, Pennsylvania}, 
    MONTH     = {June}, 
    DOI       = {10.15607/RSS.2018.XIV.021} 
}

@inproceedings{cesa2022a,
    title={A Program to Build {E(N)}-Equivariant Steerable {CNN}s },
    author={Gabriele Cesa and Leon Lang and Maurice Weiler},
    booktitle={International Conference on Learning Representations},
    year={2022},
}

@inproceedings{chi2023diffusionpolicy,
	title={Diffusion Policy: Visuomotor Policy Learning via Action Diffusion},
	author={Chi, Cheng and Feng, Siyuan and Du, Yilun and Xu, Zhenjia and Cousineau, Eric and Burchfiel, Benjamin and Song, Shuran},
	booktitle={Proceedings of Robotics: Science and Systems (RSS)},
	year={2023}
}

@inproceedings{cohen2016group,
  title={Group equivariant convolutional networks},
  author={Cohen, Taco and Welling, Max},
  booktitle={International conference on machine learning},
  pages={2990--2999},
  year={2016},
  organization={PMLR}
}

@inproceedings{cohensteerable,
  title={Steerable CNNs},
  author={Cohen, Taco S and Welling, Max},
  booktitle={International Conference on Learning Representations},
  year={2017}
}

@inproceedings{deng2021vector,
  title={Vector neurons: A general framework for so (3)-equivariant networks},
  author={Deng, Congyue and Litany, Or and Duan, Yueqi and Poulenard, Adrien and Tagliasacchi, Andrea and Guibas, Leonidas J},
  booktitle={Proceedings of the IEEE/CVF International Conference on Computer Vision},
  pages={12200--12209},
  year={2021}
}

@article{end2end_deep_visuomotor,
  author       = {Sergey Levine and
                  Chelsea Finn and
                  Trevor Darrell and
                  Pieter Abbeel},
  title        = {End-to-End Training of Deep Visuomotor Policies},
  journal      = {CoRR},
  volume       = {abs/1504.00702},
  year         = {2015},
  eprinttype    = {arXiv},
  eprint       = {1504.00702},
  timestamp    = {Mon, 13 Aug 2018 16:47:04 +0200},
  biburl       = {https://dblp.org/rec/journals/corr/LevineFDA15.bib},
  bibsource    = {dblp computer science bibliography, https://dblp.org}
}

@inproceedings{florence2022implicit,
  title={Implicit behavioral cloning},
  author={Florence, Pete and Lynch, Corey and Zeng, Andy and Ramirez, Oscar A and Wahid, Ayzaan and Downs, Laura and Wong, Adrian and Lee, Johnny and Mordatch, Igor and Tompson, Jonathan},
  booktitle={Conference on Robot Learning},
  pages={158--168},
  year={2022},
  organization={PMLR}
}

@article{fuchs2020se,
  title={Se (3)-transformers: 3d roto-translation equivariant attention networks},
  author={Fuchs, Fabian and Worrall, Daniel and Fischer, Volker and Welling, Max},
  journal={Advances in Neural Information Processing Systems},
  volume={33},
  pages={1970--1981},
  year={2020}
}

@inproceedings{gervet2023act3d,
  title={Act3D: 3D Feature Field Transformers for Multi-Task Robotic Manipulation},
  author={Gervet, Theophile and Xian, Zhou and Gkanatsios, Nikolaos and Fragkiadaki, Katerina},
  booktitle={Conference on Robot Learning},
  pages={3949--3965},
  year={2023},
  organization={PMLR}
}

@article{huang2022edge,
  title={Edge Grasp Network: A Graph-Based SE (3)-invariant Approach to Grasp Detection},
  author={Huang, Haojie and Wang, Dian and Zhu, Xupeng and Walters, Robin and Platt, Robert},
  journal={arXiv preprint arXiv:2211.00191},
  year={2022}
}

@article{huang2024imagination,
  title={Imagination Policy: Using Generative Point Cloud Models for Learning Manipulation Policies},
  author={Huang, Haojie and Schmeckpeper, Karl and Wang, Dian and Biza, Ondrej and Qian, Yaoyao and Liu, Haotian and Jia, Mingxi and Platt, Robert and Walters, Robin},
  journal={arXiv preprint arXiv:2406.11740},
  year={2024}
}

@inproceedings{huorbitgrasp,
  title={OrbitGrasp: SE (3)-Equivariant Grasp Learning},
  author={Hu, Boce and Zhu, Xupeng and Wang, Dian and Dong, Zihao and Huang, Haojie and Wang, Chenghao and Walters, Robin and Platt, Robert},
  booktitle={8th Annual Conference on Robot Learning},
  year={2024}
}

@article{james2021arm,
  author       = {Stephen James and
                  Andrew J. Davison},
  title        = {Q-attention: Enabling Efficient Learning for Vision-based Robotic
                  Manipulation},
  journal      = {CoRR},
  year         = {2021},
  eprinttype    = {arXiv},
  timestamp    = {Wed, 02 Jun 2021 11:46:42 +0200},
  biburl       = {https://dblp.org/rec/journals/corr/abs-2105-14829.bib},
  bibsource    = {dblp computer science bibliography, https://dblp.org}
}

@inproceedings{james2022coarse,
  title={Coarse-to-fine q-attention: Efficient learning for visual robotic manipulation via discretisation},
  author={James, Stephen and Wada, Kentaro and Laidlow, Tristan and Davison, Andrew J},
  booktitle={Proceedings of the IEEE/CVF Conference on Computer Vision and Pattern Recognition},
  pages={13739--13748},
  year={2022}
}

@inproceedings{jia2023seil,
  title={SEIL: Simulation-augmented Equivariant Imitation Learning},
  author={Jia, Mingxi and Wang, Dian and Su, Guanang and Klee, David and Zhu, Xupeng and Walters, Robin and Platt, Robert},
  booktitle={2023 IEEE International Conference on Robotics and Automation (ICRA)},
  pages={1845--1851},
  year={2023},
  organization={IEEE}
}

@article{rvt,
  title={RVT: Robotic View Transformer for 3D Object Manipulation},
  author={Goyal, Ankit and Xu, Jie and Guo, Yijie and Blukis, Valts and Chao, Yu-Wei and Fox, Dieter},
  journal={CoRL},
  year={2023}
}

@misc{ryu2023diffusionedfs,
      title={Diffusion-EDFs: Bi-equivariant Denoising Generative Modeling on SE(3) for Visual Robotic Manipulation}, 
      author={Hyunwoo Ryu and Jiwoo Kim and Hyunseok An and Junwoo Chang and Joohwan Seo and Taehan Kim and Yubin Kim and Chaewon Hwang and Jongeun Choi and Roberto Horowitz},
      year={2023},
      eprint={2309.02685},
      archivePrefix={arXiv},
      primaryClass={cs.RO}
}

@inproceedings{shridhar2023perceiver,
  title={Perceiver-actor: A multi-task transformer for robotic manipulation},
  author={Shridhar, Mohit and Manuelli, Lucas and Fox, Dieter},
  booktitle={Conference on Robot Learning},
  pages={785--799},
  year={2023},
  organization={PMLR}
}

@inproceedings{simeonov2022neural,
  title={Neural descriptor fields: Se (3)-equivariant object representations for manipulation},
  author={Simeonov, Anthony and Du, Yilun and Tagliasacchi, Andrea and Tenenbaum, Joshua B and Rodriguez, Alberto and Agrawal, Pulkit and Sitzmann, Vincent},
  booktitle={2022 International Conference on Robotics and Automation (ICRA)},
  pages={6394--6400},
  year={2022},
  organization={IEEE}
}

@article{thomas2018tensor,
  title={Tensor field networks: Rotation-and translation-equivariant neural networks for 3d point clouds},
  author={Thomas, Nathaniel and Smidt, Tess and Kearnes, Steven and Yang, Lusann and Li, Li and Kohlhoff, Kai and Riley, Patrick},
  journal={arXiv preprint arXiv:1802.08219},
  year={2018}
}

@article{vaswani2017attention,
  title={Attention is all you need},
  author={Vaswani, A},
  journal={Advances in Neural Information Processing Systems},
  year={2017}
}

@inproceedings{wang2021policy,
  title={Policy learning in SE (3) action spaces},
  author={Wang, Dian and Kohler, Colin and Platt, Robert},
  booktitle={Conference on Robot Learning},
  pages={1481--1497},
  year={2021},
  organization={PMLR}
}

@inproceedings{wangequivariant,
  title={Equivariant Diffusion Policy},
  author={Wang, Dian and Hart, Stephen and Surovik, David and Kelestemur, Tarik and Huang, Haojie and Zhao, Haibo and Yeatman, Mark and Wang, Jiuguang and Walters, Robin and Platt, Robert},
  booktitle={8th Annual Conference on Robot Learning},
  year={2024}
}

@article{weiler2019general,
  title={General e (2)-equivariant steerable cnns},
  author={Weiler, Maurice and Cesa, Gabriele},
  journal={Advances in Neural Information Processing Systems},
  volume={32},
  year={2019}
}

@inproceedings{zeng2018robotic,
  title={Robotic pick-and-place of novel objects in clutter with multi-affordance grasping and cross-domain image matching},
  author={Zeng, Andy and Song, Shuran and Yu, Kuan-Ting and Donlon, Elliott and Hogan, Francois R and Bauza, Maria and Ma, Daolin and Taylor, Orion and Liu, Melody and Romo, Eudald and others},
  booktitle={2018 IEEE international conference on robotics and automation (ICRA)},
  pages={3750--3757},
  year={2018},
  organization={IEEE}
}

@inproceedings{zeng2021transporter,
  title={Transporter networks: Rearranging the visual world for robotic manipulation},
  author={Zeng, Andy and Florence, Pete and Tompson, Jonathan and Welker, Stefan and Chien, Jonathan and Attarian, Maria and Armstrong, Travis and Krasin, Ivan and Duong, Dan and Sindhwani, Vikas and others},
  booktitle={Conference on Robot Learning},
  pages={726--747},
  year={2021},
  organization={PMLR}
}

@article{zhao2022integrating,
  title={Integrating symmetry into differentiable planning with steerable convolutions},
  author={Zhao, Linfeng and Zhu, Xupeng and Kong, Lingzhi and Walters, Robin and Wong, Lawson LS},
  journal={arXiv preprint arXiv:2206.03674},
  year={2022}
}

@misc{zhao2023learning,
      title={Learning Fine-Grained Bimanual Manipulation with Low-Cost Hardware}, 
      author={Tony Z. Zhao and Vikash Kumar and Sergey Levine and Chelsea Finn},
      year={2023},
      eprint={2304.13705},
      archivePrefix={arXiv},
      primaryClass={cs.RO}
}

@article{zhu2022grasp,
  title={Sample Efficient Grasp Learning Using Equivariant Models},
  author={Zhu, Xupeng and Wang, Dian and Biza, Ondrej and Su, Guanang and Walters, Robin and Platt, Robert},
  journal={Proceedings of Robotics: Science and Systems (RSS)},
  year={2022} }

@article{zhu2023grasp,
  title={On Robot Grasp Learning Using Equivariant Models},
  author={Zhu, Xupeng and Wang, Dian and Su, Guanang and Biza, Ondrej and Walters, Robin and Platt, Robert },
  journal={Autonomous Robots},
  year={2023} }

@inproceedings{zhu2023viola,
  title={VIOLA: Object-Centric Imitation Learning for Vision-Based Robot Manipulation},
  author={Zhu, Yifeng and Joshi, Abhishek and Stone, Peter and Zhu, Yuke},
  booktitle={Conference on Robot Learning},
  pages={1199--1210},
  year={2023},
  organization={PMLR}
}

