@inproceedings{shridhar2023perceiver,
  title={Perceiver-actor: A multi-task transformer for robotic manipulation},
  author={Shridhar, Mohit and Manuelli, Lucas and Fox, Dieter},
  booktitle={Conference on Robot Learning},
  pages={785--799},
  year={2023},
  organization={PMLR}
}

@INPROCEEDINGS{SEIL,
  author={Jia, Mingxi and Wang, Dian and Su, Guanang and Klee, David and Zhu, Xupeng and Walters, Robin and Platt, Robert},
  booktitle={2023 IEEE International Conference on Robotics and Automation (ICRA)}, 
  title={SEIL: Simulation-augmented Equivariant Imitation Learning}, 
  year={2023},
  volume={},
  number={},
  pages={1845-1851},
  keywords={Automation;Machine learning;Data augmentation;Data models;Trajectory;Task analysis;Robots},
  doi={10.1109/ICRA48891.2023.10161252}}

@article{cliport,
  author       = {Mohit Shridhar and
                  Lucas Manuelli and
                  Dieter Fox},
  title        = {CLIPort: What and Where Pathways for Robotic Manipulation},
  journal      = {CoRR},
  volume       = {abs/2109.12098},
  year         = {2021},
  eprinttype    = {arXiv},
  eprint       = {2109.12098},
  timestamp    = {Mon, 27 Sep 2021 15:21:05 +0200},
  biburl       = {https://dblp.org/rec/journals/corr/abs-2109-12098.bib},
  bibsource    = {dblp computer science bibliography, https://dblp.org}
}

@article{deictic,
  author       = {Robert Platt Jr. and
                  Colin Kohler and
                  Marcus Gualtieri},
  title        = {Deictic Image Maps: An Abstraction For Learning Pose Invariant Manipulation
                  Policies},
  journal      = {CoRR},
  volume       = {abs/1806.10045},
  year         = {2018},
  eprinttype    = {arXiv},
  eprint       = {1806.10045},
  timestamp    = {Mon, 13 Aug 2018 16:48:13 +0200},
  biburl       = {https://dblp.org/rec/journals/corr/abs-1806-10045.bib},
  bibsource    = {dblp computer science bibliography, https://dblp.org}
}

@inproceedings{zeng2021transporter,
  title={Transporter networks: Rearranging the visual world for robotic manipulation},
  author={Zeng, Andy and Florence, Pete and Tompson, Jonathan and Welker, Stefan and Chien, Jonathan and Attarian, Maria and Armstrong, Travis and Krasin, Ivan and Duong, Dan and Sindhwani, Vikas and others},
  booktitle={Conference on Robot Learning},
  pages={726--747},
  year={2021},
  organization={PMLR}
}

@INPROCEEDINGS{VPG,
  author={Zeng, Andy and Song, Shuran and Welker, Stefan and Lee, Johnny and Rodriguez, Alberto and Funkhouser, Thomas},
  booktitle={2018 IEEE/RSJ International Conference on Intelligent Robots and Systems (IROS)}, 
  title={Learning Synergies Between Pushing and Grasping with Self-Supervised Deep Reinforcement Learning}, 
  year={2018},
  volume={},
  number={},
  pages={4238-4245},
  keywords={Grasping;Training;Three-dimensional displays;Reinforcement learning;Planning;Manipulators},
  doi={10.1109/IROS.2018.8593986}}

@article{perceiverIO,
  author       = {Andrew Jaegle and
                  Sebastian Borgeaud and
                  Jean{-}Baptiste Alayrac and
                  Carl Doersch and
                  Catalin Ionescu and
                  David Ding and
                  Skanda Koppula and
                  Daniel Zoran and
                  Andrew Brock and
                  Evan Shelhamer and
                  Olivier J. H{\'{e}}naff and
                  Matthew M. Botvinick and
                  Andrew Zisserman and
                  Oriol Vinyals and
                  Jo{\~{a}}o Carreira},
  title        = {Perceiver {IO:} {A} General Architecture for Structured Inputs {\&}
                  Outputs},
  journal      = {CoRR},
  volume       = {abs/2107.14795},
  year         = {2021},
  eprinttype    = {arXiv},
  eprint       = {2107.14795},
  timestamp    = {Tue, 03 Aug 2021 14:53:34 +0200},
  biburl       = {https://dblp.org/rec/journals/corr/abs-2107-14795.bib},
  bibsource    = {dblp computer science bibliography, https://dblp.org}
}

@article{Unet,
  author       = {Olaf Ronneberger and
                  Philipp Fischer and
                  Thomas Brox},
  title        = {U-Net: Convolutional Networks for Biomedical Image Segmentation},
  journal      = {CoRR},
  volume       = {abs/1505.04597},
  year         = {2015},
  eprinttype    = {arXiv},
  eprint       = {1505.04597},
  timestamp    = {Mon, 13 Aug 2018 16:46:52 +0200},
  biburl       = {https://dblp.org/rec/journals/corr/RonnebergerFB15.bib},
  bibsource    = {dblp computer science bibliography, https://dblp.org}
}

@article{3DUnet,
  author       = {{\"{O}}zg{\"{u}}n {\c{C}}i{\c{c}}ek and
                  Ahmed Abdulkadir and
                  Soeren S. Lienkamp and
                  Thomas Brox and
                  Olaf Ronneberger},
  title        = {3D U-Net: Learning Dense Volumetric Segmentation from Sparse Annotation},
  journal      = {CoRR},
  volume       = {abs/1606.06650},
  year         = {2016},
  eprinttype    = {arXiv},
  eprint       = {1606.06650},
  timestamp    = {Mon, 13 Aug 2018 16:47:29 +0200},
  biburl       = {https://dblp.org/rec/journals/corr/CicekALBR16.bib},
  bibsource    = {dblp computer science bibliography, https://dblp.org}
}

@article{lamb,
  author       = {Yang You and
                  Jing Li and
                  Jonathan Hseu and
                  Xiaodan Song and
                  James Demmel and
                  Cho{-}Jui Hsieh},
  title        = {Reducing {BERT} Pre-Training Time from 3 Days to 76 Minutes},
  journal      = {CoRR},
  volume       = {abs/1904.00962},
  year         = {2019},
  eprinttype    = {arXiv},
  eprint       = {1904.00962},
  timestamp    = {Sat, 17 Dec 2022 01:15:27 +0100},
  biburl       = {https://dblp.org/rec/journals/corr/abs-1904-00962.bib},
  bibsource    = {dblp computer science bibliography, https://dblp.org}
}

@misc{yenchen2022mira,
      title={MIRA: Mental Imagery for Robotic Affordances}, 
      author={Lin Yen-Chen and Pete Florence and Andy Zeng and Jonathan T. Barron and Yilun Du and Wei-Chiu Ma and Anthony Simeonov and Alberto Rodriguez Garcia and Phillip Isola},
      year={2022},
      eprint={2212.06088},
      archivePrefix={arXiv},
      primaryClass={cs.RO}
}

@article{wu2020spatial,
  title={Spatial action maps for mobile manipulation},
  author={Wu, Jimmy and Sun, Xingyuan and Zeng, Andy and Song, Shuran and Lee, Johnny and Rusinkiewicz, Szymon and Funkhouser, Thomas},
  journal={arXiv preprint arXiv:2004.09141},
  year={2020}
}

@misc{jiang2023vima,
      title={VIMA: General Robot Manipulation with Multimodal Prompts}, 
      author={Yunfan Jiang and Agrim Gupta and Zichen Zhang and Guanzhi Wang and Yongqiang Dou and Yanjun Chen and Li Fei-Fei and Anima Anandkumar and Yuke Zhu and Linxi Fan},
      year={2023},
      eprint={2210.03094},
      archivePrefix={arXiv},
      primaryClass={cs.RO}
}

@INPROCEEDINGS{Huang-RSS-22, 
    AUTHOR    = {Haojie Huang AND Dian Wang AND Robin Walters AND Robert Platt}, 
    TITLE     = {{Equivariant Transporter Network}}, 
    BOOKTITLE = {Proceedings of Robotics: Science and Systems}, 
    YEAR      = {2022}, 
    ADDRESS   = {New York City, NY, USA}, 
    MONTH     = {June}, 
    DOI       = {10.15607/RSS.2022.XVIII.007} 
} 

@inproceedings{simeonov2022neural,
  title={Neural descriptor fields: Se (3)-equivariant object representations for manipulation},
  author={Simeonov, Anthony and Du, Yilun and Tagliasacchi, Andrea and Tenenbaum, Joshua B and Rodriguez, Alberto and Agrawal, Pulkit and Sitzmann, Vincent},
  booktitle={2022 International Conference on Robotics and Automation (ICRA)},
  pages={6394--6400},
  year={2022},
  organization={IEEE}
}

@inproceedings{biza23oneshot,
  author       = {Ondrej Biza and
                  Skye Thompson and
                  Kishore Reddy Pagidi and
                  Abhinav Kumar and
                  Elise van der Pol and
                  Robin Walters and
                  Thomas Kipf and
                  Jan{-}Willem van de Meent and
                  Lawson L. S. Wong and
                  Robert Platt},
  title        = {One-shot Imitation Learning via Interaction Warping},
  booktitle    = {CoRL},
  year         = {2023}
}

@article{zhu2022grasp,
  title={Sample Efficient Grasp Learning Using Equivariant Models},
  author={Zhu, Xupeng and Wang, Dian and Biza, Ondrej and Su, Guanang and Walters, Robin and Platt, Robert},
  journal={Proceedings of Robotics: Science and Systems (RSS)},
  year={2022} }

@article{zhu2023grasp,
  title={On Robot Grasp Learning Using Equivariant Models},
  author={Zhu, Xupeng and Wang, Dian and Su, Guanang and Biza, Ondrej and Walters, Robin and Platt, Robert },
  journal={Autonomous Robots},
  year={2023} }

@book{brunelli2009template,
  title={Template matching techniques in computer vision: theory and practice},
  author={Brunelli, Roberto},
  year={2009},
  publisher={John Wiley \& Sons}
}


@article{huang2022edge,
  title={Edge Grasp Network: A Graph-Based SE (3)-invariant Approach to Grasp Detection},
  author={Huang, Haojie and Wang, Dian and Zhu, Xupeng and Walters, Robin and Platt, Robert},
  journal={arXiv preprint arXiv:2211.00191},
  year={2022}
}

@INPROCEEDINGS{vrep,
  author={Rohmer, Eric and Singh, Surya P. N. and Freese, Marc},
  booktitle={2013 IEEE/RSJ International Conference on Intelligent Robots and Systems}, 
  title={V-REP: A versatile and scalable robot simulation framework}, 
  year={2013},
  volume={},
  number={},
  pages={1321-1326},
  doi={10.1109/IROS.2013.6696520}}

@inproceedings{coppeliaSim,
    author="E. Rohmer and S. P. N. Singh and M. Freese",
    title="CoppeliaSim (formerly V-REP): a Versatile and
        Scalable Robot Simulation Framework",
    booktitle="Proc. of The International Conference on
        Intelligent Robots and Systems (IROS)",
    year="2013",
    note="www.coppeliarobotics.com"
}

@article{pyrep,
  author       = {Stephen James and
                  Marc Freese and
                  Andrew J. Davison},
  title        = {PyRep: Bringing {V-REP} to Deep Robot Learning},
  journal      = {CoRR},
  volume       = {abs/1906.11176},
  year         = {2019},
  eprinttype    = {arXiv},
  eprint       = {1906.11176},
  timestamp    = {Thu, 27 Jun 2019 18:54:51 +0200},
  biburl       = {https://dblp.org/rec/journals/corr/abs-1906-11176.bib},
  bibsource    = {dblp computer science bibliography, https://dblp.org}
}

@misc{ma2024hierarchical,
      title={Hierarchical Diffusion Policy for Kinematics-Aware Multi-Task Robotic Manipulation}, 
      author={Xiao Ma and Sumit Patidar and Iain Haughton and Stephen James},
      year={2024},
      eprint={2403.03890},
      archivePrefix={arXiv},
      primaryClass={cs.RO}
}

@inproceedings{gervet2023act3d,
  title={Act3D: 3D Feature Field Transformers for Multi-Task Robotic Manipulation},
  author={Gervet, Theophile and Xian, Zhou and Gkanatsios, Nikolaos and Fragkiadaki, Katerina},
  booktitle={Conference on Robot Learning},
  pages={3949--3965},
  year={2023},
  organization={PMLR}
}

@article{rvt,
  title={RVT: Robotic View Transformer for 3D Object Manipulation},
  author={Goyal, Ankit and Xu, Jie and Guo, Yijie and Blukis, Valts and Chao, Yu-Wei and Fox, Dieter},
  journal={CoRL},
  year={2023}
}

@INPROCEEDINGS{rrtconnect,
  author={Kuffner, J.J. and LaValle, S.M.},
  booktitle={Proceedings 2000 ICRA. Millennium Conference. IEEE International Conference on Robotics and Automation. Symposia Proceedings (Cat. No.00CH37065)}, 
  title={RRT-connect: An efficient approach to single-query path planning}, 
  year={2000},
  volume={2},
  number={},
  pages={995-1001 vol.2},
  keywords={Path planning;Computer science;Space exploration;Algorithm design and analysis;Humans;Animation;Robotic assembly;Buildings;Tree graphs;Kinematics},
  doi={10.1109/ROBOT.2000.844730}}

@article{qi2017pointnet++,
  title={Pointnet++: Deep hierarchical feature learning on point sets in a metric space},
  author={Qi, Charles Ruizhongtai and Yi, Li and Su, Hao and Guibas, Leonidas J},
  journal={Advances in neural information processing systems},
  volume={30},
  year={2017}
}

@article{gorski2005healpix,
  title={HEALPix: A framework for high-resolution discretization and fast analysis of data distributed on the sphere},
  author={Gorski, Krzysztof M and Hivon, Eric and Banday, Anthony J and Wandelt, Benjamin D and Hansen, Frode K and Reinecke, Mstvos and Bartelmann, Matthia},
  journal={The Astrophysical Journal},
  volume={622},
  number={2},
  pages={759},
  year={2005},
  publisher={IOP Publishing}
}

@inproceedings{
	klee2023image2sphere,
	title={Image to Sphere: Learning Equivariant Features for Efficient Pose Prediction},
	author={David M. Klee and Ondrej Biza and Robert Platt and Robin Walters},
	booktitle={International Conference on Learning Representations},
	year={2023},
}

@inproceedings{zhu2023viola,
  title={VIOLA: Object-Centric Imitation Learning for Vision-Based Robot Manipulation},
  author={Zhu, Yifeng and Joshi, Abhishek and Stone, Peter and Zhu, Yuke},
  booktitle={Conference on Robot Learning},
  pages={1199--1210},
  year={2023},
  organization={PMLR}
}

@article{ten2017grasp,
  title={Grasp pose detection in point clouds},
  author={ten Pas, Andreas and Gualtieri, Marcus and Saenko, Kate and Platt, Robert},
  journal={The International Journal of Robotics Research},
  volume={36},
  number={13-14},
  pages={1455--1473},
  year={2017},
  publisher={SAGE Publications Sage UK: London, England}
}

@article{moveit,
  author       = {David Coleman and
                  Ioan Alexandru Sucan and
                  Sachin Chitta and
                  Nikolaus Correll},
  title        = {Reducing the Barrier to Entry of Complex Robotic Software: a MoveIt!
                  Case Study},
  journal      = {CoRR},
  volume       = {abs/1404.3785},
  year         = {2014},
  eprinttype    = {arXiv},
  eprint       = {1404.3785},
  timestamp    = {Mon, 13 Aug 2018 16:46:57 +0200},
  biburl       = {https://dblp.org/rec/journals/corr/ColemanSCC14.bib},
  bibsource    = {dblp computer science bibliography, https://dblp.org}
}

@article{end2end_deep_visuomotor,
  author       = {Sergey Levine and
                  Chelsea Finn and
                  Trevor Darrell and
                  Pieter Abbeel},
  title        = {End-to-End Training of Deep Visuomotor Policies},
  journal      = {CoRR},
  volume       = {abs/1504.00702},
  year         = {2015},
  eprinttype    = {arXiv},
  eprint       = {1504.00702},
  timestamp    = {Mon, 13 Aug 2018 16:47:04 +0200},
  biburl       = {https://dblp.org/rec/journals/corr/LevineFDA15.bib},
  bibsource    = {dblp computer science bibliography, https://dblp.org}
}



@article{LSTM_GMM,
  author       = {Ajay Mandlekar and
                  Danfei Xu and
                  Josiah Wong and
                  Soroush Nasiriany and
                  Chen Wang and
                  Rohun Kulkarni and
                  Li Fei{-}Fei and
                  Silvio Savarese and
                  Yuke Zhu and
                  Roberto Mart{\'{\i}}n{-}Mart{\'{\i}}n},
  title        = {What Matters in Learning from Offline Human Demonstrations for Robot
                  Manipulation},
  journal      = {CoRR},
  volume       = {abs/2108.03298},
  year         = {2021},
  eprinttype    = {arXiv},
  eprint       = {2108.03298},
  timestamp    = {Wed, 11 Aug 2021 15:24:08 +0200},
  biburl       = {https://dblp.org/rec/journals/corr/abs-2108-03298.bib},
  bibsource    = {dblp computer science bibliography, https://dblp.org}
}



@inproceedings{florence2022implicit,
  title={Implicit behavioral cloning},
  author={Florence, Pete and Lynch, Corey and Zeng, Andy and Ramirez, Oscar A and Wahid, Ayzaan and Downs, Laura and Wong, Adrian and Lee, Johnny and Mordatch, Igor and Tompson, Jonathan},
  booktitle={Conference on Robot Learning},
  pages={158--168},
  year={2022},
  organization={PMLR}
}


@misc{zhao2023learning,
      title={Learning Fine-Grained Bimanual Manipulation with Low-Cost Hardware}, 
      author={Tony Z. Zhao and Vikash Kumar and Sergey Levine and Chelsea Finn},
      year={2023},
      eprint={2304.13705},
      archivePrefix={arXiv},
      primaryClass={cs.RO}
}

@inproceedings{chi2023diffusionpolicy,
	title={Diffusion Policy: Visuomotor Policy Learning via Action Diffusion},
	author={Chi, Cheng and Feng, Siyuan and Du, Yilun and Xu, Zhenjia and Cousineau, Eric and Burchfiel, Benjamin and Song, Shuran},
	booktitle={Proceedings of Robotics: Science and Systems (RSS)},
	year={2023}
}

@inproceedings{
xian2023chaineddiffuser,
title={ChainedDiffuser: Unifying Trajectory Diffusion and Keypose Prediction for Robotic Manipulation},
author={Zhou Xian and Nikolaos Gkanatsios and Theophile Gervet and Tsung-Wei Ke and Katerina Fragkiadaki},
booktitle={Conference on Robot Learning},
year={2023}
}

@misc{bharadhwaj2023roboagent,
      title={RoboAgent: Generalization and Efficiency in Robot Manipulation via Semantic Augmentations and Action Chunking}, 
      author={Homanga Bharadhwaj and Jay Vakil and Mohit Sharma and Abhinav Gupta and Shubham Tulsiani and Vikash Kumar},
      year={2023},
      eprint={2309.01918},
      archivePrefix={arXiv},
      primaryClass={cs.RO}
}

@article{padalkar2023open,
  title={Open x-embodiment: Robotic learning datasets and rt-x models},
  author={Padalkar, Abhishek and Pooley, Acorn and Jain, Ajinkya and Bewley, Alex and Herzog, Alex and Irpan, Alex and Khazatsky, Alexander and Rai, Anant and Singh, Anikait and Brohan, Anthony and others},
  journal={arXiv preprint arXiv:2310.08864},
  year={2023}
}



@article{Gualtieri2020hierarchical,
  author       = {Marcus Gualtieri and
                  Robert Platt Jr.},
  title        = {Learning Manipulation Skills via Hierarchical Spatial Attention},
  journal      = {{IEEE} Trans. Robotics},
  volume       = {36},
  number       = {4},
  pages        = {1067--1078},
  year         = {2020},
  doi          = {10.1109/TRO.2020.2974093},
  timestamp    = {Wed, 26 Aug 2020 11:04:05 +0200},
  biburl       = {https://dblp.org/rec/journals/trob/GualtieriP20.bib},
  bibsource    = {dblp computer science bibliography, https://dblp.org}
}

@article{vaswani2017attention,
  title={Attention is all you need},
  author={Vaswani, A},
  journal={Advances in Neural Information Processing Systems},
  year={2017}
}

@article{popescu2009multilayer,
  title={Multilayer perceptron and neural networks},
  author={Popescu, Marius-Constantin and Balas, Valentina E and Perescu-Popescu, Liliana and Mastorakis, Nikos},
  journal={WSEAS Transactions on Circuits and Systems},
  volume={8},
  number={7},
  pages={579--588},
  year={2009},
  publisher={World Scientific and Engineering Academy and Society (WSEAS) Stevens Point~…}
}


@inproceedings{wang2021policy,
  title={Policy learning in SE (3) action spaces},
  author={Wang, Dian and Kohler, Colin and Platt, Robert},
  booktitle={Conference on Robot Learning},
  pages={1481--1497},
  year={2021},
  organization={PMLR}
}

@article{5D_SO3,
  author       = {Yi Zhou and
                  Connelly Barnes and
                  Jingwan Lu and
                  Jimei Yang and
                  Hao Li},
  title        = {On the Continuity of Rotation Representations in Neural Networks},
  journal      = {CoRR},
  volume       = {abs/1812.07035},
  year         = {2018},
  eprinttype    = {arXiv},
  eprint       = {1812.07035},
  timestamp    = {Wed, 13 Dec 2023 07:55:16 +0100},
  biburl       = {https://dblp.org/rec/journals/corr/abs-1812-07035.bib},
  bibsource    = {dblp computer science bibliography, https://dblp.org}
}

@inproceedings{cesa2022a,
    title={A Program to Build {E(N)}-Equivariant Steerable {CNN}s },
    author={Gabriele Cesa and Leon Lang and Maurice Weiler},
    booktitle={International Conference on Learning Representations},
    year={2022},
}

@inproceedings{e2cnn,
   title={{General E(2)-Equivariant Steerable CNNs}},
   author={Weiler, Maurice and Cesa, Gabriele},
   booktitle={Conference on Neural Information Processing Systems (NeurIPS)},
   year={2019}
}

@misc{curobo_report23,
      title={cuRobo: Parallelized Collision-Free Minimum-Jerk Robot Motion Generation}, 
      author={Balakumar Sundaralingam and Siva Kumar Sastry Hari and Adam Fishman and Caelan Garrett 
              and Karl Van Wyk and Valts Blukis and Alexander Millane and Helen Oleynikova and Ankur Handa 
              and Fabio Ramos and Nathan Ratliff and Dieter Fox},
      year={2023},
      eprint={2310.17274},
      archivePrefix={arXiv},
      primaryClass={cs.RO}
}

@inproceedings{
huang2024fourier,
title={Fourier Transporter: Bi-Equivariant Robotic Manipulation in 3D},
author={Haojie Huang and Owen Lewis Howell and Dian Wang and Xupeng Zhu and Robert Platt and Robin Walters},
booktitle={The Twelfth International Conference on Learning Representations},
year={2024}
}


@inproceedings{
ryu2023equivariant,
title={Equivariant Descriptor Fields: {SE}(3)-Equivariant Energy-Based Models for End-to-End Visual Robotic Manipulation Learning},
author={Hyunwoo Ryu and Hong-in Lee and Jeong-Hoon Lee and Jongeun Choi},
booktitle={The Eleventh International Conference on Learning Representations },
year={2023}
}

@misc{ryu2023diffusionedfs,
      title={Diffusion-EDFs: Bi-equivariant Denoising Generative Modeling on SE(3) for Visual Robotic Manipulation}, 
      author={Hyunwoo Ryu and Jiwoo Kim and Hyunseok An and Junwoo Chang and Joohwan Seo and Taehan Kim and Yubin Kim and Chaewon Hwang and Jongeun Choi and Roberto Horowitz},
      year={2023},
      eprint={2309.02685},
      archivePrefix={arXiv},
      primaryClass={cs.RO}
}

@misc{pan2023taxpose,
      title={TAX-Pose: Task-Specific Cross-Pose Estimation for Robot Manipulation}, 
      author={Chuer Pan and Brian Okorn and Harry Zhang and Ben Eisner and David Held},
      year={2023},
      eprint={2211.09325},
      archivePrefix={arXiv},
      primaryClass={cs.RO}
}

@article{james2021arm,
  author       = {Stephen James and
                  Andrew J. Davison},
  title        = {Q-attention: Enabling Efficient Learning for Vision-based Robotic
                  Manipulation},
  journal      = {CoRR},
  year         = {2021},
  eprinttype    = {arXiv},
  timestamp    = {Wed, 02 Jun 2021 11:46:42 +0200},
  biburl       = {https://dblp.org/rec/journals/corr/abs-2105-14829.bib},
  bibsource    = {dblp computer science bibliography, https://dblp.org}
}

@inproceedings{james2022coarse,
  title={Coarse-to-fine q-attention: Efficient learning for visual robotic manipulation via discretisation},
  author={James, Stephen and Wada, Kentaro and Laidlow, Tristan and Davison, Andrew J},
  booktitle={Proceedings of the IEEE/CVF Conference on Computer Vision and Pattern Recognition},
  pages={13739--13748},
  year={2022}
}

@article{james2020rlbench,
  title={Rlbench: The robot learning benchmark \& learning environment},
  author={James, Stephen and Ma, Zicong and Arrojo, David Rovick and Davison, Andrew J},
  journal={IEEE Robotics and Automation Letters},
  volume={5},
  number={2},
  pages={3019--3026},
  year={2020},
  publisher={IEEE}
}

@article{zeng2018learning,
  title={Learning Synergies between Pushing and Grasping with Self-supervised Deep Reinforcement Learning},
  author={Zeng, Andy and Song, Shuran and Welker, Stefan and Lee, Johnny and Rodriguez, Alberto and Funkhouser, Thomas},
  booktitle={Proceedings of the IEEE International Conference on Intelligent Robots and Systems (IROS)},
  year={2018}
}

@inproceedings{
wang2021equivariant,
title={Equivariant \$Q\$ Learning in Spatial Action Spaces},
author={Dian Wang and Robin Walters and Xupeng Zhu and Robert Platt},
booktitle={5th Annual Conference on Robot Learning },
year={2021},
}

@inproceedings{
wang2022onrobot,
title={On-Robot Learning With Equivariant Models},
author={Dian Wang and Mingxi Jia and Xupeng Zhu and Robin Walters and Robert Platt},
booktitle={6th Annual Conference on Robot Learning},
year={2022},
}

@inproceedings{
wang2022so2equivariant,
title={$\mathrm{SO}(2)$-Equivariant Reinforcement Learning},
author={Dian Wang and Robin Walters and Robert Platt},
booktitle={International Conference on Learning Representations},
year={2022},
}

@article{zhou2024dynpoint,
  title={Dynpoint: Dynamic neural point for view synthesis},
  author={Zhou, Kaichen and Zhong, Jia-Xing and Shin, Sangyun and Lu, Kai and Yang, Yiyuan and Markham, Andrew and Trigoni, Niki},
  journal={Advances in Neural Information Processing Systems},
  volume={36},
  year={2024}
}


@inproceedings{jia2023seil,
  title={SEIL: Simulation-augmented Equivariant Imitation Learning},
  author={Jia, Mingxi and Wang, Dian and Su, Guanang and Klee, David and Zhu, Xupeng and Walters, Robin and Platt, Robert},
  booktitle={2023 IEEE International Conference on Robotics and Automation (ICRA)},
  pages={1845--1851},
  year={2023},
  organization={IEEE}
}

%2d maniplation
@inproceedings{zeng2018robotic,
  title={Robotic pick-and-place of novel objects in clutter with multi-affordance grasping and cross-domain image matching},
  author={Zeng, Andy and Song, Shuran and Yu, Kuan-Ting and Donlon, Elliott and Hogan, Francois R and Bauza, Maria and Ma, Daolin and Taylor, Orion and Liu, Melody and Romo, Eudald and others},
  booktitle={2018 IEEE international conference on robotics and automation (ICRA)},
  pages={3750--3757},
  year={2018},
  organization={IEEE}
}

@INPROCEEDINGS{Morrison-RSS-18, 
    AUTHOR    = {Douglas Morrison AND Juxi Leitner AND Peter Corke}, 
    TITLE     = {Closing the Loop for Robotic Grasping: A Real-time, Generative Grasp Synthesis Approach}, 
    BOOKTITLE = {Proceedings of Robotics: Science and Systems}, 
    YEAR      = {2018}, 
    ADDRESS   = {Pittsburgh, Pennsylvania}, 
    MONTH     = {June}, 
    DOI       = {10.15607/RSS.2018.XIV.021} 
} 

%g-convolution
@inproceedings{cohen2016group,
  title={Group equivariant convolutional networks},
  author={Cohen, Taco and Welling, Max},
  booktitle={International conference on machine learning},
  pages={2990--2999},
  year={2016},
  organization={PMLR}
}
%steerable cnn
@inproceedings{cohensteerable,
  title={Steerable CNNs},
  author={Cohen, Taco S and Welling, Max},
  booktitle={International Conference on Learning Representations},
  year={2017}
}

% general e2cnn
@article{weiler2019general,
  title={General e (2)-equivariant steerable cnns},
  author={Weiler, Maurice and Cesa, Gabriele},
  journal={Advances in Neural Information Processing Systems},
  volume={32},
  year={2019}
}



%tensorfiled
@article{thomas2018tensor,
  title={Tensor field networks: Rotation-and translation-equivariant neural networks for 3d point clouds},
  author={Thomas, Nathaniel and Smidt, Tess and Kearnes, Steven and Yang, Lusann and Li, Li and Kohlhoff, Kai and Riley, Patrick},
  journal={arXiv preprint arXiv:1802.08219},
  year={2018}
}

%se3 transformer
@article{fuchs2020se,
  title={Se (3)-transformers: 3d roto-translation equivariant attention networks},
  author={Fuchs, Fabian and Worrall, Daniel and Fischer, Volker and Welling, Max},
  journal={Advances in Neural Information Processing Systems},
  volume={33},
  pages={1970--1981},
  year={2020}
}

%vector neuron
@inproceedings{deng2021vector,
  title={Vector neurons: A general framework for so (3)-equivariant networks},
  author={Deng, Congyue and Litany, Or and Duan, Yueqi and Poulenard, Adrien and Tagliasacchi, Andrea and Guibas, Leonidas J},
  booktitle={Proceedings of the IEEE/CVF International Conference on Computer Vision},
  pages={12200--12209},
  year={2021}
}

@article{zhao2022integrating,
  title={Integrating symmetry into differentiable planning with steerable convolutions},
  author={Zhao, Linfeng and Zhu, Xupeng and Kong, Lingzhi and Walters, Robin and Wong, Lawson LS},
  journal={arXiv preprint arXiv:2206.03674},
  year={2022}
}

@article{zhang2019two,
  title={Two hybrid end-effector posture-maintaining and obstacle-limits avoidance schemes for redundant robot manipulators},
  author={Zhang, Zhijun and Chen, Siyuan and Zhu, Xupeng and Yan, Ziyi},
  journal={IEEE Transactions on Industrial Informatics},
  volume={16},
  number={2},
  pages={754--763},
  year={2019},
  publisher={IEEE}
}

@inproceedings{huorbitgrasp,
  title={OrbitGrasp: SE (3)-Equivariant Grasp Learning},
  author={Hu, Boce and Zhu, Xupeng and Wang, Dian and Dong, Zihao and Huang, Haojie and Wang, Chenghao and Walters, Robin and Platt, Robert},
  booktitle={8th Annual Conference on Robot Learning},
  year={2024}
}
@inproceedings{wangequivariant,
  title={Equivariant Diffusion Policy},
  author={Wang, Dian and Hart, Stephen and Surovik, David and Kelestemur, Tarik and Huang, Haojie and Zhao, Haibo and Yeatman, Mark and Wang, Jiuguang and Walters, Robin and Platt, Robert},
  booktitle={8th Annual Conference on Robot Learning},
  year={2024}
}
@article{huang2024imagination,
  title={Imagination Policy: Using Generative Point Cloud Models for Learning Manipulation Policies},
  author={Huang, Haojie and Schmeckpeper, Karl and Wang, Dian and Biza, Ondrej and Qian, Yaoyao and Liu, Haotian and Jia, Mingxi and Platt, Robert and Walters, Robin},
  journal={arXiv preprint arXiv:2406.11740},
  year={2024}
}