# background

@article{bullo2011dynamic,
  title={Dynamic vehicle routing for robotic systems},
  author={Bullo, Francesco and Frazzoli, Emilio and Pavone, Marco and Savla, Ketan and Smith, Stephen L},
  journal={Proceedings of the IEEE},
  volume={99},
  number={9},
  pages={1482--1504},
  year={2011},
  publisher={IEEE}
}

@article{liu2017capacitated,
  title={A capacitated vehicle routing problem with order available time in e-commerce industry},
  author={Liu, Ling and Li, Kunpeng and Liu, Zhixue},
  journal={Engineering Optimization},
  volume={49},
  number={3},
  pages={449--465},
  year={2017},
  publisher={Taylor \& Francis}
}

@article{garaix2010vehicle,
  title={Vehicle routing problems with alternative paths: An application to on-demand transportation},
  author={Garaix, Thierry and Artigues, Christian and Feillet, Dominique and Josselin, Didier},
  journal={European Journal of Operational Research},
  volume={204},
  number={1},
  pages={62--75},
  year={2010},
  publisher={Elsevier}
}

@article{konstantakopoulos2022vehicle,
  title={Vehicle routing problem and related algorithms for logistics distribution: A literature review and classification},
  author={Konstantakopoulos, Grigorios D and Gayialis, Sotiris P and Kechagias, Evripidis P},
  journal={Operational research},
  volume={22},
  number={3},
  pages={2033--2062},
  year={2022},
  publisher={Springer}
}

@article{laporte1983branch,
  title={A branch and bound algorithm for the capacitated vehicle routing problem},
  author={Laporte, Gilbert and Nobert, Yves},
  journal={Operations-Research-Spektrum},
  volume={5},
  pages={77--85},
  year={1983},
  publisher={Springer}
}

@article{lysgaard2004new,
  title={A new branch-and-cut algorithm for the capacitated vehicle routing problem},
  author={Lysgaard, Jens and Letchford, Adam N and Eglese, Richard W},
  journal={Mathematical programming},
  volume={100},
  pages={423--445},
  year={2004},
  publisher={Springer}
}

@article{choi2007column,
  title={A column generation approach to the heterogeneous fleet vehicle routing problem},
  author={Choi, Eunjeong and Tcha, Dong-Wan},
  journal={Computers \& Operations Research},
  volume={34},
  number={7},
  pages={2080--2095},
  year={2007},
  publisher={Elsevier}
}


@article{helsgaun2017extension,
  title={An extension of the Lin-Kernighan-Helsgaun TSP solver for constrained traveling salesman and vehicle routing problems},
  author={Helsgaun, Keld},
  journal={Roskilde: Roskilde University},
  volume={12},
  pages={966--980},
  year={2017}
}

@article{vidal2012hybrid,
  title={A hybrid genetic algorithm for multidepot and periodic vehicle routing problems},
  author={Vidal, Thibaut and Crainic, Teodor Gabriel and Gendreau, Michel and Lahrichi, Nadia and Rei, Walter},
  journal={Operations Research},
  volume={60},
  number={3},
  pages={611--624},
  year={2012},
  publisher={INFORMS}
}



# divide-and-conquer: neural partition
@inproceedings{pan2023h,
  title={H-tsp: Hierarchically solving the large-scale traveling salesman problem},
  author={Pan, Xuanhao and Jin, Yan and Ding, Yuandong and Feng, Mingxiao and Zhao, Li and Song, Lei and Bian, Jiang},
  booktitle={Proceedings of the AAAI Conference on Artificial Intelligence},
  volume={37},
  number={8},
  pages={9345--9353},
  year={2023}
}

# hierarchical learning: TSP with time windows
@inproceedings{ma2019combinatorial,
  author={Ma, Qiang and Ge, Suwen and He, Danyang and Thaker, Darshan and Drori, Iddo},
  title={Combinatorial Optimization by Graph Pointer Networks and Hierarchical Reinforcement Learning},
  booktitle={AAAI Workshop on Deep Learning on Graphs: Methodologies and Applications},
  year={2020},
}

# divide-and-conquer: heuristic partition
@inproceedings{fu2021generalize,
  title={Generalize a small pre-trained model to arbitrarily large tsp instances},
  author={Fu, Zhang-Hua and Qiu, Kai-Bin and Zha, Hongyuan},
  booktitle={Proceedings of the AAAI conference on artificial intelligence},
  volume={35},
  number={8},
  pages={7474--7482},
  year={2021}
}


# constructive method + beam_search
@inproceedings{xin2021multi,
  title={Multi-decoder attention model with embedding glimpse for solving vehicle routing problems},
  author={Xin, Liang and Song, Wen and Cao, Zhiguang and Zhang, Jie},
  booktitle={Proceedings of the AAAI Conference on Artificial Intelligence},
  volume={35},
  number={13},
  pages={12042--12049},
  year={2021}
}


# robustness
@inproceedings{jiang2022learning,
  title={Learning to solve routing problems via distributionally robust optimization},
  author={Jiang, Yuan and Wu, Yaoxin and Cao, Zhiguang and Zhang, Jie},
  booktitle={Proceedings of the AAAI Conference on Artificial Intelligence},
  volume={36},
  number={9},
  pages={9786--9794},
  year={2022}
}

# curriculum learning
@inproceedings{zhang2022learning,
  title={Learning to solve travelling salesman problem with hardness-adaptive curriculum},
  author={Zhang, Zeyang and Zhang, Ziwei and Wang, Xin and Zhu, Wenwu},
  booktitle={Proceedings of the AAAI Conference on Artificial Intelligence},
  volume={36},
  number={8},
  pages={9136--9144},
  year={2022}
}



# cross-problem generalization
@inproceedings{lin2024cross,
  title={Cross-Problem Learning for Solving Vehicle Routing Problems},
  author={Lin, Zhuoyi and Wu, Yaoxin and Zhou, Bangjian and Cao, Zhiguang and Song, Wen and Zhang, Yingqian and Senthilnath, Jayavelu},
  booktitle={The 33rd International Joint Conference on Artificial Intelligence (IJCAI-24)},
  year={2024}
}

# generalization, local features, ensemble learning
@inproceedings{gao2023towards,
  title={Towards generalizable neural solvers for vehicle routing problems via ensemble with transferrable local policy},
  author={Gao, Chengrui and Shang, Haopu and Xue, Ke and Li, Dong and Qian, Chao},
  booktitle={The 33rd International Joint Conference on Artificial Intelligence (IJCAI-24)},
  year={2024}
}

# knowledge distillation: fast inference speed
@inproceedings{xiao2024distilling,
  title={Distilling autoregressive models to obtain high-performance non-autoregressive solvers for vehicle routing problems with faster inference speed},
  author={Xiao, Yubin and Wang, Di and Li, Boyang and Wang, Mingzhao and Wu, Xuan and Zhou, Changliang and Zhou, You},
  booktitle={Proceedings of the AAAI Conference on Artificial Intelligence},
  volume={38},
  number={18},
  pages={20274--20283},
  year={2024}
}


# divide-and-conquer: neural partition
@inproceedings{ye2024glop,
  title={Glop: Learning global partition and local construction for solving large-scale routing problems in real-time},
  author={Ye, Haoran and Wang, Jiarui and Liang, Helan and Cao, Zhiguang and Li, Yong and Li, Fanzhang},
  booktitle={Proceedings of the AAAI Conference on Artificial Intelligence},
  volume={38},
  number={18},
  pages={20284--20292},
  year={2024}
}

# constructive method: regret mechanism
@inproceedings{sun2024learning,
  title={Learning encodings for constructive neural combinatorial optimization needs to regret},
  author={Sun, Rui and Zheng, Zhi and Wang, Zhenkun},
  booktitle={Proceedings of the AAAI Conference on Artificial Intelligence},
  volume={38},
  number={18},
  pages={20803--20811},
  year={2024}
}


# constructive method
@inproceedings{
kool2018attention,
title={Attention, Learn to Solve Routing Problems!},
author={Wouter Kool and Herke van Hoof and Max Welling},
booktitle={International Conference on Learning Representations},
year={2019},
}

# iterative method
@inproceedings{lu2019learning,
  title={A learning-based iterative method for solving vehicle routing problems},
  author={Lu, Hao and Zhang, Xingwen and Yang, Shuang},
  booktitle={International conference on learning representations},
  year={2019}
}

# supervised learning: search in the latent space
@inproceedings{hottung2021learning,
  title={Learning a latent search space for routing problems using variational autoencoders},
  author={Hottung, Andr{\'e} and Bhandari, Bhanu and Tierney, Kevin},
  booktitle={International Conference on Learning Representations},
  year={2021}
}

# fine-tuning
@inproceedings{
hottung2021efficient,
title={Efficient Active Search for Combinatorial Optimization Problems},
author={Andr{\'e} Hottung and Yeong-Dae Kwon and Kevin Tierney},
booktitle={International Conference on Learning Representations},
year={2022},
}


# divide-and-conquer: neural partition
@inproceedings{hou2023generalize,
  title={Generalize learned heuristics to solve large-scale vehicle routing problems in real-time},
  author={Hou, Qingchun and Yang, Jingwei and Su, Yiqiang and Wang, Xiaoqing and Deng, Yuming},
  booktitle={The Eleventh International Conference on Learning Representations},
  year={2023}
}

# robustness
@inproceedings{lu2023roco,
  title={Roco: A general framework for evaluating robustness of combinatorial optimization solvers on graphs},
  author={Lu, Han and Li, Zenan and Wang, Runzhong and Ren, Qibing and Li, Xijun and Yuan, Mingxuan and Zeng, Jia and Yang, Xiaokang and Yan, Junchi},
  booktitle={The Eleventh International Conference on Learning Representations},
  year={2023}
}

# generalization: meta learning
@inproceedings{son2023meta,
  title={Meta-sage: Scale meta-learning scheduled adaptation with guided exploration for mitigating scale shift on combinatorial optimization},
  author={Son, Jiwoo and Kim, Minsu and Kim, Hyeonah and Park, Jinkyoo},
  booktitle={International Conference on Machine Learning},
  pages={32194--32210},
  year={2023},
  organization={PMLR}
}

# generalization: meta learning
@inproceedings{zhou2023towards,
  title={Towards omni-generalizable neural methods for vehicle routing problems},
  author={Zhou, Jianan and Wu, Yaoxin and Song, Wen and Cao, Zhiguang and Zhang, Jie},
  booktitle={International Conference on Machine Learning},
  pages={42769--42789},
  year={2023},
  organization={PMLR}
}

# local features
@inproceedings{fang2024invit,
  title={INViT: A Generalizable Routing Problem Solver with Invariant Nested View Transformer},
  author={Fang, Han and Song, Zhihao and Weng, Paul and Ban, Yutong},
  booktitle={Forty-first International Conference on Machine Learning},
  year={2024}
}


# divide-and-conquer: heuristic partition
@inproceedings{zong2022rbg,
  title={Rbg: Hierarchically solving large-scale routing problems in logistic systems via reinforcement learning},
  author={Zong, Zefang and Wang, Hansen and Wang, Jingwei and Zheng, Meng and Li, Yong},
  booktitle={Proceedings of the 28th ACM SIGKDD Conference on Knowledge Discovery and Data Mining},
  pages={4648--4658},
  year={2022}
}

# self imitation learning
@article{luo2024self,
  title={Self-Improved Learning for Scalable Neural Combinatorial Optimization},
  author={Luo, Fu and Lin, Xi and Wang, Zhenkun and Xialiang, Tong and Yuan, Mingxuan and Zhang, Qingfu},
  journal={arXiv preprint arXiv:2403.19561},
  year={2024}
}

# divide-and-conquer: neural partition
@inproceedings{
zheng2024udc,
title={{UDC}: A Unified Neural Divide-and-Conquer Framework for Large-Scale Combinatorial Optimization Problems},
author={Zhi Zheng and Changliang Zhou and Tong Xialiang and Mingxuan Yuan and Zhenkun Wang},
booktitle={The Thirty-eighth Annual Conference on Neural Information Processing Systems},
year={2024},
}

# generalization: meta-learning
@inproceedings{manchanda2022generalization,
  title={On the generalization of neural combinatorial optimization heuristics},
  author={Manchanda, Sahil and Michel, Sofia and Drakulic, Darko and Andreoli, Jean-Marc},
  booktitle={Joint European Conference on Machine Learning and Knowledge Discovery in Databases},
  pages={426--442},
  year={2022},
  organization={Springer}
}

# iterative method
@incollection{hottung2020neural,
  title={Neural large neighborhood search for the capacitated vehicle routing problem},
  author={Hottung, Andr{\'e} and Tierney, Kevin},
  booktitle={ECAI 2020},
  pages={443--450},
  year={2020},
  publisher={IOS Press}
}

# divide-and-conquer: heuristic partition
@inproceedings{cheng2023select,
  title={Select and optimize: Learning to solve large-scale tsp instances},
  author={Cheng, Hanni and Zheng, Haosi and Cong, Ya and Jiang, Weihao and Pu, Shiliang},
  booktitle={International Conference on Artificial Intelligence and Statistics},
  pages={1219--1231},
  year={2023},
  organization={PMLR}
}

# constructive method
@article{vinyals2015pointer,
  title={Pointer networks},
  author={Vinyals, Oriol and Fortunato, Meire and Jaitly, Navdeep},
  journal={Advances in neural information processing systems},
  volume={28},
  year={2015}
}

# constructive method
@article{nazari2018reinforcement,
  title={Reinforcement learning for solving the vehicle routing problem},
  author={Nazari, Mohammadreza and Oroojlooy, Afshin and Snyder, Lawrence and Tak{\'a}c, Martin},
  journal={Advances in neural information processing systems},
  volume={31},
  year={2018}
}

# iterative method
@article{chen2019learning,
  title={Learning to perform local rewriting for combinatorial optimization},
  author={Chen, Xinyun and Tian, Yuandong},
  journal={Advances in neural information processing systems},
  volume={32},
  year={2019}
}

# constructive method
@article{kwon2020pomo,
  title={Pomo: Policy optimization with multiple optima for reinforcement learning},
  author={Kwon, Yeong-Dae and Choo, Jinho and Kim, Byoungjip and Yoon, Iljoo and Gwon, Youngjune and Min, Seungjai},
  journal={Advances in Neural Information Processing Systems},
  volume={33},
  pages={21188--21198},
  year={2020}
}

# iterative method
@article{ma2021learning,
  title={Learning to iteratively solve routing problems with dual-aspect collaborative transformer},
  author={Ma, Yining and Li, Jingwen and Cao, Zhiguang and Song, Wen and Zhang, Le and Chen, Zhenghua and Tang, Jing},
  journal={Advances in Neural Information Processing Systems},
  volume={34},
  pages={11096--11107},
  year={2021}
}

# divide-and-conquer: heuristic partition
@article{kim2021learning,
  title={Learning collaborative policies to solve np-hard routing problems},
  author={Kim, Minsu and Park, Jinkyoo and others},
  journal={Advances in Neural Information Processing Systems},
  volume={34},
  pages={10418--10430},
  year={2021}
}

# divide-and-conquer: heuristic partition
@article{li2021learning,
  title={Learning to delegate for large-scale vehicle routing},
  author={Li, Sirui and Yan, Zhongxia and Wu, Cathy},
  journal={Advances in Neural Information Processing Systems},
  volume={34},
  pages={26198--26211},
  year={2021}
}

# iterative method
@article{xin2021neurolkh,
  title={Neurolkh: Combining deep learning model with lin-kernighan-helsgaun heuristic for solving the traveling salesman problem},
  author={Xin, Liang and Song, Wen and Cao, Zhiguang and Zhang, Jie},
  journal={Advances in Neural Information Processing Systems},
  volume={34},
  pages={7472--7483},
  year={2021}
}

# generalization: meta learning
@article{qiu2022dimes,
  title={Dimes: A differentiable meta solver for combinatorial optimization problems},
  author={Qiu, Ruizhong and Sun, Zhiqing and Yang, Yiming},
  journal={Advances in Neural Information Processing Systems},
  volume={35},
  pages={25531--25546},
  year={2022}
}

# generalization: knowledge distillation
@article{bi2022learning,
  title={Learning generalizable models for vehicle routing problems via knowledge distillation},
  author={Bi, Jieyi and Ma, Yining and Wang, Jiahai and Cao, Zhiguang and Chen, Jinbiao and Sun, Yuan and Chee, Yeow Meng},
  journal={Advances in Neural Information Processing Systems},
  volume={35},
  pages={31226--31238},
  year={2022}
}

# search
@article{choo2022simulation,
  title={Simulation-guided beam search for neural combinatorial optimization},
  author={Choo, Jinho and Kwon, Yeong-Dae and Kim, Jihoon and Jae, Jeongwoo and Hottung, Andr{\'e} and Tierney, Kevin and Gwon, Youngjune},
  journal={Advances in Neural Information Processing Systems},
  volume={35},
  pages={8760--8772},
  year={2022}
}

# constructive method
@article{kim2022sym,
  title={Sym-nco: Leveraging symmetricity for neural combinatorial optimization},
  author={Kim, Minsu and Park, Junyoung and Park, Jinkyoo},
  journal={Advances in Neural Information Processing Systems},
  volume={35},
  pages={1936--1949},
  year={2022}
}

# constructive method: supervised learning
@article{drakulic2024bq,
  title={Bq-nco: Bisimulation quotienting for efficient neural combinatorial optimization},
  author={Drakulic, Darko and Michel, Sofia and Mai, Florian and Sors, Arnaud and Andreoli, Jean-Marc},
  journal={Advances in Neural Information Processing Systems},
  volume={36},
  year={2024}
}

# iterative method
@article{ye2024deepaco,
  title={DeepACO: neural-enhanced ant systems for combinatorial optimization},
  author={Ye, Haoran and Wang, Jiarui and Cao, Zhiguang and Liang, Helan and Li, Yong},
  journal={Advances in Neural Information Processing Systems},
  volume={36},
  year={2024}
}

# diffusion method
@article{sun2023difusco,
  title={Difusco: Graph-based diffusion solvers for combinatorial optimization},
  author={Sun, Zhiqing and Yang, Yiming},
  journal={Advances in Neural Information Processing Systems},
  volume={36},
  pages={3706--3731},
  year={2023}
}


# generalization: ensemble learning
@article{jiang2024ensemble,
  title={Ensemble-based deep reinforcement learning for vehicle routing problems under distribution shift},
  author={Jiang, Yuan and Cao, Zhiguang and Wu, Yaoxin and Song, Wen and Zhang, Jie},
  journal={Advances in Neural Information Processing Systems},
  volume={36},
  year={2024}
}

# iterative method
@article{ma2024learning,
  title={Learning to search feasible and infeasible regions of routing problems with flexible neural k-opt},
  author={Ma, Yining and Cao, Zhiguang and Chee, Yeow Meng},
  journal={Advances in Neural Information Processing Systems},
  volume={36},
  year={2024}
}

# constructive method: supervised learning
@article{luo2024neural,
  title={Neural combinatorial optimization with heavy decoder: Toward large scale generalization},
  author={Luo, Fu and Lin, Xi and Liu, Fei and Zhang, Qingfu and Wang, Zhenkun},
  journal={Advances in Neural Information Processing Systems},
  volume={36},
  year={2024}
}

# unsupervised learning + search
@article{min2024unsupervised,
  title={Unsupervised learning for solving the travelling salesman problem},
  author={Min, Yimeng and Bai, Yiwei and Gomes, Carla P},
  journal={Advances in Neural Information Processing Systems},
  volume={36},
  year={2024}
}

# generalization: ensemble learning
@article{grinsztajn2023winner,
  title={Winner takes it all: Training performant RL populations for combinatorial optimization},
  author={Grinsztajn, Nathan and Furelos-Blanco, Daniel and Surana, Shikha and Bonnet, Cl{\'e}ment and Barrett, Tom},
  journal={Advances in Neural Information Processing Systems},
  volume={36},
  pages={48485--48509},
  year={2023}
}

# local features
@inproceedings{jiang2023multi,
  title={Multi-view graph contrastive learning for solving vehicle routing problems},
  author={Jiang, Yuan and Cao, Zhiguang and Wu, Yaoxin and Zhang, Jie},
  booktitle={Uncertainty in Artificial Intelligence},
  pages={984--994},
  year={2023},
  organization={PMLR}
}


@article{vaswani2017attention,
  title={Attention is all you need},
  author={Vaswani, Ashish and Shazeer, Noam and Parmar, Niki and Uszkoreit, Jakob and Jones, Llion and Gomez, Aidan N and Kaiser, {\L}ukasz and Polosukhin, Illia},
  journal={Advances in neural information processing systems},
  volume={30},
  year={2017}
}

@article{pateria2021hierarchical,
  title={Hierarchical reinforcement learning: A comprehensive survey},
  author={Pateria, Shubham and Subagdja, Budhitama and Tan, Ah-hwee and Quek, Chai},
  journal={ACM Computing Surveys (CSUR)},
  volume={54},
  number={5},
  pages={1--35},
  year={2021},
  publisher={ACM New York, NY, USA}
}

@inproceedings{
levy2017learning,
title={Hierarchical Reinforcement Learning with Hindsight},
author={Andrew Levy and Robert Platt and Kate Saenko},
booktitle={International Conference on Learning Representations},
year={2019},
}


@inproceedings{zhang2021sample,
  title={Sample efficient reinforcement learning with REINFORCE},
  author={Zhang, Junzi and Kim, Jongho and O'Donoghue, Brendan and Boyd, Stephen},
  booktitle={Proceedings of the AAAI conference on artificial intelligence},
  volume={35},
  number={12},
  pages={10887--10895},
  year={2021}
}


@article{lee2021dynamic,
  title={Dynamic regret convergence analysis and an adaptive regularization algorithm for on-policy robot imitation learning},
  author={Lee, Jonathan N and Laskey, Michael and Tanwani, Ajay Kumar and Aswani, Anil and Goldberg, Ken},
  journal={The International Journal of Robotics Research},
  volume={40},
  number={10-11},
  pages={1284--1305},
  year={2021},
  publisher={SAGE Publications Sage UK: London, England}
}

@article{williams1992simple,
  title={Simple statistical gradient-following algorithms for connectionist reinforcement learning},
  author={Williams, Ronald J},
  journal={Machine learning},
  volume={8},
  pages={229--256},
  year={1992},
  publisher={Springer}
}

@article{cattaruzza2017vehicle,
  title={Vehicle routing problems for city logistics},
  author={Cattaruzza, Diego and Absi, Nabil and Feillet, Dominique and Gonz{\'a}lez-Feliu, Jes{\'u}s},
  journal={EURO Journal on Transportation and Logistics},
  volume={6},
  number={1},
  pages={51--79},
  year={2017},
  publisher={Elsevier}
}



@article{joshi2019efficient,
  title={An efficient graph convolutional network technique for the travelling salesman problem},
  author={Joshi, Chaitanya K and Laurent, Thomas and Bresson, Xavier},
  journal={arXiv preprint arXiv:1906.01227},
  year={2019}
}

@article{fisher1981generalized,
  title={A generalized assignment heuristic for vehicle routing},
  author={Fisher, Marshall L and Jaikumar, Ramchandran},
  journal={Networks},
  volume={11},
  number={2},
  pages={109--124},
  year={1981},
  publisher={Wiley Online Library}
}


@inproceedings{liu20242d,
  title={2D-Ptr: 2D Array Pointer Network for Solving the Heterogeneous Capacitated Vehicle Routing Problem},
  author={Liu, Qidong and Liu, Chaoyue and Niu, Shaoyao and Long, Cheng and Zhang, Jie and Xu, Mingliang},
  booktitle={Proceedings of the 23rd International Conference on Autonomous Agents and Multiagent Systems},
  pages={1238--1246},
  year={2024}
}


@article{xin2020step,
  title={Step-wise deep learning models for solving routing problems},
  author={Xin, Liang and Song, Wen and Cao, Zhiguang and Zhang, Jie},
  journal={IEEE Transactions on Industrial Informatics},
  volume={17},
  number={7},
  pages={4861--4871},
  year={2020},
  publisher={IEEE}
}

