@article{bi2022learning,
  title={Learning generalizable models for vehicle routing problems via knowledge distillation},
  author={Bi, Jieyi and Ma, Yining and Wang, Jiahai and Cao, Zhiguang and Chen, Jinbiao and Sun, Yuan and Chee, Yeow Meng},
  journal={Advances in Neural Information Processing Systems},
  volume={35},
  pages={31226--31238},
  year={2022}
}

@article{chen2019learning,
  title={Learning to perform local rewriting for combinatorial optimization},
  author={Chen, Xinyun and Tian, Yuandong},
  journal={Advances in neural information processing systems},
  volume={32},
  year={2019}
}

@inproceedings{cheng2023select,
  title={Select and optimize: Learning to solve large-scale tsp instances},
  author={Cheng, Hanni and Zheng, Haosi and Cong, Ya and Jiang, Weihao and Pu, Shiliang},
  booktitle={International Conference on Artificial Intelligence and Statistics},
  pages={1219--1231},
  year={2023},
  organization={PMLR}
}

@article{drakulic2024bq,
  title={Bq-nco: Bisimulation quotienting for efficient neural combinatorial optimization},
  author={Drakulic, Darko and Michel, Sofia and Mai, Florian and Sors, Arnaud and Andreoli, Jean-Marc},
  journal={Advances in Neural Information Processing Systems},
  volume={36},
  year={2024}
}

@inproceedings{fu2021generalize,
  title={Generalize a small pre-trained model to arbitrarily large tsp instances},
  author={Fu, Zhang-Hua and Qiu, Kai-Bin and Zha, Hongyuan},
  booktitle={Proceedings of the AAAI conference on artificial intelligence},
  volume={35},
  number={8},
  pages={7474--7482},
  year={2021}
}

@inproceedings{gao2023towards,
  title={Towards generalizable neural solvers for vehicle routing problems via ensemble with transferrable local policy},
  author={Gao, Chengrui and Shang, Haopu and Xue, Ke and Li, Dong and Qian, Chao},
  booktitle={The 33rd International Joint Conference on Artificial Intelligence (IJCAI-24)},
  year={2024}
}

@article{grinsztajn2023winner,
  title={Winner takes it all: Training performant RL populations for combinatorial optimization},
  author={Grinsztajn, Nathan and Furelos-Blanco, Daniel and Surana, Shikha and Bonnet, Cl{\'e}ment and Barrett, Tom},
  journal={Advances in Neural Information Processing Systems},
  volume={36},
  pages={48485--48509},
  year={2023}
}

@incollection{hottung2020neural,
  title={Neural large neighborhood search for the capacitated vehicle routing problem},
  author={Hottung, Andr{\'e} and Tierney, Kevin},
  booktitle={ECAI 2020},
  pages={443--450},
  year={2020},
  publisher={IOS Press}
}

@inproceedings{hou2023generalize,
  title={Generalize learned heuristics to solve large-scale vehicle routing problems in real-time},
  author={Hou, Qingchun and Yang, Jingwei and Su, Yiqiang and Wang, Xiaoqing and Deng, Yuming},
  booktitle={The Eleventh International Conference on Learning Representations},
  year={2023}
}

@article{jiang2024ensemble,
  title={Ensemble-based deep reinforcement learning for vehicle routing problems under distribution shift},
  author={Jiang, Yuan and Cao, Zhiguang and Wu, Yaoxin and Song, Wen and Zhang, Jie},
  journal={Advances in Neural Information Processing Systems},
  volume={36},
  year={2024}
}

@article{kim2021learning,
  title={Learning collaborative policies to solve np-hard routing problems},
  author={Kim, Minsu and Park, Jinkyoo and others},
  journal={Advances in Neural Information Processing Systems},
  volume={34},
  pages={10418--10430},
  year={2021}
}

@article{kim2022sym,
  title={Sym-nco: Leveraging symmetricity for neural combinatorial optimization},
  author={Kim, Minsu and Park, Junyoung and Park, Jinkyoo},
  journal={Advances in Neural Information Processing Systems},
  volume={35},
  pages={1936--1949},
  year={2022}
}

@article{kwon2020pomo,
  title={Pomo: Policy optimization with multiple optima for reinforcement learning},
  author={Kwon, Yeong-Dae and Choo, Jinho and Kim, Byoungjip and Yoon, Iljoo and Gwon, Youngjune and Min, Seungjai},
  journal={Advances in Neural Information Processing Systems},
  volume={33},
  pages={21188--21198},
  year={2020}
}

@article{li2021learning,
  title={Learning to delegate for large-scale vehicle routing},
  author={Li, Sirui and Yan, Zhongxia and Wu, Cathy},
  journal={Advances in Neural Information Processing Systems},
  volume={34},
  pages={26198--26211},
  year={2021}
}

@inproceedings{lu2019learning,
  title={A learning-based iterative method for solving vehicle routing problems},
  author={Lu, Hao and Zhang, Xingwen and Yang, Shuang},
  booktitle={International conference on learning representations},
  year={2019}
}

@article{luo2024neural,
  title={Neural combinatorial optimization with heavy decoder: Toward large scale generalization},
  author={Luo, Fu and Lin, Xi and Liu, Fei and Zhang, Qingfu and Wang, Zhenkun},
  journal={Advances in Neural Information Processing Systems},
  volume={36},
  year={2024}
}

@article{luo2024self,
  title={Self-Improved Learning for Scalable Neural Combinatorial Optimization},
  author={Luo, Fu and Lin, Xi and Wang, Zhenkun and Xialiang, Tong and Yuan, Mingxuan and Zhang, Qingfu},
  journal={arXiv preprint arXiv:2403.19561},
  year={2024}
}

@article{ma2021learning,
  title={Learning to iteratively solve routing problems with dual-aspect collaborative transformer},
  author={Ma, Yining and Li, Jingwen and Cao, Zhiguang and Song, Wen and Zhang, Le and Chen, Zhenghua and Tang, Jing},
  journal={Advances in Neural Information Processing Systems},
  volume={34},
  pages={11096--11107},
  year={2021}
}

@article{ma2024learning,
  title={Learning to search feasible and infeasible regions of routing problems with flexible neural k-opt},
  author={Ma, Yining and Cao, Zhiguang and Chee, Yeow Meng},
  journal={Advances in Neural Information Processing Systems},
  volume={36},
  year={2024}
}

@inproceedings{manchanda2022generalization,
  title={On the generalization of neural combinatorial optimization heuristics},
  author={Manchanda, Sahil and Michel, Sofia and Drakulic, Darko and Andreoli, Jean-Marc},
  booktitle={Joint European Conference on Machine Learning and Knowledge Discovery in Databases},
  pages={426--442},
  year={2022},
  organization={Springer}
}

@article{nazari2018reinforcement,
  title={Reinforcement learning for solving the vehicle routing problem},
  author={Nazari, Mohammadreza and Oroojlooy, Afshin and Snyder, Lawrence and Tak{\'a}c, Martin},
  journal={Advances in neural information processing systems},
  volume={31},
  year={2018}
}

@inproceedings{pan2023h,
  title={H-tsp: Hierarchically solving the large-scale traveling salesman problem},
  author={Pan, Xuanhao and Jin, Yan and Ding, Yuandong and Feng, Mingxiao and Zhao, Li and Song, Lei and Bian, Jiang},
  booktitle={Proceedings of the AAAI Conference on Artificial Intelligence},
  volume={37},
  number={8},
  pages={9345--9353},
  year={2023}
}

@article{qiu2022dimes,
  title={Dimes: A differentiable meta solver for combinatorial optimization problems},
  author={Qiu, Ruizhong and Sun, Zhiqing and Yang, Yiming},
  journal={Advances in Neural Information Processing Systems},
  volume={35},
  pages={25531--25546},
  year={2022}
}

@inproceedings{son2023meta,
  title={Meta-sage: Scale meta-learning scheduled adaptation with guided exploration for mitigating scale shift on combinatorial optimization},
  author={Son, Jiwoo and Kim, Minsu and Kim, Hyeonah and Park, Jinkyoo},
  booktitle={International Conference on Machine Learning},
  pages={32194--32210},
  year={2023},
  organization={PMLR}
}

@article{vinyals2015pointer,
  title={Pointer networks},
  author={Vinyals, Oriol and Fortunato, Meire and Jaitly, Navdeep},
  journal={Advances in neural information processing systems},
  volume={28},
  year={2015}
}

@article{xin2021neurolkh,
  title={Neurolkh: Combining deep learning model with lin-kernighan-helsgaun heuristic for solving the traveling salesman problem},
  author={Xin, Liang and Song, Wen and Cao, Zhiguang and Zhang, Jie},
  journal={Advances in Neural Information Processing Systems},
  volume={34},
  pages={7472--7483},
  year={2021}
}

@inproceedings{ye2024glop,
  title={Glop: Learning global partition and local construction for solving large-scale routing problems in real-time},
  author={Ye, Haoran and Wang, Jiarui and Liang, Helan and Cao, Zhiguang and Li, Yong and Li, Fanzhang},
  booktitle={Proceedings of the AAAI Conference on Artificial Intelligence},
  volume={38},
  number={18},
  pages={20284--20292},
  year={2024}
}

@inproceedings{zhou2023towards,
  title={Towards omni-generalizable neural methods for vehicle routing problems},
  author={Zhou, Jianan and Wu, Yaoxin and Song, Wen and Cao, Zhiguang and Zhang, Jie},
  booktitle={International Conference on Machine Learning},
  pages={42769--42789},
  year={2023},
  organization={PMLR}
}

@inproceedings{zong2022rbg,
  title={Rbg: Hierarchically solving large-scale routing problems in logistic systems via reinforcement learning},
  author={Zong, Zefang and Wang, Hansen and Wang, Jingwei and Zheng, Meng and Li, Yong},
  booktitle={Proceedings of the 28th ACM SIGKDD Conference on Knowledge Discovery and Data Mining},
  pages={4648--4658},
  year={2022}
}

