@inproceedings{Chen2024RGMComm,
  author       = {Jingdi Chen and
                  Tian Lan and
                  Carlee Joe{-}Wong},
  editor       = {Michael J. Wooldridge and
                  Jennifer G. Dy and
                  Sriraam Natarajan},
  title        = {RGMComm: Return Gap Minimization via Discrete Communications in Multi-Agent
                  Reinforcement Learning},
  booktitle    = {Thirty-Eighth {AAAI} Conference on Artificial Intelligence, {AAAI}
                  2024, Thirty-Sixth Conference on Innovative Applications of Artificial
                  Intelligence, {IAAI} 2024, Fourteenth Symposium on Educational Advances
                  in Artificial Intelligence, {EAAI} 2014, February 20-27, 2024, Vancouver,
                  Canada},
  pages        = {17327--17336},
  publisher    = {{AAAI} Press},
  year         = {2024},
  doi          = {10.1609/AAAI.V38I16.29680},
  timestamp    = {Tue, 02 Apr 2024 16:32:09 +0200},
  biburl       = {https://dblp.org/rec/conf/aaai/ChenLJ24.bib},
  bibsource    = {dblp computer science bibliography, https://dblp.org}
}

@inproceedings{Das2019TarMAC,
  title={TarMAC: Targeted Multi-Agent Communication},
  author={Abhishek Das and Th√©ophile Gervet and Joshua Romoff and Dhruv Batra and Devi Parikh and Mike Rabbat and Joelle Pineau},
  booktitle={Proceedings of the 36th International Conference on Machine Learning (ICML)},
  year={2019},
  pages={1538-1546},
 }

@inproceedings{Ding2020I2C,
  author    = {Ziluo Ding and
               Tiejun Huang and
               Zongqing Lu},
  editor    = {Hugo Larochelle and
               Marc'Aurelio Ranzato and
               Raia Hadsell and
               Maria{-}Florina Balcan and
               Hsuan{-}Tien Lin},
  title     = {Learning Individually Inferred Communication for Multi-Agent Cooperation},
  booktitle = {Advances in Neural Information Processing Systems 33 (NeurIPS)},
  year      = {2020},
  timestamp = {Tue, 19 Jan 2021 15:57:22 +0100},
  biburl    = {https://dblp.org/rec/conf/nips/DingHL20.bib},
  bibsource = {dblp computer science bibliography, https://dblp.org}
}

@inproceedings{Foerster2016Comm,
  title={Learning to Communicate with Deep Multi-Agent Reinforcement Learning},
  author={Jakob N. Foerster and Yannis M. Assael and Nando de Freitas and Shimon Whiteson},
  booktitle={Advances in Neural Information Processing Systems 29 (NIPS)},
  pages={2137-2145},
  year={2016}
 }

@inproceedings{Foerster2018COMA,
  author    = {Jakob N. Foerster and
               Gregory Farquhar and
               Triantafyllos Afouras and
               Nantas Nardelli and
               Shimon Whiteson},
  editor    = {Sheila A. McIlraith and
              Kilian Q. Weinberger},
  title     = {Counterfactual Multi-Agent Policy Gradients},
  booktitle = {Proceedings of the Thirty-Second {AAAI} Conference on Artificial Intelligence,
               (AAAI-18), the 30th innovative Applications of Artificial Intelligence
               (IAAI-18), and the 8th {AAAI} Symposium on Educational Advances in
               Artificial Intelligence (EAAI-18), New Orleans, Louisiana, USA, February
               2-7, 2018},
  pages     = {2974--2982},
  year      = {2018}
}

@article{Guan2023Aggregation,
  author       = {Cong Guan and
                  Feng Chen and
                  Lei Yuan and
                  Zongzhang Zhang and
                  Yang Yu},
  title        = {Efficient Communication via Self-supervised Information Aggregation
                  for Online and Offline Multi-agent Reinforcement Learning},
  journal      = {CoRR},
  volume       = {abs/2302.09605},
  year         = {2023},
  doi          = {10.48550/ARXIV.2302.09605},
  eprinttype    = {arXiv},
  eprint       = {2302.09605},
  timestamp    = {Mon, 02 Oct 2023 20:48:16 +0200},
  biburl       = {https://dblp.org/rec/journals/corr/abs-2302-09605.bib},
  bibsource    = {dblp computer science bibliography, https://dblp.org}
}

@inproceedings{Guo2023Email,
  author       = {Xudong Guo and
                  Daming Shi and
                  Wenhui Fan},
  title        = {Scalable Communication for Multi-Agent Reinforcement Learning via
                  Transformer-Based Email Mechanism},
  booktitle    = {Proceedings of the Thirty-Second International Joint Conference on
                  Artificial Intelligence, {IJCAI} 2023, 19th-25th August 2023, Macao,
                  SAR, China},
  pages        = {126--134},
  publisher    = {ijcai.org},
  year         = {2023},
  doi          = {10.24963/IJCAI.2023/15},
  timestamp    = {Mon, 28 Aug 2023 17:23:07 +0200},
  biburl       = {https://dblp.org/rec/conf/ijcai/Guo0F23.bib},
  bibsource    = {dblp computer science bibliography, https://dblp.org}
}

@inproceedings{Iqbal2019MAAC,
  author       = {Shariq Iqbal and
                  Fei Sha},
  editor       = {Kamalika Chaudhuri and
                  Ruslan Salakhutdinov},
  title        = {Actor-Attention-Critic for Multi-Agent Reinforcement Learning},
  booktitle    = {Proceedings of the 36th International Conference on Machine Learning,
                  {ICML} 2019, 9-15 June 2019, Long Beach, California, {USA}},
  series       = {Proceedings of Machine Learning Research},
  volume       = {97},
  pages        = {2961--2970},
  publisher    = {{PMLR}},
  year         = {2019},
  timestamp    = {Tue, 11 Jun 2019 15:37:38 +0200},
  biburl       = {https://dblp.org/rec/conf/icml/IqbalS19.bib},
  bibsource    = {dblp computer science bibliography, https://dblp.org}
}

@inproceedings{Jiang2018ATOC,
  title={Learning Attentional Communication for Multi-Agent Cooperation},
  author={Jiechuan Jiang and Zongqing Lu},
  booktitle={Advances in Neural Information Processing Systems 31 (NIPS)},
  pages={7265-7275},
  year={2018}
 }

@inproceedings{Kuba2021Setting,
  author       = {Jakub Grudzien Kuba and
                  Muning Wen and
                  Linghui Meng and
                  Shangding Gu and
                  Haifeng Zhang and
                  David Mguni and
                  Jun Wang and
                  Yaodong Yang},
  editor       = {Marc'Aurelio Ranzato and
                  Alina Beygelzimer and
                  Yann N. Dauphin and
                  Percy Liang and
                  Jennifer Wortman Vaughan},
  title        = {Settling the Variance of Multi-Agent Policy Gradients},
  booktitle    = {Advances in Neural Information Processing Systems 34: Annual Conference
                  on Neural Information Processing Systems 2021, NeurIPS 2021, December
                  6-14, 2021, virtual},
  pages        = {13458--13470},
  year         = {2021},
  timestamp    = {Tue, 03 May 2022 16:20:48 +0200},
  biburl       = {https://dblp.org/rec/conf/nips/KubaWMGZMWY21.bib},
  bibsource    = {dblp computer science bibliography, https://dblp.org}
}

@inproceedings{Liu2020G2ANet,
  title={Multi-Agent Game Abstraction via Graph Attention Neural Network},
  author={Yong Liu and Weixun Wang and Yujing Hu and Jianye Hao and Xingguo Chen and Yang Gao},
  booktitle={The Thirty-Fourth AAAI Conference on Artificial Intelligence (AAAI)},
  year={2020},
  pages={7211-7218},
 }

@inproceedings{Lyu2021Contrasting,
  author    = {Xueguang Lyu and
               Yuchen Xiao and
               Brett Daley and
               Christopher Amato},
  editor    = {Frank Dignum and
               Alessio Lomuscio and
               Ulle Endriss and
               Ann Now{\'{e}}},
  title     = {Contrasting Centralized and Decentralized Critics in Multi-Agent Reinforcement
               Learning},
  booktitle = {{AAMAS} '21: 20th International Conference on Autonomous Agents and
               Multiagent Systems, Virtual Event, United Kingdom, May 3-7, 2021},
  pages     = {844--852},
  year      = {2021}
}

@article{Lyu2023Centralized,
  author       = {Xueguang Lyu and
                  Andrea Baisero and
                  Yuchen Xiao and
                  Brett Daley and
                  Christopher Amato},
  title        = {On Centralized Critics in Multi-Agent Reinforcement Learning},
  journal      = {J. Artif. Intell. Res.},
  volume       = {77},
  pages        = {295--354},
  year         = {2023},
  doi          = {10.1613/JAIR.1.14386},
  timestamp    = {Sun, 18 Jun 2023 10:49:30 +0200},
  biburl       = {https://dblp.org/rec/journals/jair/LyuBXDA23.bib},
  bibsource    = {dblp computer science bibliography, https://dblp.org}
}

@inproceedings{Mao2020GatedACML,
  author    = {Hangyu Mao and
               Zhengchao Zhang and
               Zhen Xiao and
               Zhibo Gong and
               Yan Ni},
  title     = {Learning Agent Communication under Limited Bandwidth by Message Pruning},
  booktitle = {The Thirty-Fourth {AAAI} Conference on Artificial Intelligence},
  pages     = {5142--5149},
  year      = {2020}
}

@inproceedings{Niu2021MAGIC,
  title={Multi-Agent Graph-Attention Communication and Teaming},
  author={Yaru Niu and Rohan R. Paleja and Matthew C. Gombolay},
  booktitle={20th International Conference on Autonomous Agents and Multiagent Systems (AAMAS)},
  pages={964-973},
  year={2021}
 }

@inproceedings{Sun2024T2MAC,
  author       = {Chuxiong Sun and
                  Zehua Zang and
                  Jiabao Li and
                  Jiangmeng Li and
                  Xiao Xu and
                  Rui Wang and
                  Changwen Zheng},
  editor       = {Michael J. Wooldridge and
                  Jennifer G. Dy and
                  Sriraam Natarajan},
  title        = {{T2MAC:} Targeted and Trusted Multi-Agent Communication through Selective
                  Engagement and Evidence-Driven Integration},
  booktitle    = {Thirty-Eighth {AAAI} Conference on Artificial Intelligence, {AAAI}
                  2024, Thirty-Sixth Conference on Innovative Applications of Artificial
                  Intelligence, {IAAI} 2024, Fourteenth Symposium on Educational Advances
                  in Artificial Intelligence, {EAAI} 2014, February 20-27, 2024, Vancouver,
                  Canada},
  pages        = {15154--15163},
  publisher    = {{AAAI} Press},
  year         = {2024},
  doi          = {10.1609/AAAI.V38I13.29438},
  timestamp    = {Wed, 14 Aug 2024 08:24:55 +0200},
  biburl       = {https://dblp.org/rec/conf/aaai/SunZLLXWZ24.bib},
  bibsource    = {dblp computer science bibliography, https://dblp.org}
}

@inproceedings{Tucker2018Baseline,
  author       = {George Tucker and
                  Surya Bhupatiraju and
                  Shixiang Gu and
                  Richard E. Turner and
                  Zoubin Ghahramani and
                  Sergey Levine},
  title        = {The Mirage of Action-Dependent Baselines in Reinforcement Learning},
  booktitle    = {6th International Conference on Learning Representations, {ICLR} 2018,
                  Vancouver, BC, Canada, April 30 - May 3, 2018, Workshop Track Proceedings},
  publisher    = {OpenReview.net},
  year         = {2018},
  timestamp    = {Thu, 04 Apr 2019 13:20:09 +0200},
  biburl       = {https://dblp.org/rec/conf/iclr/TuckerBGTGL18.bib},
  bibsource    = {dblp computer science bibliography, https://dblp.org}
}

@inproceedings{Wang2020IMAC,
  author    = {Rundong Wang and
               Xu He and
               Runsheng Yu and
               Wei Qiu and
               Bo An and
               Zinovi Rabinovich},
  title     = {Learning Efficient Multi-agent Communication: An Information Bottleneck
               Approach},
  booktitle = {Proceedings of the 37th International Conference on Machine Learning (ICML)},
  series    = {Proceedings of Machine Learning Research},
  volume    = {119},
  pages     = {9908--9918},
  year      = {2020}
}

@inproceedings{Wang2020NDQ,
  author    = {Tonghan Wang and
               Jianhao Wang and
               Chongyi Zheng and
               Chongjie Zhang},
  title     = {Learning Nearly Decomposable Value Functions Via Communication Minimization},
  booktitle = {8th International Conference on Learning Representations, {ICLR} 2020,
               Addis Ababa, Ethiopia, April 26-30, 2020},
  year      = {2020}
}

@inproceedings{Wu2018Baseline,
  author       = {Cathy Wu and
                  Aravind Rajeswaran and
                  Yan Duan and
                  Vikash Kumar and
                  Alexandre M. Bayen and
                  Sham M. Kakade and
                  Igor Mordatch and
                  Pieter Abbeel},
  title        = {Variance Reduction for Policy Gradient with Action-Dependent Factorized
                  Baselines},
  booktitle    = {6th International Conference on Learning Representations, {ICLR} 2018,
                  Vancouver, BC, Canada, April 30 - May 3, 2018, Conference Track Proceedings},
  publisher    = {OpenReview.net},
  year         = {2018},
  timestamp    = {Tue, 02 Nov 2021 13:25:58 +0100},
  biburl       = {https://dblp.org/rec/conf/iclr/WuRDKBKMA18.bib},
  bibsource    = {dblp computer science bibliography, https://dblp.org}
}

@inproceedings{Yuan2022MAIC,
  author    = {Lei Yuan and Jianhao Wang and Fuxiang Zhang and Chenghe Wang and Zongzhang Zhang and Yang Yu and Chongjie Zhang},
  title     = {Multi-Agent Incentive Communication via Decentralized Teammate Modeling},
  booktitle = {Thirty-Sixth AAAI Conference on Artificial Intelligence (AAAI-22)},
  year = {2022}
}

@inproceedings{Zhang2020TMC,
  author    = {Sai Qian Zhang and
               Qi Zhang and
               Jieyu Lin},
  editor    = {Hugo Larochelle and
               Marc'Aurelio Ranzato and
               Raia Hadsell and
               Maria{-}Florina Balcan and
               Hsuan{-}Tien Lin},
  title     = {Succinct and Robust Multi-Agent Communication With Temporal Message
               Control},
  booktitle = {Advances in Neural Information Processing Systems 33 (NIPS)},
  year      = {2020},
  timestamp = {Tue, 19 Jan 2021 15:57:06 +0100},
  biburl    = {https://dblp.org/rec/conf/nips/ZhangZL20.bib},
  bibsource = {dblp computer science bibliography, https://dblp.org}
}

