
@inproceedings{Lyu2021Contrasting,
  author    = {Xueguang Lyu and
               Yuchen Xiao and
               Brett Daley and
               Christopher Amato},
  editor    = {Frank Dignum and
               Alessio Lomuscio and
               Ulle Endriss and
               Ann Now{\'{e}}},
  title     = {Contrasting Centralized and Decentralized Critics in Multi-Agent Reinforcement
               Learning},
  booktitle = {{AAMAS} '21: 20th International Conference on Autonomous Agents and
               Multiagent Systems, Virtual Event, United Kingdom, May 3-7, 2021},
  pages     = {844--852},
  year      = {2021}
}


@inproceedings{Peng2021facmac,
  author    = {Bei Peng and
               Tabish Rashid and
               Christian Schr{\"{o}}der de Witt and
               Pierre{-}Alexandre Kamienny and
               Philip H. S. Torr and
               Wendelin Boehmer and
               Shimon Whiteson},
  editor    = {Marc'Aurelio Ranzato and
               Alina Beygelzimer and
               Yann N. Dauphin and
               Percy Liang and
               Jennifer Wortman Vaughan},
  title     = {{FACMAC:} Factored Multi-Agent Centralised Policy Gradients},
  booktitle = {Advances in Neural Information Processing Systems 34: Annual Conference
               on Neural Information Processing Systems 2021, NeurIPS 2021, December
               6-14, 2021, virtual},
  pages     = {12208--12221},
  year      = {2021},
  timestamp = {Sun, 18 Dec 2022 19:02:44 +0100},
  biburl    = {https://dblp.org/rec/conf/nips/PengRWKTBW21.bib},
  bibsource = {dblp computer science bibliography, https://dblp.org}
}


@book{OliehoekA16DecPOMDP,
  author       = {Frans A. Oliehoek and
                  Christopher Amato},
  title        = {A Concise Introduction to Decentralized POMDPs},
  series       = {Springer Briefs in Intelligent Systems},
  publisher    = {Springer},
  year         = {2016}
}


@inproceedings{Sunehag2018VDN,
  author    = {Peter Sunehag and
               Guy Lever and
               Audrunas Gruslys and
               Wojciech Marian Czarnecki and
               Vin{\'{\i}}cius Flores Zambaldi and
               Max Jaderberg and
               Marc Lanctot and
               Nicolas Sonnerat and
               Joel Z. Leibo and
               Karl Tuyls and
               Thore Graepel},
  editor    = {Elisabeth Andr{\'{e}} and
               Sven Koenig and
               Mehdi Dastani and
               Gita Sukthankar},
  title     = {Value-Decomposition Networks For Cooperative Multi-Agent Learning
               Based On Team Reward},
  booktitle = {Proceedings of the 17th International Conference on Autonomous Agents
               and MultiAgent Systems, {AAMAS} 2018, Stockholm, Sweden, July 10-15,
               2018},
  pages     = {2085--2087},
  year      = {2018}
}


@inproceedings{Foerster2016Comm,
  title={Learning to Communicate with Deep Multi-Agent Reinforcement Learning},
  author={Jakob N. Foerster and Yannis M. Assael and Nando de Freitas and Shimon Whiteson},
  booktitle={Advances in Neural Information Processing Systems 29 (NIPS)},
  pages={2137-2145},
  year={2016}
 }


@inproceedings{Sukhbaatar16CommNet,
  author    = {Sainbayar Sukhbaatar and
               Arthur Szlam and
               Rob Fergus},
  editor    = {Daniel D. Lee and
               Masashi Sugiyama and
               Ulrike von Luxburg and
               Isabelle Guyon and
               Roman Garnett},
  title     = {Learning Multiagent Communication with Backpropagation},
  booktitle = {Advances in Neural Information Processing Systems 29: Annual Conference
               on Neural Information Processing Systems 2016, December 5-10, 2016,
               Barcelona, Spain},
  pages     = {2244--2252},
  year      = {2016},
  timestamp = {Mon, 16 May 2022 15:41:51 +0200},
  biburl    = {https://dblp.org/rec/conf/nips/SukhbaatarSF16.bib},
  bibsource = {dblp computer science bibliography, https://dblp.org}
}




@article{Synnaeve2016RTS,
  author    = {Gabriel Synnaeve and
               Nantas Nardelli and
               Alex Auvolat and
               Soumith Chintala and
               Timoth{\'{e}}e Lacroix and
               Zeming Lin and
               Florian Richoux and
               Nicolas Usunier},
  title     = {TorchCraft: a Library for Machine Learning Research on Real-Time Strategy
               Games},
  journal   = {CoRR},
  volume    = {abs/1611.00625},
  year      = {2016},
  archivePrefix = {arXiv},
  eprint    = {1611.00625},
  timestamp = {Fri, 27 Mar 2020 08:38:57 +0100},
  biburl    = {https://dblp.org/rec/journals/corr/SynnaeveNACLLRU16.bib},
  bibsource = {dblp computer science bibliography, https://dblp.org}
}




@inproceedings{Samvelyan2019StarCraft,
  author    = {Mikayel Samvelyan and
               Tabish Rashid and
               Christian Schr{\"{o}}der de Witt and
               Gregory Farquhar and
               Nantas Nardelli and
               Tim G. J. Rudner and
               Chia{-}Man Hung and
               Philip H. S. Torr and
               Jakob N. Foerster and
               Shimon Whiteson},
  editor    = {Edith Elkind and
               Manuela Veloso and
               Noa Agmon and
               Matthew E. Taylor},
  title     = {The StarCraft Multi-Agent Challenge},
  booktitle = {Proceedings of the 18th International Conference on Autonomous Agents
               and MultiAgent Systems, {AAMAS} '19, Montreal, QC, Canada, May 13-17,
               2019},
  pages     = {2186--2188},
  year      = {2019}
}


@inproceedings{Zhang2019VBC,
  author    = {Sai Qian Zhang and
               Qi Zhang and
               Jieyu Lin},
  editor    = {Hanna M. Wallach and
               Hugo Larochelle and
               Alina Beygelzimer and
               Florence d'Alch{\'{e}}{-}Buc and
               Emily B. Fox and
               Roman Garnett},
  title     = {Efficient Communication in Multi-Agent Reinforcement Learning via
               Variance Based Control},
  booktitle = {Advances in Neural Information Processing Systems 32 (NeurIPS)},
  pages     = {3230--3239},
  year      = {2019},
  timestamp = {Thu, 21 Jan 2021 15:15:19 +0100},
  biburl    = {https://dblp.org/rec/conf/nips/ZhangZL19.bib},
  bibsource = {dblp computer science bibliography, https://dblp.org}
}



@inproceedings{Zhang2020TMC,
  author    = {Sai Qian Zhang and
               Qi Zhang and
               Jieyu Lin},
  editor    = {Hugo Larochelle and
               Marc'Aurelio Ranzato and
               Raia Hadsell and
               Maria{-}Florina Balcan and
               Hsuan{-}Tien Lin},
  title     = {Succinct and Robust Multi-Agent Communication With Temporal Message
               Control},
  booktitle = {Advances in Neural Information Processing Systems 33 (NIPS)},
  year      = {2020},
  timestamp = {Tue, 19 Jan 2021 15:57:06 +0100},
  biburl    = {https://dblp.org/rec/conf/nips/ZhangZL20.bib},
  bibsource = {dblp computer science bibliography, https://dblp.org}
}


@inproceedings{Wang2020IMAC,
  author    = {Rundong Wang and
               Xu He and
               Runsheng Yu and
               Wei Qiu and
               Bo An and
               Zinovi Rabinovich},
  title     = {Learning Efficient Multi-agent Communication: An Information Bottleneck
               Approach},
  booktitle = {Proceedings of the 37th International Conference on Machine Learning (ICML)},
  series    = {Proceedings of Machine Learning Research},
  volume    = {119},
  pages     = {9908--9918},
  year      = {2020}
}




@inproceedings{Wang2020NDQ,
  author    = {Tonghan Wang and
               Jianhao Wang and
               Chongyi Zheng and
               Chongjie Zhang},
  title     = {Learning Nearly Decomposable Value Functions Via Communication Minimization},
  booktitle = {8th International Conference on Learning Representations, {ICLR} 2020,
               Addis Ababa, Ethiopia, April 26-30, 2020},
  year      = {2020}
}



@article{Wang2022FCMNet,
  author    = {Yutong Wang and Guillaume Sartoretti},
  title     = {FCMNet: Full Communication Memory Net for Team-Level Cooperation in
               Multi-Agent Systems},
  journal   = {CoRR},
  volume    = {abs/2201.11994},
  year      = {2022},
  eprinttype = {arXiv},
  eprint    = {2201.11994},
  timestamp = {Wed, 02 Feb 2022 15:00:01 +0100},
  biburl    = {https://dblp.org/rec/journals/corr/abs-2201-11994.bib},
  bibsource = {dblp computer science bibliography, https://dblp.org}
}


  @inproceedings{Das2019TarMAC,
  title={TarMAC: Targeted Multi-Agent Communication},
  author={Abhishek Das and Th√©ophile Gervet and Joshua Romoff and Dhruv Batra and Devi Parikh and Mike Rabbat and Joelle Pineau},
  booktitle={Proceedings of the 36th International Conference on Machine Learning (ICML)},
  year={2019},
  pages={1538-1546},
 }



 @inproceedings{Singh2019IC3Net,
  author    = {Amanpreet Singh and
               Tushar Jain and
               Sainbayar Sukhbaatar},
  title     = {Learning when to Communicate at Scale in Multiagent Cooperative and
               Competitive Tasks},
  booktitle = {7th International Conference on Learning Representations, {ICLR} 2019,
               New Orleans, LA, USA, May 6-9, 2019},
  year      = {2019},
  timestamp = {Thu, 25 Jul 2019 14:25:41 +0200},
  biburl    = {https://dblp.org/rec/conf/iclr/SinghJS19.bib},
  bibsource = {dblp computer science bibliography, https://dblp.org}
}





@inproceedings{Ding2020I2C,
  author    = {Ziluo Ding and
               Tiejun Huang and
               Zongqing Lu},
  editor    = {Hugo Larochelle and
               Marc'Aurelio Ranzato and
               Raia Hadsell and
               Maria{-}Florina Balcan and
               Hsuan{-}Tien Lin},
  title     = {Learning Individually Inferred Communication for Multi-Agent Cooperation},
  booktitle = {Advances in Neural Information Processing Systems 33 (NeurIPS)},
  year      = {2020},
  timestamp = {Tue, 19 Jan 2021 15:57:22 +0100},
  biburl    = {https://dblp.org/rec/conf/nips/DingHL20.bib},
  bibsource = {dblp computer science bibliography, https://dblp.org}
}

@article{Hu2020ETCNet,
  author    = {Guangzheng Hu and
               Yuanheng Zhu and
               Dongbin Zhao and
               Mengchen Zhao and
               Jianye Hao},
  title     = {Event-Triggered Multi-agent Reinforcement Learning with Communication
               under Limited-bandwidth Constraint},
  journal   = {CoRR},
  volume    = {abs/2010.04978},
  year      = {2020},
  archivePrefix = {arXiv},
  eprint    = {2010.04978},
  timestamp = {Tue, 20 Oct 2020 15:08:10 +0200},
  biburl    = {https://dblp.org/rec/journals/corr/abs-2010-04978.bib},
  bibsource = {dblp computer science bibliography, https://dblp.org}
}


 @inproceedings{Jiang2018ATOC,
  title={Learning Attentional Communication for Multi-Agent Cooperation},
  author={Jiechuan Jiang and Zongqing Lu},
  booktitle={Advances in Neural Information Processing Systems 31 (NIPS)},
  pages={7265-7275},
  year={2018}
 }
 
  @inproceedings{Liu2020G2ANet,
  title={Multi-Agent Game Abstraction via Graph Attention Neural Network},
  author={Yong Liu and Weixun Wang and Yujing Hu and Jianye Hao and Xingguo Chen and Yang Gao},
  booktitle={The Thirty-Fourth AAAI Conference on Artificial Intelligence (AAAI)},
  year={2020},
  pages={7211-7218},
 }


 
@inproceedings{Son2019Qtran,
  author    = {Kyunghwan Son and
               Daewoo Kim and
               Wan Ju Kang and
               David Hostallero and
               Yung Yi},
  editor    = {Kamalika Chaudhuri and
               Ruslan Salakhutdinov},
  title     = {{QTRAN:} Learning to Factorize with Transformation for Cooperative
               Multi-Agent Reinforcement Learning},
  booktitle = {Proceedings of the 36th International Conference on Machine Learning,
               {ICML} 2019, 9-15 June 2019, Long Beach, California, {USA}},
  series    = {Proceedings of Machine Learning Research},
  volume    = {97},
  pages     = {5887--5896},
  year      = {2019}
}


@inproceedings{Wang2021DOP,
  author    = {Yihan Wang and
               Beining Han and
               Tonghan Wang and
               Heng Dong and
               Chongjie Zhang},
  title     = {{DOP:} Off-Policy Multi-Agent Decomposed Policy Gradients},
  booktitle = {9th International Conference on Learning Representations, {ICLR} 2021,
               Virtual Event, Austria, May 3-7, 2021},
  year      = {2021}
}


@inproceedings{RashidS2018Qmix,
  author    = {Tabish Rashid and
               Mikayel Samvelyan and
               Christian Schr{\"{o}}der de Witt and
               Gregory Farquhar and
               Jakob N. Foerster and
               Shimon Whiteson},
  editor    = {Jennifer G. Dy and
               Andreas Krause},
  title     = {{QMIX:} Monotonic Value Function Factorisation for Deep Multi-Agent
               Reinforcement Learning},
  booktitle = {Proceedings of the 35th International Conference on Machine Learning,
               {ICML} 2018, Stockholmsm{\"{a}}ssan, Stockholm, Sweden, July
               10-15, 2018},
  series    = {Proceedings of Machine Learning Research},
  volume    = {80},
  pages     = {4292--4301},
  year      = {2018}
}



@inproceedings{Vaswani2017Attention,
  author    = {Ashish Vaswani and
               Noam Shazeer and
               Niki Parmar and
               Jakob Uszkoreit and
               Llion Jones and
               Aidan N. Gomez and
               Lukasz Kaiser and
               Illia Polosukhin},
  editor    = {Isabelle Guyon and
               Ulrike von Luxburg and
               Samy Bengio and
               Hanna M. Wallach and
               Rob Fergus and
               S. V. N. Vishwanathan and
               Roman Garnett},
  title     = {Attention is All you Need},
  booktitle = {Advances in Neural Information Processing Systems 30: Annual Conference
               on Neural Information Processing Systems 2017, December 4-9, 2017,
               Long Beach, CA, {USA}},
  pages     = {5998--6008},
  year      = {2017},
  timestamp = {Thu, 21 Jan 2021 15:15:21 +0100},
  biburl    = {https://dblp.org/rec/conf/nips/VaswaniSPUJGKP17.bib},
  bibsource = {dblp computer science bibliography, https://dblp.org}
}

@article{Shai2016MARLAD,
  author    = {Shai Shalev{-}Shwartz and
               Shaked Shammah and
               Amnon Shashua},
  title     = {Safe, Multi-Agent, Reinforcement Learning for Autonomous Driving},
  journal   = {CoRR},
  volume    = {abs/1610.03295},
  year      = {2016},
  eprinttype = {arXiv},
  eprint    = {1610.03295},
  timestamp = {Mon, 13 Aug 2018 16:48:24 +0200},
  biburl    = {https://dblp.org/rec/journals/corr/Shalev-ShwartzS16a.bib},
  bibsource = {dblp computer science bibliography, https://dblp.org}
}


@article{Vinyals2011Sensor,
  author    = {Meritxell Vinyals and
               Juan A. Rodr{\'{\i}}guez{-}Aguilar and
               Jes{\'{u}}s Cerquides},
  title     = {A Survey on Sensor Networks from a Multiagent Perspective},
  journal   = {Comput. J.},
  volume    = {54},
  number    = {3},
  pages     = {455--470},
  year      = {2011},
  doi       = {10.1093/comjnl/bxq018},
  timestamp = {Mon, 05 Jun 2017 20:44:09 +0200},
  biburl    = {https://dblp.org/rec/journals/cj/VinyalsRC11.bib},
  bibsource = {dblp computer science bibliography, https://dblp.org}
}



@article{Kober2013Robotics,
  author    = {Jens Kober and
               J. Andrew Bagnell and
               Jan Peters},
  title     = {Reinforcement learning in robotics: {A} survey},
  journal   = {Int. J. Robotics Res.},
  volume    = {32},
  number    = {11},
  pages     = {1238--1274},
  year      = {2013},
  doi       = {10.1177/0278364913495721},
  timestamp = {Thu, 17 Sep 2020 12:02:41 +0200},
  biburl    = {https://dblp.org/rec/journals/ijrr/KoberBP13.bib},
  bibsource = {dblp computer science bibliography, https://dblp.org}
}


@article{Silver2017Go,
  author    = {David Silver and
               Julian Schrittwieser and
               Karen Simonyan and
               Ioannis Antonoglou and
               Aja Huang and
               Arthur Guez and
               Thomas Hubert and
               Lucas Baker and
               Matthew Lai and
               Adrian Bolton and
               Yutian Chen and
               Timothy P. Lillicrap and
               Fan Hui and
               Laurent Sifre and
               George van den Driessche and
               Thore Graepel and
               Demis Hassabis},
  title     = {Mastering the game of Go without human knowledge},
  journal   = {Nat.},
  volume    = {550},
  number    = {7676},
  pages     = {354--359},
  year      = {2017},
  doi       = {10.1038/nature24270},
  timestamp = {Mon, 27 Sep 2021 17:38:55 +0200},
  biburl    = {https://dblp.org/rec/journals/nature/SilverSSAHGHBLB17.bib},
  bibsource = {dblp computer science bibliography, https://dblp.org}
}


@article{Brown2019superhuman,
  title={Superhuman AI for multiplayer poker},
  author={Brown, Noam and Sandholm, Tuomas},
  journal={Science},
  volume={365},
  number={6456},
  pages={885--890},
  year={2019}
}






 
  @inproceedings{Sukhbaatar2016CommNet,
  title={Learning Multiagent Communication with Backpropagation},
  author={Sainbayar Sukhbaatar and Arthur Szlam and Rob Fergus},
  booktitle={Advances in Neural Information Processing Systems 29 (NIPS)},
  year={2016},
  pages={2244-2252},
 }


@inproceedings{Lowe2017MADDPG,
  author    = {Ryan Lowe and
               Yi Wu and
               Aviv Tamar and
               Jean Harb and
               Pieter Abbeel and
               Igor Mordatch},
  editor    = {Isabelle Guyon and
               Ulrike von Luxburg and
               Samy Bengio and
               Hanna M. Wallach and
               Rob Fergus and
               S. V. N. Vishwanathan and
               Roman Garnett},
  title     = {Multi-Agent Actor-Critic for Mixed Cooperative-Competitive Environments},
  booktitle = {Advances in Neural Information Processing Systems 30: Annual Conference
               on Neural Information Processing Systems 2017, December 4-9, 2017,
               Long Beach, CA, {USA}},
  pages     = {6379--6390},
  year      = {2017},
  timestamp = {Thu, 21 Jan 2021 15:15:21 +0100},
  bibsource = {dblp computer science bibliography, https://dblp.org}
}



@inproceedings{Foerster2018COMA,
  author    = {Jakob N. Foerster and
               Gregory Farquhar and
               Triantafyllos Afouras and
               Nantas Nardelli and
               Shimon Whiteson},
  editor    = {Sheila A. McIlraith and
              Kilian Q. Weinberger},
  title     = {Counterfactual Multi-Agent Policy Gradients},
  booktitle = {Proceedings of the Thirty-Second {AAAI} Conference on Artificial Intelligence,
               (AAAI-18), the 30th innovative Applications of Artificial Intelligence
               (IAAI-18), and the 8th {AAAI} Symposium on Educational Advances in
               Artificial Intelligence (EAAI-18), New Orleans, Louisiana, USA, February
               2-7, 2018},
  pages     = {2974--2982},
  year      = {2018}
}

@inproceedings{Kim2019SchedNet,
  author    = {Daewoo Kim and
               Sangwoo Moon and
               David Hostallero and
               Wan Ju Kang and
               Taeyoung Lee and
               Kyunghwan Son and
               Yung Yi},
  title     = {Learning to Schedule Communication in Multi-agent Reinforcement Learning},
  booktitle = {7th International Conference on Learning Representations (ICLR)},
  year      = {2019}
}



 



@inproceedings{Mao2020GatedACML,
  author    = {Hangyu Mao and
               Zhengchao Zhang and
               Zhen Xiao and
               Zhibo Gong and
               Yan Ni},
  title     = {Learning Agent Communication under Limited Bandwidth by Message Pruning},
  booktitle = {The Thirty-Fourth {AAAI} Conference on Artificial Intelligence},
  pages     = {5142--5149},
  year      = {2020}
}



@article{Changxi2024Survey,
  author    = {Changxi Zhu and
               Mehdi Dastani and
               Shihan Wang},
  title     = {A survey of multi-agent deep reinforcement learning with communication},
  journal   = {Autonomous Agents and Multi-Agent Systems},
  volume    = {38},
  number = {4},
  year      = {2024},
  doi       = {10.1007/s10458-023-09633-6}
}


@article{Hochreiter1997LSTM,
  title={Long short-term memory},
  author={Hochreiter, Sepp and Schmidhuber, J{\"u}rgen},
  journal={Neural computation},
  volume={9},
  number={8},
  pages={1735--1780},
  year={1997},
  series={MIT press}
}


@inproceedings{Yu2022PPO,
  author       = {Chao Yu and
                  Akash Velu and
                  Eugene Vinitsky and
                  Jiaxuan Gao and
                  Yu Wang and
                  Alexandre M. Bayen and
                  Yi Wu},
  title        = {The Surprising Effectiveness of {PPO} in Cooperative Multi-Agent Games},
  booktitle    = {NeurIPS},
  year         = {2022},
  timestamp    = {Wed, 28 Jun 2023 16:19:43 +0200},
  biburl       = {https://dblp.org/rec/conf/nips/YuVVGWBW22.bib},
  bibsource    = {dblp computer science bibliography, https://dblp.org}
}

 @inproceedings{Niu2021MAGIC,
  title={Multi-Agent Graph-Attention Communication and Teaming},
  author={Yaru Niu and Rohan R. Paleja and Matthew C. Gombolay},
  booktitle={20th International Conference on Autonomous Agents and Multiagent Systems (AAMAS)},
  pages={964-973},
  year={2021}
 }


@article{Mnih2015DQN,
  author       = {Volodymyr Mnih and
                  Koray Kavukcuoglu and
                  David Silver and
                  Andrei A. Rusu and
                  Joel Veness and
                  Marc G. Bellemare and
                  Alex Graves and
                  Martin A. Riedmiller and
                  Andreas Fidjeland and
                  Georg Ostrovski and
                  Stig Petersen and
                  Charles Beattie and
                  Amir Sadik and
                  Ioannis Antonoglou and
                  Helen King and
                  Dharshan Kumaran and
                  Daan Wierstra and
                  Shane Legg and
                  Demis Hassabis},
  title        = {Human-level control through deep reinforcement learning},
  journal      = {Nat.},
  volume       = {518},
  number       = {7540},
  pages        = {529--533},
  year         = {2015},
  doi          = {10.1038/NATURE14236},
  timestamp    = {Mon, 08 Jun 2020 22:21:32 +0200},
  biburl       = {https://dblp.org/rec/journals/nature/MnihKSRVBGRFOPB15.bib},
  bibsource    = {dblp computer science bibliography, https://dblp.org}
}


@inproceedings{Yuan2022MAIC,
  author    = {Lei Yuan and Jianhao Wang and Fuxiang Zhang and Chenghe Wang and Zongzhang Zhang and Yang Yu and Chongjie Zhang},
  title     = {Multi-Agent Incentive Communication via Decentralized Teammate Modeling},
  booktitle = {Thirty-Sixth AAAI Conference on Artificial Intelligence (AAAI-22)},
  year = {2022}
}

@inproceedings{Guo2023Email,
  author       = {Xudong Guo and
                  Daming Shi and
                  Wenhui Fan},
  title        = {Scalable Communication for Multi-Agent Reinforcement Learning via
                  Transformer-Based Email Mechanism},
  booktitle    = {Proceedings of the Thirty-Second International Joint Conference on
                  Artificial Intelligence, {IJCAI} 2023, 19th-25th August 2023, Macao,
                  SAR, China},
  pages        = {126--134},
  publisher    = {ijcai.org},
  year         = {2023},
  doi          = {10.24963/IJCAI.2023/15},
  timestamp    = {Mon, 28 Aug 2023 17:23:07 +0200},
  biburl       = {https://dblp.org/rec/conf/ijcai/Guo0F23.bib},
  bibsource    = {dblp computer science bibliography, https://dblp.org}
}


@article{Guan2023Aggregation,
  author       = {Cong Guan and
                  Feng Chen and
                  Lei Yuan and
                  Zongzhang Zhang and
                  Yang Yu},
  title        = {Efficient Communication via Self-supervised Information Aggregation
                  for Online and Offline Multi-agent Reinforcement Learning},
  journal      = {CoRR},
  volume       = {abs/2302.09605},
  year         = {2023},
  doi          = {10.48550/ARXIV.2302.09605},
  eprinttype    = {arXiv},
  eprint       = {2302.09605},
  timestamp    = {Mon, 02 Oct 2023 20:48:16 +0200},
  biburl       = {https://dblp.org/rec/journals/corr/abs-2302-09605.bib},
  bibsource    = {dblp computer science bibliography, https://dblp.org}
}



@inproceedings{LiuWSCSL23,
  author       = {Zeyang Liu and
                  Lipeng Wan and
                  Xue Sui and
                  Zhuoran Chen and
                  Kewu Sun and
                  Xuguang Lan},
  title        = {Deep Hierarchical Communication Graph in Multi-Agent Reinforcement
                  Learning},
  booktitle    = {Proceedings of the Thirty-Second International Joint Conference on
                  Artificial Intelligence, {IJCAI} 2023, 19th-25th August 2023, Macao,
                  SAR, China},
  pages        = {208--216},
  publisher    = {ijcai.org},
  year         = {2023},
  doi          = {10.24963/IJCAI.2023/24},
  timestamp    = {Mon, 28 Aug 2023 17:23:07 +0200},
  biburl       = {https://dblp.org/rec/conf/ijcai/LiuWSCSL23.bib},
  bibsource    = {dblp computer science bibliography, https://dblp.org}
}


@inproceedings{Iqbal2019MAAC,
  author       = {Shariq Iqbal and
                  Fei Sha},
  editor       = {Kamalika Chaudhuri and
                  Ruslan Salakhutdinov},
  title        = {Actor-Attention-Critic for Multi-Agent Reinforcement Learning},
  booktitle    = {Proceedings of the 36th International Conference on Machine Learning,
                  {ICML} 2019, 9-15 June 2019, Long Beach, California, {USA}},
  series       = {Proceedings of Machine Learning Research},
  volume       = {97},
  pages        = {2961--2970},
  publisher    = {{PMLR}},
  year         = {2019},
  timestamp    = {Tue, 11 Jun 2019 15:37:38 +0200},
  biburl       = {https://dblp.org/rec/conf/icml/IqbalS19.bib},
  bibsource    = {dblp computer science bibliography, https://dblp.org}
}


@inproceedings{Ryu2020HAMA,
  author       = {Heechang Ryu and
                  Hayong Shin and
                  Jinkyoo Park},
  title        = {Multi-Agent Actor-Critic with Hierarchical Graph Attention Network},
  booktitle    = {The Thirty-Fourth {AAAI} Conference on Artificial Intelligence, {AAAI}
                  2020, The Thirty-Second Innovative Applications of Artificial Intelligence
                  Conference, {IAAI} 2020, The Tenth {AAAI} Symposium on Educational
                  Advances in Artificial Intelligence, {EAAI} 2020, New York, NY, USA,
                  February 7-12, 2020},
  pages        = {7236--7243},
  publisher    = {{AAAI} Press},
  year         = {2020},
  doi          = {10.1609/AAAI.V34I05.6214},
  timestamp    = {Mon, 04 Sep 2023 16:50:27 +0200},
  biburl       = {https://dblp.org/rec/conf/aaai/RyuSP20.bib},
  bibsource    = {dblp computer science bibliography, https://dblp.org}
}


@article{Lyu2023Centralized,
  author       = {Xueguang Lyu and
                  Andrea Baisero and
                  Yuchen Xiao and
                  Brett Daley and
                  Christopher Amato},
  title        = {On Centralized Critics in Multi-Agent Reinforcement Learning},
  journal      = {J. Artif. Intell. Res.},
  volume       = {77},
  pages        = {295--354},
  year         = {2023},
  doi          = {10.1613/JAIR.1.14386},
  timestamp    = {Sun, 18 Jun 2023 10:49:30 +0200},
  biburl       = {https://dblp.org/rec/journals/jair/LyuBXDA23.bib},
  bibsource    = {dblp computer science bibliography, https://dblp.org}
}


@inproceedings{Kuba2021Setting,
  author       = {Jakub Grudzien Kuba and
                  Muning Wen and
                  Linghui Meng and
                  Shangding Gu and
                  Haifeng Zhang and
                  David Mguni and
                  Jun Wang and
                  Yaodong Yang},
  editor       = {Marc'Aurelio Ranzato and
                  Alina Beygelzimer and
                  Yann N. Dauphin and
                  Percy Liang and
                  Jennifer Wortman Vaughan},
  title        = {Settling the Variance of Multi-Agent Policy Gradients},
  booktitle    = {Advances in Neural Information Processing Systems 34: Annual Conference
                  on Neural Information Processing Systems 2021, NeurIPS 2021, December
                  6-14, 2021, virtual},
  pages        = {13458--13470},
  year         = {2021},
  timestamp    = {Tue, 03 May 2022 16:20:48 +0200},
  biburl       = {https://dblp.org/rec/conf/nips/KubaWMGZMWY21.bib},
  bibsource    = {dblp computer science bibliography, https://dblp.org}
}


@inproceedings{Wu2018Baseline,
  author       = {Cathy Wu and
                  Aravind Rajeswaran and
                  Yan Duan and
                  Vikash Kumar and
                  Alexandre M. Bayen and
                  Sham M. Kakade and
                  Igor Mordatch and
                  Pieter Abbeel},
  title        = {Variance Reduction for Policy Gradient with Action-Dependent Factorized
                  Baselines},
  booktitle    = {6th International Conference on Learning Representations, {ICLR} 2018,
                  Vancouver, BC, Canada, April 30 - May 3, 2018, Conference Track Proceedings},
  publisher    = {OpenReview.net},
  year         = {2018},
  timestamp    = {Tue, 02 Nov 2021 13:25:58 +0100},
  biburl       = {https://dblp.org/rec/conf/iclr/WuRDKBKMA18.bib},
  bibsource    = {dblp computer science bibliography, https://dblp.org}
}



@inproceedings{Konda1999AC,
  author       = {Vijay R. Konda and
                  John N. Tsitsiklis},
  editor       = {Sara A. Solla and
                  Todd K. Leen and
                  Klaus{-}Robert M{\"{u}}ller},
  title        = {Actor-Critic Algorithms},
  booktitle    = {Advances in Neural Information Processing Systems 12, {[NIPS} Conference,
                  Denver, Colorado, USA, November 29 - December 4, 1999]},
  pages        = {1008--1014},
  publisher    = {The {MIT} Press},
  year         = {1999},
  timestamp    = {Mon, 16 May 2022 15:41:51 +0200},
  biburl       = {https://dblp.org/rec/conf/nips/KondaT99.bib},
  bibsource    = {dblp computer science bibliography, https://dblp.org}
}


@inproceedings{BianchiG2017Boltzmann,
  author       = {Nicol{\`{o}} Cesa{-}Bianchi and
                  Claudio Gentile and
                  Gergely Neu and
                  G{\'{a}}bor Lugosi},
  editor       = {Isabelle Guyon and
                  Ulrike von Luxburg and
                  Samy Bengio and
                  Hanna M. Wallach and
                  Rob Fergus and
                  S. V. N. Vishwanathan and
                  Roman Garnett},
  title        = {Boltzmann Exploration Done Right},
  booktitle    = {Advances in Neural Information Processing Systems 30: Annual Conference
                  on Neural Information Processing Systems 2017, December 4-9, 2017,
                  Long Beach, CA, {USA}},
  pages        = {6284--6293},
  year         = {2017},
  timestamp    = {Thu, 21 Jan 2021 15:15:21 +0100},
  biburl       = {https://dblp.org/rec/conf/nips/Cesa-BianchiGNL17.bib},
  bibsource    = {dblp computer science bibliography, https://dblp.org}
}


@article{Oroojlooyjadid2023Survey,
  author       = {Afshin Oroojlooy and
                  Davood Hajinezhad},
  title        = {A review of cooperative multi-agent deep reinforcement learning},
  journal      = {Appl. Intell.},
  volume       = {53},
  number       = {11},
  pages        = {13677--13722},
  year         = {2023},
  doi          = {10.1007/S10489-022-04105-Y},
  timestamp    = {Thu, 15 Jun 2023 21:57:23 +0200},
  biburl       = {https://dblp.org/rec/journals/apin/OroojlooyH23.bib},
  bibsource    = {dblp computer science bibliography, https://dblp.org}
}



@article{Yang2020Survey,
  author    = {Yaodong Yang and
               Jun Wang},
  title     = {An Overview of Multi-Agent Reinforcement Learning from Game Theoretical Perspective},
  journal   = {CoRR},
  volume    = {abs/2011.00583},
  year      = {2020},
  eprinttype = {arXiv},
  eprint    = {2011.00583}
}


@article{Mohamed2019LearningComm,
  author    = {Mohamed Salah Za{\"{\i}}em and
               Etienne Bennequin},
  title     = {Learning to Communicate in Multi-Agent Reinforcement Learning : {A}
               Review},
  journal   = {CoRR},
  volume    = {abs/1911.05438},
  year      = {2019},
  eprinttype = {arXiv},
  eprint    = {1911.05438}
}


@article{ADLER2002433,
title = {A cooperative multi-agent transportation management and route guidance system},
journal = {Transportation Research Part C: Emerging Technologies},
volume = {10},
number = {5},
pages = {433-454},
year = {2002},
issn = {0968-090X},
author = {Jeffrey L Adler and Victor J Blue}
}


@article{Zhang2019MARL,
  author       = {Kaiqing Zhang and
                  Zhuoran Yang and
                  Tamer Basar},
  title        = {Multi-Agent Reinforcement Learning: {A} Selective Overview of Theories
                  and Algorithms},
  journal      = {CoRR},
  volume       = {abs/1911.10635},
  year         = {2019},
  eprinttype    = {arXiv},
  eprint       = {1911.10635},
  timestamp    = {Tue, 03 Dec 2019 14:15:54 +0100},
  biburl       = {https://dblp.org/rec/journals/corr/abs-1911-10635.bib},
  bibsource    = {dblp computer science bibliography, https://dblp.org}
}


@article{Greensmith2004Variance,
  author       = {Evan Greensmith and
                  Peter L. Bartlett and
                  Jonathan Baxter},
  title        = {Variance Reduction Techniques for Gradient Estimates in Reinforcement
                  Learning},
  journal      = {J. Mach. Learn. Res.},
  volume       = {5},
  pages        = {1471--1530},
  year         = {2004},
  timestamp    = {Wed, 10 Jul 2019 15:28:44 +0200},
  biburl       = {https://dblp.org/rec/journals/jmlr/GreensmithBB04.bib},
  bibsource    = {dblp computer science bibliography, https://dblp.org}
}

@inproceedings{Weaver2001Baseline,
  author       = {Lex Weaver and
                  Nigel Tao},
  editor       = {Jack S. Breese and
                  Daphne Koller},
  title        = {The Optimal Reward Baseline for Gradient-Based Reinforcement Learning},
  booktitle    = {{UAI} '01: Proceedings of the 17th Conference in Uncertainty in Artificial
                  Intelligence, University of Washington, Seattle, Washington, USA,
                  August 2-5, 2001},
  pages        = {538--545},
  publisher    = {Morgan Kaufmann},
  year         = {2001},
  timestamp    = {Wed, 03 Feb 2021 11:09:50 +0100},
  biburl       = {https://dblp.org/rec/conf/uai/WeaverT01.bib},
  bibsource    = {dblp computer science bibliography, https://dblp.org}
}


@article{Papoudakis2019Non,
  author       = {Georgios Papoudakis and
                  Filippos Christianos and
                  Arrasy Rahman and
                  Stefano V. Albrecht},
  title        = {Dealing with Non-Stationarity in Multi-Agent Deep Reinforcement Learning},
  journal      = {CoRR},
  volume       = {abs/1906.04737},
  year         = {2019},
  eprinttype    = {arXiv},
  eprint       = {1906.04737},
  timestamp    = {Fri, 14 Jun 2019 09:38:24 +0200},
  biburl       = {https://dblp.org/rec/journals/corr/abs-1906-04737.bib},
  bibsource    = {dblp computer science bibliography, https://dblp.org}
}

@inproceedings{Tucker2018Baseline,
  author       = {George Tucker and
                  Surya Bhupatiraju and
                  Shixiang Gu and
                  Richard E. Turner and
                  Zoubin Ghahramani and
                  Sergey Levine},
  title        = {The Mirage of Action-Dependent Baselines in Reinforcement Learning},
  booktitle    = {6th International Conference on Learning Representations, {ICLR} 2018,
                  Vancouver, BC, Canada, April 30 - May 3, 2018, Workshop Track Proceedings},
  publisher    = {OpenReview.net},
  year         = {2018},
  timestamp    = {Thu, 04 Apr 2019 13:20:09 +0200},
  biburl       = {https://dblp.org/rec/conf/iclr/TuckerBGTGL18.bib},
  bibsource    = {dblp computer science bibliography, https://dblp.org}
}


@article{Bai2023UAV,
  author       = {Yu Bai and
                  Hui Zhao and
                  Xin Zhang and
                  Zheng Chang and
                  Riku J{\"{a}}ntti and
                  Kun Yang},
  title        = {Toward Autonomous Multi-UAV Wireless Network: {A} Survey of Reinforcement
                  Learning-Based Approaches},
  journal      = {{IEEE} Commun. Surv. Tutorials},
  volume       = {25},
  number       = {4},
  pages        = {3038--3067},
  year         = {2023},
  doi          = {10.1109/COMST.2023.3323344},
  timestamp    = {Sun, 10 Dec 2023 17:00:54 +0100},
  biburl       = {https://dblp.org/rec/journals/comsur/BaiZZCJY23.bib},
  bibsource    = {dblp computer science bibliography, https://dblp.org}
}



@inproceedings{Guan2022Efficient,
  author       = {Cong Guan and
                  Feng Chen and
                  Lei Yuan and
                  Chenghe Wang and
                  Hao Yin and
                  Zongzhang Zhang and
                  Yang Yu},
  editor       = {Sanmi Koyejo and
                  S. Mohamed and
                  A. Agarwal and
                  Danielle Belgrave and
                  K. Cho and
                  A. Oh},
  title        = {Efficient Multi-agent Communication via Self-supervised Information
                  Aggregation},
  booktitle    = {Advances in Neural Information Processing Systems 35: Annual Conference
                  on Neural Information Processing Systems 2022, NeurIPS 2022, New Orleans,
                  LA, USA, November 28 - December 9, 2022},
  year         = {2022},
  timestamp    = {Mon, 08 Jan 2024 16:31:31 +0100},
  biburl       = {https://dblp.org/rec/conf/nips/GuanCYWYZ022.bib},
  bibsource    = {dblp computer science bibliography, https://dblp.org}
}


@inproceedings{Sutton1999PG,
  author       = {Richard S. Sutton and
                  David A. McAllester and
                  Satinder Singh and
                  Yishay Mansour},
  editor       = {Sara A. Solla and
                  Todd K. Leen and
                  Klaus{-}Robert M{\"{u}}ller},
  title        = {Policy Gradient Methods for Reinforcement Learning with Function Approximation},
  booktitle    = {Advances in Neural Information Processing Systems 12, {[NIPS} Conference,
                  Denver, Colorado, USA, November 29 - December 4, 1999]},
  pages        = {1057--1063},
  publisher    = {The {MIT} Press},
  year         = {1999},
  timestamp    = {Mon, 16 May 2022 15:41:51 +0200},
  biburl       = {https://dblp.org/rec/conf/nips/SuttonMSM99.bib},
  bibsource    = {dblp computer science bibliography, https://dblp.org}
}



@inproceedings{Schulman2015TROP,
  author       = {John Schulman and
                  Sergey Levine and
                  Pieter Abbeel and
                  Michael I. Jordan and
                  Philipp Moritz},
  editor       = {Francis R. Bach and
                  David M. Blei},
  title        = {Trust Region Policy Optimization},
  booktitle    = {Proceedings of the 32nd International Conference on Machine Learning,
                  {ICML} 2015, Lille, France, 6-11 July 2015},
  series       = {{JMLR} Workshop and Conference Proceedings},
  volume       = {37},
  pages        = {1889--1897},
  publisher    = {JMLR.org},
  year         = {2015},
  timestamp    = {Wed, 29 May 2019 08:41:45 +0200},
  biburl       = {https://dblp.org/rec/conf/icml/SchulmanLAJM15.bib},
  bibsource    = {dblp computer science bibliography, https://dblp.org}
}


@inproceedings{Wu2018VR,
  author       = {Cathy Wu and
                  Aravind Rajeswaran and
                  Yan Duan and
                  Vikash Kumar and
                  Alexandre M. Bayen and
                  Sham M. Kakade and
                  Igor Mordatch and
                  Pieter Abbeel},
  title        = {Variance Reduction for Policy Gradient with Action-Dependent Factorized
                  Baselines},
  booktitle    = {6th International Conference on Learning Representations, {ICLR} 2018,
                  Vancouver, BC, Canada, April 30 - May 3, 2018, Conference Track Proceedings},
  publisher    = {OpenReview.net},
  year         = {2018},
  timestamp    = {Tue, 02 Nov 2021 13:25:58 +0100},
  biburl       = {https://dblp.org/rec/conf/iclr/WuRDKBKMA18.bib},
  bibsource    = {dblp computer science bibliography, https://dblp.org}
}


@inproceedings{Gerstgrasser2023Share,
  author       = {Matthias Gerstgrasser and
                  Tom Danino and
                  Sarah Keren},
  editor       = {Alice Oh and
                  Tristan Naumann and
                  Amir Globerson and
                  Kate Saenko and
                  Moritz Hardt and
                  Sergey Levine},
  title        = {Selectively Sharing Experiences Improves Multi-Agent Reinforcement
                  Learning},
  booktitle    = {Advances in Neural Information Processing Systems 36: Annual Conference
                  on Neural Information Processing Systems 2023, NeurIPS 2023, New Orleans,
                  LA, USA, December 10 - 16, 2023},
  year         = {2023}
}


@inproceedings{Christianos2020Share,
  author       = {Filippos Christianos and
                  Lukas Sch{\"{a}}fer and
                  Stefano V. Albrecht},
  editor       = {Hugo Larochelle and
                  Marc'Aurelio Ranzato and
                  Raia Hadsell and
                  Maria{-}Florina Balcan and
                  Hsuan{-}Tien Lin},
  title        = {Shared Experience Actor-Critic for Multi-Agent Reinforcement Learning},
  booktitle    = {Advances in Neural Information Processing Systems 33: Annual Conference
                  on Neural Information Processing Systems 2020, NeurIPS 2020, December
                  6-12, 2020, virtual},
  year         = {2020},
  timestamp    = {Thu, 14 Oct 2021 10:01:41 +0200},
  biburl       = {https://dblp.org/rec/conf/nips/ChristianosSA20.bib},
  bibsource    = {dblp computer science bibliography, https://dblp.org}
}



@inproceedings{Hausknecht2015DRQN,
  author       = {Matthew J. Hausknecht and
                  Peter Stone},
  title        = {Deep Recurrent Q-Learning for Partially Observable MDPs},
  booktitle    = {2015 {AAAI} Fall Symposia, Arlington, Virginia, USA, November 12-14,
                  2015},
  pages        = {29--37},
  publisher    = {{AAAI} Press},
  year         = {2015},
  timestamp    = {Wed, 14 Nov 2018 16:30:42 +0100},
  biburl       = {https://dblp.org/rec/conf/aaaifs/HausknechtS15.bib},
  bibsource    = {dblp computer science bibliography, https://dblp.org}
}



@inproceedings{Omidshafiei2017DEC,
  author       = {Shayegan Omidshafiei and
                  Jason Pazis and
                  Christopher Amato and
                  Jonathan P. How and
                  John Vian},
  editor       = {Doina Precup and
                  Yee Whye Teh},
  title        = {Deep Decentralized Multi-task Multi-Agent Reinforcement Learning under
                  Partial Observability},
  booktitle    = {Proceedings of the 34th International Conference on Machine Learning,
                  {ICML} 2017, Sydney, NSW, Australia, 6-11 August 2017},
  series       = {Proceedings of Machine Learning Research},
  volume       = {70},
  pages        = {2681--2690},
  publisher    = {{PMLR}},
  year         = {2017},
  timestamp    = {Wed, 29 May 2019 08:41:45 +0200},
  biburl       = {https://dblp.org/rec/conf/icml/OmidshafieiPAHV17.bib},
  bibsource    = {dblp computer science bibliography, https://dblp.org}
}


@inproceedings{Morris2022Uni,
  author       = {Matthew Morris and
                  Thomas D. Barrett and
                  Arnu Pretorius},
  editor       = {Sanmi Koyejo and
                  S. Mohamed and
                  A. Agarwal and
                  Danielle Belgrave and
                  K. Cho and
                  A. Oh},
  title        = {Universally Expressive Communication in Multi-Agent Reinforcement
                  Learning},
  booktitle    = {Advances in Neural Information Processing Systems 35: Annual Conference
                  on Neural Information Processing Systems 2022, NeurIPS 2022, New Orleans,
                  LA, USA, November 28 - December 9, 2022},
  year         = {2022},
  timestamp    = {Mon, 08 Jan 2024 16:31:36 +0100},
  biburl       = {https://dblp.org/rec/conf/nips/MorrisBP22.bib},
  bibsource    = {dblp computer science bibliography, https://dblp.org}
}

@inproceedings{Han2023ModelBased,
  author       = {Shuai Han and
                  Mehdi Dastani and
                  Shihan Wang},
  editor       = {Noa Agmon and
                  Bo An and
                  Alessandro Ricci and
                  William Yeoh},
  title        = {Model-based Sparse Communication in Multi-agent Reinforcement Learning},
  booktitle    = {Proceedings of the 2023 International Conference on Autonomous Agents
                  and Multiagent Systems, {AAMAS} 2023, London, United Kingdom, 29 May
                  2023 - 2 June 2023},
  pages        = {439--447},
  publisher    = {{ACM}},
  year         = {2023},
  doi          = {10.5555/3545946.3598669},
  timestamp    = {Fri, 16 Jun 2023 18:06:40 +0200},
  biburl       = {https://dblp.org/rec/conf/atal/HanDW23.bib},
  bibsource    = {dblp computer science bibliography, https://dblp.org}
}

@article{Oubbati2022UAV,
  author       = {Omar Sami Oubbati and
                  Mohammed Atiquzzaman and
                  Hyotaek Lim and
                  Abderrezak Rachedi and
                  Abderrahmane Lakas},
  title        = {Synchronizing {UAV} Teams for Timely Data Collection and Energy Transfer
                  by Deep Reinforcement Learning},
  journal      = {{IEEE} Trans. Veh. Technol.},
  volume       = {71},
  number       = {6},
  pages        = {6682--6697},
  year         = {2022},
  doi          = {10.1109/TVT.2022.3165227},
  timestamp    = {Tue, 16 Aug 2022 23:06:32 +0200},
  biburl       = {https://dblp.org/rec/journals/tvt/OubbatiALRL22.bib},
  bibsource    = {dblp computer science bibliography, https://dblp.org}
}


@inproceedings{Zhang2018Network,
  author       = {Kaiqing Zhang and
                  Zhuoran Yang and
                  Han Liu and
                  Tong Zhang and
                  Tamer Basar},
  editor       = {Jennifer G. Dy and
                  Andreas Krause},
  title        = {Fully Decentralized Multi-Agent Reinforcement Learning with Networked
                  Agents},
  booktitle    = {Proceedings of the 35th International Conference on Machine Learning,
                  {ICML} 2018, Stockholmsm{\"{a}}ssan, Stockholm, Sweden, July
                  10-15, 2018},
  series       = {Proceedings of Machine Learning Research},
  volume       = {80},
  pages        = {5867--5876},
  publisher    = {{PMLR}},
  year         = {2018},
  timestamp    = {Wed, 03 Apr 2019 18:17:30 +0200},
  biburl       = {https://dblp.org/rec/conf/icml/ZhangYL0B18.bib},
  bibsource    = {dblp computer science bibliography, https://dblp.org}
}



@inproceedings{Sun2024T2MAC,
  author       = {Chuxiong Sun and
                  Zehua Zang and
                  Jiabao Li and
                  Jiangmeng Li and
                  Xiao Xu and
                  Rui Wang and
                  Changwen Zheng},
  editor       = {Michael J. Wooldridge and
                  Jennifer G. Dy and
                  Sriraam Natarajan},
  title        = {{T2MAC:} Targeted and Trusted Multi-Agent Communication through Selective
                  Engagement and Evidence-Driven Integration},
  booktitle    = {Thirty-Eighth {AAAI} Conference on Artificial Intelligence, {AAAI}
                  2024, Thirty-Sixth Conference on Innovative Applications of Artificial
                  Intelligence, {IAAI} 2024, Fourteenth Symposium on Educational Advances
                  in Artificial Intelligence, {EAAI} 2014, February 20-27, 2024, Vancouver,
                  Canada},
  pages        = {15154--15163},
  publisher    = {{AAAI} Press},
  year         = {2024},
  doi          = {10.1609/AAAI.V38I13.29438},
  timestamp    = {Wed, 14 Aug 2024 08:24:55 +0200},
  biburl       = {https://dblp.org/rec/conf/aaai/SunZLLXWZ24.bib},
  bibsource    = {dblp computer science bibliography, https://dblp.org}
}



@article{Peng2017BiCNet,
  author       = {Peng Peng and
                  Quan Yuan and
                  Ying Wen and
                  Yaodong Yang and
                  Zhenkun Tang and
                  Haitao Long and
                  Jun Wang},
  title        = {Multiagent Bidirectionally-Coordinated Nets for Learning to Play StarCraft
                  Combat Games},
  journal      = {CoRR},
  volume       = {abs/1703.10069},
  year         = {2017},
  eprinttype    = {arXiv},
  eprint       = {1703.10069},
  timestamp    = {Fri, 19 Aug 2022 14:57:46 +0200},
  biburl       = {https://dblp.org/rec/journals/corr/PengYWYTLW17.bib},
  bibsource    = {dblp computer science bibliography, https://dblp.org}
}


@inproceedings{Meng2024PMAC,
  author       = {Xiangrui Meng and
                  Ying Tan},
  editor       = {Michael J. Wooldridge and
                  Jennifer G. Dy and
                  Sriraam Natarajan},
  title        = {{PMAC:} Personalized Multi-Agent Communication},
  booktitle    = {Thirty-Eighth {AAAI} Conference on Artificial Intelligence, {AAAI}
                  2024, Thirty-Sixth Conference on Innovative Applications of Artificial
                  Intelligence, {IAAI} 2024, Fourteenth Symposium on Educational Advances
                  in Artificial Intelligence, {EAAI} 2014, February 20-27, 2024, Vancouver,
                  Canada},
  pages        = {17505--17513},
  publisher    = {{AAAI} Press},
  year         = {2024},
  doi          = {10.1609/AAAI.V38I16.29700},
  timestamp    = {Tue, 02 Apr 2024 16:32:09 +0200},
  biburl       = {https://dblp.org/rec/conf/aaai/MengT24.bib},
  bibsource    = {dblp computer science bibliography, https://dblp.org}
}



@inproceedings{Li2024Context,
  author       = {Xinran Li and
                  Jun Zhang},
  editor       = {Mehdi Dastani and
                  Jaime Sim{\~{a}}o Sichman and
                  Natasha Alechina and
                  Virginia Dignum},
  title        = {Context-aware Communication for Multi-agent Reinforcement Learning},
  booktitle    = {Proceedings of the 23rd International Conference on Autonomous Agents
                  and Multiagent Systems, {AAMAS} 2024, Auckland, New Zealand, May 6-10,
                  2024},
  pages        = {1156--1164},
  publisher    = {International Foundation for Autonomous Agents and Multiagent Systems
                  / {ACM}},
  year         = {2024},
  doi          = {10.5555/3635637.3662972},
  timestamp    = {Wed, 26 Jun 2024 14:06:50 +0200},
  biburl       = {https://dblp.org/rec/conf/atal/Li024.bib},
  bibsource    = {dblp computer science bibliography, https://dblp.org}
}



@inproceedings{Ding2024MAGI,
  author       = {Shifei Ding and
                  Wei Du and
                  Ling Ding and
                  Lili Guo and
                  Jian Zhang},
  editor       = {Michael J. Wooldridge and
                  Jennifer G. Dy and
                  Sriraam Natarajan},
  title        = {Learning Efficient and Robust Multi-Agent Communication via Graph
                  Information Bottleneck},
  booktitle    = {Thirty-Eighth {AAAI} Conference on Artificial Intelligence, {AAAI}
                  2024, Thirty-Sixth Conference on Innovative Applications of Artificial
                  Intelligence, {IAAI} 2024, Fourteenth Symposium on Educational Advances
                  in Artificial Intelligence, {EAAI} 2014, February 20-27, 2024, Vancouver,
                  Canada},
  pages        = {17346--17353},
  publisher    = {{AAAI} Press},
  year         = {2024},
  doi          = {10.1609/AAAI.V38I16.29682},
  timestamp    = {Sun, 06 Oct 2024 20:55:12 +0200},
  biburl       = {https://dblp.org/rec/conf/aaai/DingDDG024.bib},
  bibsource    = {dblp computer science bibliography, https://dblp.org}
}


@inproceedings{Chen2024RGMComm,
  author       = {Jingdi Chen and
                  Tian Lan and
                  Carlee Joe{-}Wong},
  editor       = {Michael J. Wooldridge and
                  Jennifer G. Dy and
                  Sriraam Natarajan},
  title        = {RGMComm: Return Gap Minimization via Discrete Communications in Multi-Agent
                  Reinforcement Learning},
  booktitle    = {Thirty-Eighth {AAAI} Conference on Artificial Intelligence, {AAAI}
                  2024, Thirty-Sixth Conference on Innovative Applications of Artificial
                  Intelligence, {IAAI} 2024, Fourteenth Symposium on Educational Advances
                  in Artificial Intelligence, {EAAI} 2014, February 20-27, 2024, Vancouver,
                  Canada},
  pages        = {17327--17336},
  publisher    = {{AAAI} Press},
  year         = {2024},
  doi          = {10.1609/AAAI.V38I16.29680},
  timestamp    = {Tue, 02 Apr 2024 16:32:09 +0200},
  biburl       = {https://dblp.org/rec/conf/aaai/ChenLJ24.bib},
  bibsource    = {dblp computer science bibliography, https://dblp.org}
}



@article{Gronauer2022Survey,
  author       = {Sven Gronauer and
                  Klaus Diepold},
  title        = {Multi-agent deep reinforcement learning: a survey},
  journal      = {Artif. Intell. Rev.},
  volume       = {55},
  number       = {2},
  pages        = {895--943},
  year         = {2022},
  doi          = {10.1007/S10462-021-09996-W},
  timestamp    = {Fri, 13 May 2022 19:52:48 +0200},
  biburl       = {https://dblp.org/rec/journals/air/GronauerD22.bib},
  bibsource    = {dblp computer science bibliography, https://dblp.org}
}


@inproceedings{Gupta2017Cooperative,
  author       = {Jayesh K. Gupta and
                  Maxim Egorov and
                  Mykel J. Kochenderfer},
  editor       = {Gita Sukthankar and
                  Juan A. Rodr{\'{\i}}guez{-}Aguilar},
  title        = {Cooperative Multi-agent Control Using Deep Reinforcement Learning},
  booktitle    = {Autonomous Agents and Multiagent Systems - {AAMAS} 2017 Workshops,
                  Best Papers, S{\~{a}}o Paulo, Brazil, May 8-12, 2017, Revised Selected
                  Papers},
  series       = {Lecture Notes in Computer Science},
  volume       = {10642},
  pages        = {66--83},
  publisher    = {Springer},
  year         = {2017},
  doi          = {10.1007/978-3-319-71682-4\_5},
  timestamp    = {Mon, 05 Feb 2024 20:34:11 +0100},
  biburl       = {https://dblp.org/rec/conf/atal/GuptaEK17.bib},
  bibsource    = {dblp computer science bibliography, https://dblp.org}
}


@inproceedings{Wen2022MAT,
  author       = {Muning Wen and
                  Jakub Grudzien Kuba and
                  Runji Lin and
                  Weinan Zhang and
                  Ying Wen and
                  Jun Wang and
                  Yaodong Yang},
  editor       = {Sanmi Koyejo and
                  S. Mohamed and
                  A. Agarwal and
                  Danielle Belgrave and
                  K. Cho and
                  A. Oh},
  title        = {Multi-Agent Reinforcement Learning is a Sequence Modeling Problem},
  booktitle    = {Advances in Neural Information Processing Systems 35: Annual Conference
                  on Neural Information Processing Systems 2022, NeurIPS 2022, New Orleans,
                  LA, USA, November 28 - December 9, 2022},
  year         = {2022},
  timestamp    = {Mon, 08 Jan 2024 16:31:37 +0100},
  biburl       = {https://dblp.org/rec/conf/nips/WenKL000022.bib},
  bibsource    = {dblp computer science bibliography, https://dblp.org}
}


@inproceedings{Wang2020Noise,
  author       = {Jingkang Wang and
                  Yang Liu and
                  Bo Li},
  title        = {Reinforcement Learning with Perturbed Rewards},
  booktitle    = {The Thirty-Fourth {AAAI} Conference on Artificial Intelligence, {AAAI}
                  2020, The Thirty-Second Innovative Applications of Artificial Intelligence
                  Conference, {IAAI} 2020, The Tenth {AAAI} Symposium on Educational
                  Advances in Artificial Intelligence, {EAAI} 2020, New York, NY, USA,
                  February 7-12, 2020},
  pages        = {6202--6209},
  publisher    = {{AAAI} Press},
  year         = {2020},
  doi          = {10.1609/AAAI.V34I04.6086},
  timestamp    = {Mon, 04 Sep 2023 16:50:27 +0200},
  biburl       = {https://dblp.org/rec/conf/aaai/WangLL20.bib},
  bibsource    = {dblp computer science bibliography, https://dblp.org}
}

@inproceedings{Haarnoja2018SAC,
  author       = {Tuomas Haarnoja and
                  Aurick Zhou and
                  Pieter Abbeel and
                  Sergey Levine},
  editor       = {Jennifer G. Dy and
                  Andreas Krause},
  title        = {Soft Actor-Critic: Off-Policy Maximum Entropy Deep Reinforcement Learning
                  with a Stochastic Actor},
  booktitle    = {Proceedings of the 35th International Conference on Machine Learning,
                  {ICML} 2018, Stockholmsm{\"{a}}ssan, Stockholm, Sweden, July
                  10-15, 2018},
  series       = {Proceedings of Machine Learning Research},
  volume       = {80},
  pages        = {1856--1865},
  publisher    = {{PMLR}},
  year         = {2018},
  biburl       = {https://dblp.org/rec/conf/icml/HaarnojaZAL18.bib},
  bibsource    = {dblp computer science bibliography, https://dblp.org}
}

