% LIIF
@inproceedings{chen2021learning,
  title={Learning continuous image representation with local implicit image function},
  author={Chen, Yinbo and Liu, Sifei and Wang, Xiaolong},
  booktitle={Proceedings of the IEEE/CVF Conference on computer vision and Pattern recognition},
  pages={8628--8638},
  year={2021}
}
% OPE-SR
@inproceedings{song2023ope,
  title={OPE-SR: Orthogonal position encoding for designing a parameter-free upsampling module in arbitrary-scale image super-resolution},
  author={Song, Gaochao and Sun, Qian and Zhang, Luo and Su, Ran and Shi, Jianfeng and He, Ying},
  booktitle={Proceedings of the IEEE/CVF Conference on Computer Vision and Pattern Recognition},
  pages={10009--10020},
  year={2023}
}
% 360-SS
@inproceedings{ozcinar2019super,
  title={Super-resolution of omnidirectional images using adversarial learning},
  author={Ozcinar, Cagri and Rana, Aakanksha and Smolic, Aljosa},
  booktitle={International Workshop on Multimedia Signal Processing},
  pages={1--6},
  year={2019}
}
% OSRT
@inproceedings{yu2023osrt,
  title={Osrt: Omnidirectional image super-resolution with distortion-aware transformer},
  author={Yu, Fanghua and Wang, Xintao and Cao, Mingdeng and Li, Gen and Shan, Ying and Dong, Chao},
  booktitle={Proceedings of the IEEE/CVF Conference on Computer Vision and Pattern Recognition},
  pages={13283--13292},
  year={2023}
}
% SphereSR
@inproceedings{yoon2022spheresr,
  title={Spheresr: 360deg image super-resolution with arbitrary projection via continuous spherical image representation},
  author={Yoon, Youngho and Chung, Inchul and Wang, Lin and Yoon, Kuk-Jin},
  booktitle={Proceedings of the IEEE/CVF Conference on Computer Vision and Pattern Recognition},
  pages={5677--5686},
  year={2022}
}
% SpherePHD
@inproceedings{lee2019spherephd,
  title={Spherephd: Applying {CNN}s on a spherical polyhedron representation of 360deg images},
  author={Lee, Yeonkun and Jeong, Jaeseok and Yun, Jongseob and Cho, Wonjune and Yoon, Kuk-Jin},
  booktitle={Proceedings of the IEEE/CVF Conference on Computer Vision and Pattern Recognition},
  pages={9181--9189},
  year={2019}
}
% LAU-Net
@inproceedings{deng2021lau,
  title={Lau-net: Latitude adaptive upscaling network for omnidirectional image super-resolution},
  author={Deng, Xin and Wang, Hao and Xu, Mai and Guo, Yichen and Song, Yuhang and Yang, Li},
  booktitle={Proceedings of the IEEE/CVF Conference on Computer Vision and Pattern Recognition},
  pages={9189--9198},
  year={2021}
}
% Spherical pseudo-cylindrical representation for omnidirectional image super-resolution
@inproceedings{cai2024spherical,
  title={Spherical pseudo-cylindrical representation for omnidirectional image super-resolution},
  author={Cai, Qing and Li, Mu and Ren, Dongwei and Lyu, Jun and Zheng, Haiyong and Dong, Junyu and Yang, Yee-Hong},
  booktitle={Proceedings of the AAAI Conference on Artificial Intelligence},
  volume={38},
  pages={873--881},
  year={2024}
}
@article{su2017learning,
  title={Learning spherical convolution for fast features from 360 imagery},
  author={Y. Su and K. Grauman},
  journal={Advances in Neural Information Processing Systems},
  volume={30},
  year={2017}
}
@inproceedings{coors2018spherenet,
  title={SphereNet: Learning Spherical Representations for Detection and Classification in Omnidirectional Images},
  author={C. Benjamin  and C. Alexandru Paul and G. Andreas},
  booktitle={Proceedings of the European Conference on Computer Vision},
  pages={62--78},
year={2018}
}
@inproceedings{zhao2018distortion,
  title={Distortion-aware CNNs for Spherical Images.},
  author={Q. Zhao  and C. Zhu  and F. Dai  and Y. Ma  and G. Jin and Y. Zhang},
  booktitle={International Joint Conference on Artificial Intelligence},
  pages={1198--1204}, 
year={2018}
}
@inproceedings{tateno2018distortion,
  title={Distortion-aware convolutional filters for dense prediction in panoramic images},
  author={K. Tateno and N. Navab and F. Tombari},
  booktitle={Proceedings of the European Conference on Computer Vision},
  pages={707--722}, 
  year={2018}
}
@inproceedings{esteves2018learning,
  title={Learning {SO} (3) equivariant representations with spherical {CNN}s},
  author={E. Carlos and A. Christine and M. Ameesh and D. Kostas},
  booktitle={Proceedings of the European Conference on Computer Vision},
  pages={52--68},  
  year={2018}
}
@inproceedings{yang2020rotation,
  title={Rotation equivariant graph convolutional network for spherical image classification},
  author={Q. Yang and C. Li and W. Dai and J. Zou and G. Qi and H. Xiong},
  booktitle={Proceedings of the IEEE/CVF Conference on Computer Vision and Pattern Recognition},
  pages={4303--4312}, 
  year={2020}
}
@article{perraudin2019deepsphere,
  title={Deepsphere: Efficient spherical convolutional neural network with HEALPix sampling for cosmological applications},
  author={P. Nathana{\"e}l  and D. Micha{\"e}l  and K. Tomasz and S. Raphael},
  journal={Astronomy and Computing},
  volume={27},
  pages={130--146}, 
year={2019}
}
@inproceedings{xiao2012recognizing,
  title={Recognizing scene viewpoint using panoramic place representation},
  author={Xiao, Jianxiong and Ehinger, Krista A and Oliva, Aude and Torralba, Antonio},
  booktitle={Proceedings of the IEEE Conference on Computer Vision and Pattern Recognition},
  pages={2695--2702},
  year={2012}
}
@article{sun2017weighted,
  title={Weighted-to-spherically-uniform quality evaluation for omnidirectional video},
  author={Sun, Yule and Lu, Ang and Yu, Lu},
  journal={IEEE Signal Processing Letters},
  volume={24},
  number={9},
  pages={1408--1412},
  year={2017}
}
@inproceedings{zhou2018weighted,
  title={Weighted-to-spherically-uniform SSIM objective quality evaluation for panoramic video},
  author={Zhou, Yufeng and Yu, Mei and Ma, Hualin and Shao, Hua and Jiang, Gangyi},
  booktitle={Proceedings of the IEEE International Conference on Signal Processing},
  pages={54--57},
  year={2018}
}
@inproceedings{nguyen2023single,
  title={Single image super-resolution via a dual interactive implicit neural network},
  author={Nguyen, Quan H and Beksi, William J},
  booktitle={Proceedings of the IEEE/CVF Winter Conference on Applications of Computer Vision},
  pages={4936--4945},
  year={2023}
}
@article{fatelo2021mobility,
  title={Mobi spaces and geodesics for the {N}-sphere},
  author={Fatelo, Jorge P and Martins-Ferreira, Nelson},
  journal={Cahiers de Topologie et Geometrie Differentielle Categoriques},
  volume={63},
  number={1},
  year={2022}
}
@article{kingma2014adam,
  title={Adam: A method for stochastic optimization},
  author={Kingma, Diederik P and Ba, Jimmy},
  journal={arXiv preprint arXiv:1412.6980},
  year={2014}
}
@inproceedings{zhang2022bending,
  title={Bending reality: Distortion-aware transformers for adapting to panoramic semantic segmentation},
  author={Zhang, Jiaming and Yang, Kailun and Ma, Chaoxiang and Rei{\ss}, Simon and Peng, Kunyu and Stiefelhagen, Rainer},
  booktitle={Proceedings of the IEEE/CVF conference on computer vision and pattern recognition},
  pages={16917--16927},
  year={2022}
}
@article{arican2011joint,
  title={Joint registration and super-resolution with omnidirectional images},
  author={Arican, Zafer and Frossard, Pascal},
  journal={IEEE Transactions on Image Processing},
  volume={20},
  number={11},
  pages={3151--3162},
  year={2011}
}
@inproceedings{bagnato2010plenoptic,
  title={Plenoptic-based super-resolution for omnidirectional image sequences},
  author={Bagnato, Luigi and Boursier, Yannick and Frossard, Pascal and Vandergheynst, Pierre},
  booktitle={Proceedings of the IEEE International Conference on Image Processing},
  pages={2829--2832},
  year={2010}
}
@inproceedings{atzmon2020sal,
  title={Sal: Sign agnostic learning of shapes from raw data},
  author={Atzmon, Matan and Lipman, Yaron},
  booktitle={Proceedings of the IEEE/CVF Conference on Computer Vision and Pattern Recognition},
  pages={2565--2574},
  year={2020}
}
@inproceedings{chen2019learning,
  title={Learning implicit fields for generative shape modeling},
  author={Chen, Zhiqin and Zhang, Hao},
  booktitle={Proceedings of the IEEE/CVF Conference on Computer Vision and Pattern Recognition},
  pages={5939--5948},
  year={2019}
}
@inproceedings{michalkiewicz2019implicit,
  title={Implicit surface representations as layers in neural networks},
  author={Michalkiewicz, Mateusz and Pontes, Jhony K and Jack, Dominic and Baktashmotlagh, Mahsa and Eriksson, Anders},
  booktitle={Proceedings of the IEEE/CVF International Conference on Computer Vision},
  pages={4743--4752},
  year={2019}
}
@inproceedings{anokhin2021image,
  title={Image generators with conditionally-independent pixel synthesis},
  author={Anokhin, Ivan and Demochkin, Kirill and Khakhulin, Taras and Sterkin, Gleb and Lempitsky, Victor and Korzhenkov, Denis},
  booktitle={Proceedings of the IEEE/CVF Conference on Computer Vision and Pattern Recognition},
  pages={14278--14287},
  year={2021}
}
@inproceedings{dupont2022generative,
  title={Generative Models as Distributions of Functions},
  author={Dupont, Emilien and Teh, Yee Whye and Doucet, Arnaud},
  booktitle={International Conference on Artificial Intelligence and Statistics},
  pages={2989--3015},
  year={2022}
}
@inproceedings{skorokhodov2021adversarial,
  title={Adversarial generation of continuous images},
  author={Skorokhodov, Ivan and Ignatyev, Savva and Elhoseiny, Mohamed},
  booktitle={Proceedings of the IEEE/CVF Conference on Computer Vision and Pattern Recognition},
  pages={10753--10764},
  year={2021}
}
@inproceedings{strumpler2022implicit,
  title={Implicit neural representations for image compression},
  author={Str{\"u}mpler, Yannick and Postels, Janis and Yang, Ren and Gool, Luc Van and Tombari, Federico},
  booktitle={Proceedings of the European Conference on Computer Vision},
  pages={74--91},
  year={2022}
}
@article{sitzmann2020implicit,
  title={Implicit neural representations with periodic activation functions},
  author={Sitzmann, Vincent and Martel, Julien and Bergman, Alexander and Lindell, David and Wetzstein, Gordon},
  journal={Advances in neural information processing systems},
  volume={33},
  pages={7462--7473},
  year={2020}
}
@inproceedings{yang2021capturing,
  title={Capturing Omni-Range Context for Omnidirectional Segmentation},
  author={K. Yang and J. Zhang and S. Reiss and X. Hu and Xinxin and R. Stiefelhagen},
  booktitle={Proceedings of the IEEE/CVF Conference on Computer Vision and Pattern Recognition},
  pages={1376--1386},
  year={2021}
}
@inproceedings{PANDORA,
  title={PANDORA: A Panoramic Detection Dataset for Object with Orientation},
  author={H. Xu and Q. Zhao and Y. Ma and X. Li and P. Yuan and B. Feng and C. Yan and F. Dai},
  booktitle={Proceedings of the European Conference on Computer Vision},
  pages={237--252},
  year={2022}
}
@article{yang2020graph,
  title={Graph learning based head movement prediction for interactive 360 video streaming},
  author={S.~Yang and W. Zhu and H. Xu and X. Zhang},
  journal={IEEE Transactions on Multimedia},
  volume={22},
  number={9},
  pages={2316--2327},
  year={2020}
}
@article{kang2019interactive,
  title={Interactive and automatic navigation for 360 video playback},
  author={K. Kyoungkook and C. Sunghyun},
  journal={ACM Transactions on Graphics},
  volume={38},
  number={4},
  pages={1--11},
 year={2019}
}