@inproceedings{anokhin2021image,
  title={Image generators with conditionally-independent pixel synthesis},
  author={Anokhin, Ivan and Demochkin, Kirill and Khakhulin, Taras and Sterkin, Gleb and Lempitsky, Victor and Korzhenkov, Denis},
  booktitle={Proceedings of the IEEE/CVF Conference on Computer Vision and Pattern Recognition},
  pages={14278--14287},
  year={2021}
}

@inproceedings{atzmon2020sal,
  title={Sal: Sign agnostic learning of shapes from raw data},
  author={Atzmon, Matan and Lipman, Yaron},
  booktitle={Proceedings of the IEEE/CVF Conference on Computer Vision and Pattern Recognition},
  pages={2565--2574},
  year={2020}
}

@inproceedings{chen2019learning,
  title={Learning implicit fields for generative shape modeling},
  author={Chen, Zhiqin and Zhang, Hao},
  booktitle={Proceedings of the IEEE/CVF Conference on Computer Vision and Pattern Recognition},
  pages={5939--5948},
  year={2019}
}

@inproceedings{chen2021learning,
  title={Learning continuous image representation with local implicit image function},
  author={Chen, Yinbo and Liu, Sifei and Wang, Xiaolong},
  booktitle={Proceedings of the IEEE/CVF Conference on computer vision and Pattern recognition},
  pages={8628--8638},
  year={2021}
}

@inproceedings{coors2018spherenet,
  title={SphereNet: Learning Spherical Representations for Detection and Classification in Omnidirectional Images},
  author={C. Benjamin  and C. Alexandru Paul and G. Andreas},
  booktitle={Proceedings of the European Conference on Computer Vision},
  pages={62--78},
year={2018}
}

@inproceedings{deng2021lau,
  title={Lau-net: Latitude adaptive upscaling network for omnidirectional image super-resolution},
  author={Deng, Xin and Wang, Hao and Xu, Mai and Guo, Yichen and Song, Yuhang and Yang, Li},
  booktitle={Proceedings of the IEEE/CVF Conference on Computer Vision and Pattern Recognition},
  pages={9189--9198},
  year={2021}
}

@inproceedings{dupont2022generative,
  title={Generative Models as Distributions of Functions},
  author={Dupont, Emilien and Teh, Yee Whye and Doucet, Arnaud},
  booktitle={International Conference on Artificial Intelligence and Statistics},
  pages={2989--3015},
  year={2022}
}

@inproceedings{esteves2018learning,
  title={Learning {SO} (3) equivariant representations with spherical {CNN}s},
  author={E. Carlos and A. Christine and M. Ameesh and D. Kostas},
  booktitle={Proceedings of the European Conference on Computer Vision},
  pages={52--68},  
  year={2018}
}

@inproceedings{michalkiewicz2019implicit,
  title={Implicit surface representations as layers in neural networks},
  author={Michalkiewicz, Mateusz and Pontes, Jhony K and Jack, Dominic and Baktashmotlagh, Mahsa and Eriksson, Anders},
  booktitle={Proceedings of the IEEE/CVF International Conference on Computer Vision},
  pages={4743--4752},
  year={2019}
}

@inproceedings{nguyen2023single,
  title={Single image super-resolution via a dual interactive implicit neural network},
  author={Nguyen, Quan H and Beksi, William J},
  booktitle={Proceedings of the IEEE/CVF Winter Conference on Applications of Computer Vision},
  pages={4936--4945},
  year={2023}
}

@inproceedings{ozcinar2019super,
  title={Super-resolution of omnidirectional images using adversarial learning},
  author={Ozcinar, Cagri and Rana, Aakanksha and Smolic, Aljosa},
  booktitle={International Workshop on Multimedia Signal Processing},
  pages={1--6},
  year={2019}
}

@article{perraudin2019deepsphere,
  title={Deepsphere: Efficient spherical convolutional neural network with HEALPix sampling for cosmological applications},
  author={P. Nathana{\"e}l  and D. Micha{\"e}l  and K. Tomasz and S. Raphael},
  journal={Astronomy and Computing},
  volume={27},
  pages={130--146}, 
year={2019}
}

@article{sitzmann2020implicit,
  title={Implicit neural representations with periodic activation functions},
  author={Sitzmann, Vincent and Martel, Julien and Bergman, Alexander and Lindell, David and Wetzstein, Gordon},
  journal={Advances in neural information processing systems},
  volume={33},
  pages={7462--7473},
  year={2020}
}

@inproceedings{skorokhodov2021adversarial,
  title={Adversarial generation of continuous images},
  author={Skorokhodov, Ivan and Ignatyev, Savva and Elhoseiny, Mohamed},
  booktitle={Proceedings of the IEEE/CVF Conference on Computer Vision and Pattern Recognition},
  pages={10753--10764},
  year={2021}
}

@inproceedings{song2023ope,
  title={OPE-SR: Orthogonal position encoding for designing a parameter-free upsampling module in arbitrary-scale image super-resolution},
  author={Song, Gaochao and Sun, Qian and Zhang, Luo and Su, Ran and Shi, Jianfeng and He, Ying},
  booktitle={Proceedings of the IEEE/CVF Conference on Computer Vision and Pattern Recognition},
  pages={10009--10020},
  year={2023}
}

@inproceedings{strumpler2022implicit,
  title={Implicit neural representations for image compression},
  author={Str{\"u}mpler, Yannick and Postels, Janis and Yang, Ren and Gool, Luc Van and Tombari, Federico},
  booktitle={Proceedings of the European Conference on Computer Vision},
  pages={74--91},
  year={2022}
}

@article{su2017learning,
  title={Learning spherical convolution for fast features from 360 imagery},
  author={Y. Su and K. Grauman},
  journal={Advances in Neural Information Processing Systems},
  volume={30},
  year={2017}
}

@inproceedings{tateno2018distortion,
  title={Distortion-aware convolutional filters for dense prediction in panoramic images},
  author={K. Tateno and N. Navab and F. Tombari},
  booktitle={Proceedings of the European Conference on Computer Vision},
  pages={707--722}, 
  year={2018}
}

@inproceedings{yang2020rotation,
  title={Rotation equivariant graph convolutional network for spherical image classification},
  author={Q. Yang and C. Li and W. Dai and J. Zou and G. Qi and H. Xiong},
  booktitle={Proceedings of the IEEE/CVF Conference on Computer Vision and Pattern Recognition},
  pages={4303--4312}, 
  year={2020}
}

@inproceedings{yoon2022spheresr,
  title={Spheresr: 360deg image super-resolution with arbitrary projection via continuous spherical image representation},
  author={Yoon, Youngho and Chung, Inchul and Wang, Lin and Yoon, Kuk-Jin},
  booktitle={Proceedings of the IEEE/CVF Conference on Computer Vision and Pattern Recognition},
  pages={5677--5686},
  year={2022}
}

@inproceedings{yu2023osrt,
  title={Osrt: Omnidirectional image super-resolution with distortion-aware transformer},
  author={Yu, Fanghua and Wang, Xintao and Cao, Mingdeng and Li, Gen and Shan, Ying and Dong, Chao},
  booktitle={Proceedings of the IEEE/CVF Conference on Computer Vision and Pattern Recognition},
  pages={13283--13292},
  year={2023}
}

@inproceedings{zhao2018distortion,
  title={Distortion-aware CNNs for Spherical Images.},
  author={Q. Zhao  and C. Zhu  and F. Dai  and Y. Ma  and G. Jin and Y. Zhang},
  booktitle={International Joint Conference on Artificial Intelligence},
  pages={1198--1204}, 
year={2018}
}

