@article{Ren2020InverseDO,
  title={Inverse design of crystals using generalized invertible crystallographic representation},
  author={Zekun Ren and Juhwan Noh and Siyu Isaac Parker Tian and Felipe Oviedo and Guangzong Xing and Qiaohao Liang and Armin Gerhard Aberle and Yi Liu and Qianxiao Li and Senthilnath Jayavelu and Kedar Hippalgaonkar and Yousung Jung and Tonio Buonassisi},
  journal={ArXiv},
  year={2020},
  volume={abs/2005.07609},
}

@article{Thomas2018TensorFN,
  title={Tensor Field Networks: Rotation- and Translation-Equivariant Neural Networks for 3D Point Clouds},
  author={Nathaniel Thomas and Tess E. Smidt and Steven M. Kearnes and Lusann Yang and Li Li and Kai Kohlhoff and Patrick F. Riley},
  journal={ArXiv},
  year={2018},
  volume={abs/1802.08219},

}

@article{chen2019graph,
  title={Graph networks as a universal machine learning framework for molecules and crystals},
  author={Chen, Chi and Ye, Weike and Zuo, Yunxing and Zheng, Chen and Ong, Shyue Ping},
  journal={Chemistry of Materials},
  volume={31},
  number={9},
  pages={3564--3572},
  year={2019},
  publisher={ACS Publications}
}

@article{chen2022universal,
  title={A universal graph deep learning interatomic potential for the periodic table},
  author={Chen, Chi and Ong, Shyue Ping},
  journal={Nature Computational Science},
  volume={2},
  number={11},
  pages={718--728},
  year={2022},
  publisher={Nature Publishing Group US New York}
}

@article{court20203,
  title={3-D inorganic crystal structure generation and property prediction via representation learning},
  author={Court, Callum J and Yildirim, Batuhan and Jain, Apoorv and Cole, Jacqueline M},
  journal={Journal of Chemical Information and Modeling},
  volume={60},
  number={10},
  pages={4518--4535},
  year={2020},
  publisher={ACS Publications}
}

@article{dan2020generative,
  title={Generative adversarial networks (GAN) based efficient sampling of chemical composition space for inverse design of inorganic materials},
  author={Dan, Yabo and Zhao, Yong and Li, Xiang and Li, Shaobo and Hu, Ming and Hu, Jianjun},
  journal={npj Computational Materials},
  volume={6},
  number={1},
  pages={84},
  year={2020},
  publisher={Nature Publishing Group UK London}
}

@article{fuchs2020se,
  title={Se (3)-transformers: 3d roto-translation equivariant attention networks},
  author={Fuchs, Fabian and Worrall, Daniel and Fischer, Volker and Welling, Max},
  journal={Advances in neural information processing systems},
  volume={33},
  pages={1970--1981},
  year={2020}
}

@article{hoffmann2019data,
  title={Data-driven approach to encoding and decoding 3-d crystal structures},
  author={Hoffmann, Jordan and Maestrati, Louis and Sawada, Yoshihide and Tang, Jian and Sellier, Jean Michel and Bengio, Yoshua},
  journal={arXiv preprint arXiv:1909.00949},
  year={2019}
}

@article{jain2013commentary,
  title={Commentary: The Materials Project: A materials genome approach to accelerating materials innovation},
  author={Jain, Anubhav and Ong, Shyue Ping and Hautier, Geoffroy and Chen, Wei and Richards, William Davidson and Dacek, Stephen and Cholia, Shreyas and Gunter, Dan and Skinner, David and Ceder, Gerbrand and others},
  journal={APL materials},
  volume={1},
  number={1},
  year={2013},
  publisher={AIP Publishing}
}

@article{jiao2023crystal,
  title={Crystal structure prediction by joint equivariant diffusion},
  author={Jiao, Rui and Huang, Wenbing and Lin, Peijia and Han, Jiaqi and Chen, Pin and Lu, Yutong and Liu, Yang},
  journal={Advances in Neural Information Processing Systems},
  volume={36},
  pages={17464--17497},
  year={2023}
}

@article{keating1966effect,
  title={Effect of invariance requirements on the elastic strain energy of crystals with application to the diamond structure},
  author={Keating, PN},
  journal={Physical Review},
  volume={145},
  number={2},
  pages={637},
  year={1966},
  publisher={APS}
}

@article{kim2020generative,
  title={Generative adversarial networks for crystal structure prediction},
  author={Kim, Sungwon and Noh, Juhwan and Gu, Geun Ho and Aspuru-Guzik, Alan and Jung, Yousung},
  journal={ACS central science},
  volume={6},
  number={8},
  pages={1412--1420},
  year={2020},
  publisher={ACS Publications}
}

@article{kondor2018clebsch,
  title={Clebsch--gordan nets: a fully fourier space spherical convolutional neural network},
  author={Kondor, Risi and Lin, Zhen and Trivedi, Shubhendu},
  journal={Advances in Neural Information Processing Systems},
  volume={31},
  year={2018}
}

@article{lin2022general,
  title={General invariance and equilibrium conditions for lattice dynamics in 1D, 2D, and 3D materials},
  author={Lin, Changpeng and Ponc{\'e}, Samuel and Marzari, Nicola},
  journal={npj Computational Materials},
  volume={8},
  number={1},
  pages={236},
  year={2022},
  publisher={Nature Publishing Group UK London}
}

@article{long2021constrained,
  title={Constrained crystals deep convolutional generative adversarial network for the inverse design of crystal structures},
  author={Long, Teng and Fortunato, Nuno M and Opahle, Ingo and Zhang, Yixuan and Samathrakis, Ilias and Shen, Chen and Gutfleisch, Oliver and Zhang, Hongbin},
  journal={npj Computational Materials},
  volume={7},
  number={1},
  pages={66},
  year={2021},
  publisher={Nature Publishing Group UK London}
}

@software{mario_geiger_2022_6459381,
  author       = {Mario Geiger and
                  Tess Smidt and
                  Alby M. and
                  Benjamin Kurt Miller and
                  Wouter Boomsma and
                  Bradley Dice and
                  Kostiantyn Lapchevskyi and
                  Maurice Weiler and
                  Michał Tyszkiewicz and
                  Simon Batzner and
                  Dylan Madisetti and
                  Martin Uhrin and
                  Jes Frellsen and
                  Nuri Jung and
                  Sophia Sanborn and
                  Mingjian Wen and
                  Josh Rackers and
                  Marcel Rød and
                  Michael Bailey},
  title        = {e3nn/e3nn: 2022-04-13},
  month        = apr,
  year         = 2022,
  publisher    = {Zenodo},
  version      = {0.5.0},
  doi          = {10.5281/zenodo.6459381},

}

@article{noh2019inverse,
  title={Inverse design of solid-state materials via a continuous representation},
  author={Noh, Juhwan and Kim, Jaehoon and Stein, Helge S and Sanchez-Lengeling, Benjamin and Gregoire, John M and Aspuru-Guzik, Alan and Jung, Yousung},
  journal={Matter},
  volume={1},
  number={5},
  pages={1370--1384},
  year={2019},
  publisher={Elsevier}
}

@article{nouira2018crystalgan,
  title={Crystalgan: learning to discover crystallographic structures with generative adversarial networks},
  author={Nouira, Asma and Sokolovska, Nataliya and Crivello, Jean-Claude},
  journal={arXiv preprint arXiv:1810.11203},
  year={2018}
}

@inproceedings{oubari:hal-04464893,
  TITLE = {{A Binded VAE for Inorganic Material Generation}},
  AUTHOR = {Oubari, Fouad and de Mathelin, Antoine and D{\'e}catoire, Rodrigue and Mougeot, Mathilde},
  BOOKTITLE = {{NeurIPS 2021 Workshop on Deep Generative Models and Downstream Applications}},
  ADDRESS = {Online, France},
  YEAR = {2012},
  MONTH = Dec,
  DOI = {10.48550/arXiv.2112.09570},
  PDF = {https://hal.science/hal-04464893v1/file/35_a_binded_vae_for_inorganic_mat.pdf},
  HAL_ID = {hal-04464893},
  HAL_VERSION = {v1},
}

@article{schutt2018schnet,
  title={Schnet--a deep learning architecture for molecules and materials},
  author={Sch{\"u}tt, Kristof T and Sauceda, Huziel E and Kindermans, P-J and Tkatchenko, Alexandre and M{\"u}ller, K-R},
  journal={The Journal of Chemical Physics},
  volume={148},
  number={24},
  year={2018},
  publisher={AIP Publishing}
}

@article{unke2021se,
  title={SE (3)-equivariant prediction of molecular wavefunctions and electronic densities},
  author={Unke, Oliver and Bogojeski, Mihail and Gastegger, Michael and Geiger, Mario and Smidt, Tess and M{\"u}ller, Klaus-Robert},
  journal={Advances in Neural Information Processing Systems},
  volume={34},
  pages={14434--14447},
  year={2021}
}

@article{vaswani2017attention,
  title={Attention is all you need},
  author={Vaswani, A},
  journal={Advances in Neural Information Processing Systems},
  year={2017}
}

@article{weiler20183d,
  title={3d steerable cnns: Learning rotationally equivariant features in volumetric data},
  author={Weiler, Maurice and Geiger, Mario and Welling, Max and Boomsma, Wouter and Cohen, Taco S},
  journal={Advances in Neural Information Processing Systems},
  volume={31},
  year={2018}
}

@article{xie2018crystal,
  title={Crystal graph convolutional neural networks for an accurate and interpretable prediction of material properties},
  author={Xie, Tian and Grossman, Jeffrey C},
  journal={Physical review letters},
  volume={120},
  number={14},
  pages={145301},
  year={2018},
  publisher={APS}
}

@article{xie2021crystal,
  title={Crystal diffusion variational autoencoder for periodic material generation},
  author={Xie, Tian and Fu, Xiang and Ganea, Octavian-Eugen and Barzilay, Regina and Jaakkola, Tommi},
  journal={arXiv preprint arXiv:2110.06197},
  year={2021}
}

@article{yuan2024tripartite,
  title={Tripartite interaction representation algorithm for crystal graph neural networks},
  author={Yuan, Yang and Chen, Ziyi and Feng, Tianyu and Xiong, Fei and Wang, Jue and Wang, Yangang and Wang, Zongguo},
  journal={Scientific Reports},
  volume={14},
  number={1},
  pages={24881},
  year={2024},
  publisher={Nature Publishing Group UK London}
}

@article{zeni2025generative,
  title={A generative model for inorganic materials design},
  author={Zeni, Claudio and Pinsler, Robert and Z{\"u}gner, Daniel and Fowler, Andrew and Horton, Matthew and Fu, Xiang and Wang, Zilong and Shysheya, Aliaksandra and Crabb{\'e}, Jonathan and Ueda, Shoko and others},
  journal={Nature},
  pages={1--3},
  year={2025},
  publisher={Nature Publishing Group UK London}
}

