@inproceedings{NIPS2017_3f5ee243,
 author = {Vaswani, Ashish and Shazeer, Noam and Parmar, Niki and Uszkoreit, Jakob and Jones, Llion and Gomez, Aidan N and Kaiser, \L ukasz and Polosukhin, Illia},
 booktitle = {Advances in Neural Information Processing Systems},
 editor = {I. Guyon and U. Von Luxburg and S. Bengio and H. Wallach and R. Fergus and S. Vishwanathan and R. Garnett},
 pages = {},
 publisher = {Curran Associates, Inc.},
 title = {Attention is All you Need},
 volume = {30},
 year = {2017}
}
@article{fuchs2020se,
  title={Se (3)-transformers: 3d roto-translation equivariant attention networks},
  author={Fuchs, Fabian and Worrall, Daniel and Fischer, Volker and Welling, Max},
  journal={Advances in neural information processing systems},
  volume={33},
  pages={1970--1981},
  year={2020}
}

@article{castelli2012new,
  title={New cubic perovskites for one-and two-photon water splitting using the computational materials repository},
  author={Castelli, Ivano E and Landis, David D and Thygesen, Kristian S and Dahl, S{\o}ren and Chorkendorff, Ib and Jaramillo, Thomas F and Jacobsen, Karsten W},
  journal={Energy \& Environmental Science},
  volume={5},
  number={10},
  pages={9034--9043},
  year={2012},
  publisher={Royal Society of Chemistry}
}

@article{castelli2012computational,
  title={Computational screening of perovskite metal oxides for optimal solar light capture},
  author={Castelli, Ivano E and Olsen, Thomas and Datta, Soumendu and Landis, David D and Dahl, S{\o}ren and Thygesen, Kristian S and Jacobsen, Karsten W},
  journal={Energy \& Environmental Science},
  volume={5},
  number={2},
  pages={5814--5819},
  year={2012},
  publisher={Royal Society of Chemistry}
}

@article{jain2013commentary,
  title={Commentary: The Materials Project: A materials genome approach to accelerating materials innovation},
  author={Jain, Anubhav and Ong, Shyue Ping and Hautier, Geoffroy and Chen, Wei and Richards, William Davidson and Dacek, Stephen and Cholia, Shreyas and Gunter, Dan and Skinner, David and Ceder, Gerbrand and others},
  journal={APL materials},
  volume={1},
  number={1},
  year={2013},
  publisher={AIP Publishing}
}

@article{pickard2020airss,
  title={AIRSS data for carbon at 10GPa and the C+ N+ H+ O system at 1GPa},
  author={Pickard, Chris J},
  journal={(No Title)},
  year={2020},
  publisher={Materials Cloud}
}
@Article{Ren2022,
author={Ren, Zekun
and Tian, Siyu Isaac Parker
and Noh, Juhwan
and Oviedo, Felipe
and Xing, Guangzong
and Li, Jiali
and Liang, Qiaohao
and Zhu, Ruiming
and Aberle, Armin G.
and Sun, Shijing
and Wang, Xiaonan
and Liu, Yi
and Li, Qianxiao
and Jayavelu, Senthilnath
and Hippalgaonkar, Kedar
and Jung, Yousung
and Buonassisi, Tonio},
title={An invertible crystallographic representation for general inverse design of inorganic crystals with targeted properties},
journal={Matter},
year={2022},
month={Jan},
day={05},
publisher={Elsevier},
volume={5},
number={1},
pages={314-335},
issn={2590-2393},
doi={10.1016/j.matt.2021.11.032},

}

@article{court20203,
  title={3-D inorganic crystal structure generation and property prediction via representation learning},
  author={Court, Callum J and Yildirim, Batuhan and Jain, Apoorv and Cole, Jacqueline M},
  journal={Journal of Chemical Information and Modeling},
  volume={60},
  number={10},
  pages={4518--4535},
  year={2020},
  publisher={ACS Publications}
}

@article{xie2021crystal,
  title={Crystal diffusion variational autoencoder for periodic material generation},
  author={Xie, Tian and Fu, Xiang and Ganea, Octavian-Eugen and Barzilay, Regina and Jaakkola, Tommi},
  journal={arXiv preprint arXiv:2110.06197},
  year={2021}
}

@article{jiao2023crystal,
  title={Crystal structure prediction by joint equivariant diffusion},
  author={Jiao, Rui and Huang, Wenbing and Lin, Peijia and Han, Jiaqi and Chen, Pin and Lu, Yutong and Liu, Yang},
  journal={Advances in Neural Information Processing Systems},
  volume={36},
  pages={17464--17497},
  year={2023}
}

@inproceedings{hoogeboom2022equivariant,
  title={Equivariant diffusion for molecule generation in 3d},
  author={Hoogeboom, Emiel and Satorras, V{\i}ctor Garcia and Vignac, Cl{\'e}ment and Welling, Max},
  booktitle={International conference on machine learning},
  pages={8867--8887},
  year={2022},
  organization={PMLR}
}

@article{gebauer2019symmetry,
  title={Symmetry-adapted generation of 3d point sets for the targeted discovery of molecules},
  author={Gebauer, Niklas and Gastegger, Michael and Sch{\"u}tt, Kristof},
  journal={Advances in neural information processing systems},
  volume={32},
  year={2019}
}
@article{hohenberg1964inhomogeneous,
  title={Inhomogeneous electron gas},
  author={Hohenberg, Pierre and Kohn, Walter},
  journal={Physical review},
  volume={136},
  number={3B},
  pages={B864},
  year={1964},
  publisher={APS}
}
@article{kirkpatrick1983optimization,
  title={Optimization by simulated annealing},
  author={Kirkpatrick, Scott and Gelatt Jr, C Daniel and Vecchi, Mario P},
  journal={science},
  volume={220},
  number={4598},
  pages={671--680},
  year={1983},
  publisher={American association for the advancement of science}
}
@article{lyakhov2013new,
  title={New developments in evolutionary structure prediction algorithm USPEX},
  author={Lyakhov, Andriy O and Oganov, Artem R and Stokes, Harold T and Zhu, Qiang},
  journal={Computer Physics Communications},
  volume={184},
  number={4},
  pages={1172--1182},
  year={2013},
  publisher={Elsevier}
}
@article{pickard2011ab,
  title={Ab initio random structure searching},
  author={Pickard, Chris J and Needs, RJ},
  journal={Journal of Physics: Condensed Matter},
  volume={23},
  number={5},
  pages={053201},
  year={2011},
  publisher={IOP Publishing}
}
@article{forrest1996genetic,
  title={Genetic algorithms},
  author={Forrest, Stephanie},
  journal={ACM computing surveys (CSUR)},
  volume={28},
  number={1},
  pages={77--80},
  year={1996},
  publisher={ACM New York, NY, USA}
}
@article{wu2013adaptive,
  title={An adaptive genetic algorithm for crystal structure prediction},
  author={Wu, SQ and Ji, Min and Wang, Cai-Zhuang and Nguyen, Manh Cuong and Zhao, Xin and Umemoto, K and Wentzcovitch, RM and Ho, Kai-Ming},
  journal={Journal of Physics: Condensed Matter},
  volume={26},
  number={3},
  pages={035402},
  year={2013},
  publisher={IOP Publishing}
}

@article{merchant2023scaling,
  title={Scaling deep learning for materials discovery},
  author={Merchant, Amil and Batzner, Simon and Schoenholz, Samuel S and Aykol, Muratahan and Cheon, Gowoon and Cubuk, Ekin Dogus},
  journal={Nature},
  volume={624},
  number={7990},
  pages={80--85},
  year={2023},
  publisher={Nature Publishing Group UK London}
}
@article{kingma2013auto,
  title={Auto-encoding variational bayes},
  author={Kingma, Diederik P},
  journal={arXiv preprint arXiv:1312.6114},
  year={2013}
}
@article{goodfellow2014generative,
  title={Generative adversarial nets},
  author={Goodfellow, Ian and Pouget-Abadie, Jean and Mirza, Mehdi and Xu, Bing and Warde-Farley, David and Ozair, Sherjil and Courville, Aaron and Bengio, Yoshua},
  journal={Advances in neural information processing systems},
  volume={27},
  year={2014}
}

@article{ho2020denoising,
  title={Denoising diffusion probabilistic models},
  author={Ho, Jonathan and Jain, Ajay and Abbeel, Pieter},
  journal={Advances in neural information processing systems},
  volume={33},
  pages={6840--6851},
  year={2020}
}

@article{dan2020generative,
  title={Generative adversarial networks (GAN) based efficient sampling of chemical composition space for inverse design of inorganic materials},
  author={Dan, Yabo and Zhao, Yong and Li, Xiang and Li, Shaobo and Hu, Ming and Hu, Jianjun},
  journal={npj Computational Materials},
  volume={6},
  number={1},
  pages={84},
  year={2020},
  publisher={Nature Publishing Group UK London}
}
@inproceedings{oubari:hal-04464893,
  TITLE = {{A Binded VAE for Inorganic Material Generation}},
  AUTHOR = {Oubari, Fouad and de Mathelin, Antoine and D{\'e}catoire, Rodrigue and Mougeot, Mathilde},
  BOOKTITLE = {{NeurIPS 2021 Workshop on Deep Generative Models and Downstream Applications}},
  ADDRESS = {Online, France},
  YEAR = {2012},
  MONTH = Dec,
  DOI = {10.48550/arXiv.2112.09570},
  PDF = {https://hal.science/hal-04464893v1/file/35_a_binded_vae_for_inorganic_mat.pdf},
  HAL_ID = {hal-04464893},
  HAL_VERSION = {v1},
}
@article{kim2020generative,
  title={Generative adversarial networks for crystal structure prediction},
  author={Kim, Sungwon and Noh, Juhwan and Gu, Geun Ho and Aspuru-Guzik, Alan and Jung, Yousung},
  journal={ACS central science},
  volume={6},
  number={8},
  pages={1412--1420},
  year={2020},
  publisher={ACS Publications}
}
@article{long2021constrained,
  title={Constrained crystals deep convolutional generative adversarial network for the inverse design of crystal structures},
  author={Long, Teng and Fortunato, Nuno M and Opahle, Ingo and Zhang, Yixuan and Samathrakis, Ilias and Shen, Chen and Gutfleisch, Oliver and Zhang, Hongbin},
  journal={npj Computational Materials},
  volume={7},
  number={1},
  pages={66},
  year={2021},
  publisher={Nature Publishing Group UK London}
}
@inproceedings{
yang2024scalable,
title={Scalable Diffusion for Materials Generation},
author={Sherry Yang and KwangHwan Cho and Amil Merchant and Pieter Abbeel and Dale Schuurmans and Igor Mordatch and Ekin Dogus Cubuk},
booktitle={The Twelfth International Conference on Learning Representations},
year={2024},
}

@article{zeni2025generative,
  title={A generative model for inorganic materials design},
  author={Zeni, Claudio and Pinsler, Robert and Z{\"u}gner, Daniel and Fowler, Andrew and Horton, Matthew and Fu, Xiang and Wang, Zilong and Shysheya, Aliaksandra and Crabb{\'e}, Jonathan and Ueda, Shoko and others},
  journal={Nature},
  pages={1--3},
  year={2025},
  publisher={Nature Publishing Group UK London}
}
@article{lin2022general,
  title={General invariance and equilibrium conditions for lattice dynamics in 1D, 2D, and 3D materials},
  author={Lin, Changpeng and Ponc{\'e}, Samuel and Marzari, Nicola},
  journal={npj Computational Materials},
  volume={8},
  number={1},
  pages={236},
  year={2022},
  publisher={Nature Publishing Group UK London}
}
@article{keating1966effect,
  title={Effect of invariance requirements on the elastic strain energy of crystals with application to the diamond structure},
  author={Keating, PN},
  journal={Physical Review},
  volume={145},
  number={2},
  pages={637},
  year={1966},
  publisher={APS}
}
@article{luo2024towards,
  title={Towards symmetry-aware generation of periodic materials},
  author={Luo, Youzhi and Liu, Chengkai and Ji, Shuiwang},
  journal={Advances in Neural Information Processing Systems},
  volume={36},
  year={2024}
}

@software{mario_geiger_2022_6459381,
  author       = {Mario Geiger and
                  Tess Smidt and
                  Alby M. and
                  Benjamin Kurt Miller and
                  Wouter Boomsma and
                  Bradley Dice and
                  Kostiantyn Lapchevskyi and
                  Maurice Weiler and
                  Michał Tyszkiewicz and
                  Simon Batzner and
                  Dylan Madisetti and
                  Martin Uhrin and
                  Jes Frellsen and
                  Nuri Jung and
                  Sophia Sanborn and
                  Mingjian Wen and
                  Josh Rackers and
                  Marcel Rød and
                  Michael Bailey},
  title        = {e3nn/e3nn: 2022-04-13},
  month        = apr,
  year         = 2022,
  publisher    = {Zenodo},
  version      = {0.5.0},
  doi          = {10.5281/zenodo.6459381},

}

@article{weiler20183d,
  title={3d steerable cnns: Learning rotationally equivariant features in volumetric data},
  author={Weiler, Maurice and Geiger, Mario and Welling, Max and Boomsma, Wouter and Cohen, Taco S},
  journal={Advances in Neural Information Processing Systems},
  volume={31},
  year={2018}
}
@article{Thomas2018TensorFN,
  title={Tensor Field Networks: Rotation- and Translation-Equivariant Neural Networks for 3D Point Clouds},
  author={Nathaniel Thomas and Tess E. Smidt and Steven M. Kearnes and Lusann Yang and Li Li and Kai Kohlhoff and Patrick F. Riley},
  journal={ArXiv},
  year={2018},
  volume={abs/1802.08219},

}
@article{xie2018crystal,
  title={Crystal graph convolutional neural networks for an accurate and interpretable prediction of material properties},
  author={Xie, Tian and Grossman, Jeffrey C},
  journal={Physical review letters},
  volume={120},
  number={14},
  pages={145301},
  year={2018},
  publisher={APS}
}
@article{schutt2018schnet,
  title={Schnet--a deep learning architecture for molecules and materials},
  author={Sch{\"u}tt, Kristof T and Sauceda, Huziel E and Kindermans, P-J and Tkatchenko, Alexandre and M{\"u}ller, K-R},
  journal={The Journal of Chemical Physics},
  volume={148},
  number={24},
  year={2018},
  publisher={AIP Publishing}
}

@article{chen2019graph,
  title={Graph networks as a universal machine learning framework for molecules and crystals},
  author={Chen, Chi and Ye, Weike and Zuo, Yunxing and Zheng, Chen and Ong, Shyue Ping},
  journal={Chemistry of Materials},
  volume={31},
  number={9},
  pages={3564--3572},
  year={2019},
  publisher={ACS Publications}
}
@article{chen2022universal,
  title={A universal graph deep learning interatomic potential for the periodic table},
  author={Chen, Chi and Ong, Shyue Ping},
  journal={Nature Computational Science},
  volume={2},
  number={11},
  pages={718--728},
  year={2022},
  publisher={Nature Publishing Group US New York}
}
@article{yuan2024tripartite,
  title={Tripartite interaction representation algorithm for crystal graph neural networks},
  author={Yuan, Yang and Chen, Ziyi and Feng, Tianyu and Xiong, Fei and Wang, Jue and Wang, Yangang and Wang, Zongguo},
  journal={Scientific Reports},
  volume={14},
  number={1},
  pages={24881},
  year={2024},
  publisher={Nature Publishing Group UK London}
}

@article{kondor2018clebsch,
  title={Clebsch--gordan nets: a fully fourier space spherical convolutional neural network},
  author={Kondor, Risi and Lin, Zhen and Trivedi, Shubhendu},
  journal={Advances in Neural Information Processing Systems},
  volume={31},
  year={2018}
}

@inproceedings{
tholke2022equivariant,
title={Equivariant Transformers for Neural Network based Molecular Potentials},
author={Philipp Th{\"o}lke and Gianni De Fabritiis},
booktitle={International Conference on Learning Representations},
year={2022},
}

@inproceedings{
brandstetter2022geometric,
title={Geometric and Physical Quantities improve E(3) Equivariant Message Passing},
author={Johannes Brandstetter and Rob Hesselink and Elise van der Pol and Erik J Bekkers and Max Welling},
booktitle={International Conference on Learning Representations},
year={2022},
}

@article{unke2021se,
  title={SE (3)-equivariant prediction of molecular wavefunctions and electronic densities},
  author={Unke, Oliver and Bogojeski, Mihail and Gastegger, Michael and Geiger, Mario and Smidt, Tess and M{\"u}ller, Klaus-Robert},
  journal={Advances in Neural Information Processing Systems},
  volume={34},
  pages={14434--14447},
  year={2021}
}

@article{vaswani2017attention,
  title={Attention is all you need},
  author={Vaswani, A},
  journal={Advances in Neural Information Processing Systems},
  year={2017}
}

@inproceedings{
liao2023equiformer,
title={Equiformer: Equivariant Graph Attention Transformer for 3D Atomistic Graphs},
author={Yi-Lun Liao and Tess Smidt},
booktitle={The Eleventh International Conference on Learning Representations },
year={2023},
}
@article{nouira2018crystalgan,
  title={Crystalgan: learning to discover crystallographic structures with generative adversarial networks},
  author={Nouira, Asma and Sokolovska, Nataliya and Crivello, Jean-Claude},
  journal={arXiv preprint arXiv:1810.11203},
  year={2018}
}
@article{Ren2020InverseDO,
  title={Inverse design of crystals using generalized invertible crystallographic representation},
  author={Zekun Ren and Juhwan Noh and Siyu Isaac Parker Tian and Felipe Oviedo and Guangzong Xing and Qiaohao Liang and Armin Gerhard Aberle and Yi Liu and Qianxiao Li and Senthilnath Jayavelu and Kedar Hippalgaonkar and Yousung Jung and Tonio Buonassisi},
  journal={ArXiv},
  year={2020},
  volume={abs/2005.07609},
}
@article{noh2019inverse,
  title={Inverse design of solid-state materials via a continuous representation},
  author={Noh, Juhwan and Kim, Jaehoon and Stein, Helge S and Sanchez-Lengeling, Benjamin and Gregoire, John M and Aspuru-Guzik, Alan and Jung, Yousung},
  journal={Matter},
  volume={1},
  number={5},
  pages={1370--1384},
  year={2019},
  publisher={Elsevier}
}
@article{hoffmann2019data,
  title={Data-driven approach to encoding and decoding 3-d crystal structures},
  author={Hoffmann, Jordan and Maestrati, Louis and Sawada, Yoshihide and Tang, Jian and Sellier, Jean Michel and Bengio, Yoshua},
  journal={arXiv preprint arXiv:1909.00949},
  year={2019}
}
@inproceedings{gasteiger_dimenetpp_2020,
title = {Fast and Uncertainty-Aware Directional Message Passing for Non-Equilibrium Molecules},
author = {Gasteiger, Johannes and Giri, Shankari and Margraf, Johannes T. and G{\"u}nnemann, Stephan},
booktitle={Machine Learning for Molecules Workshop, NeurIPS},
year = {2020} }
@article{gasteiger2021gemnet,
  title={Gemnet: Universal directional graph neural networks for molecules},
  author={Gasteiger, Johannes and Becker, Florian and G{\"u}nnemann, Stephan},
  journal={Advances in Neural Information Processing Systems},
  volume={34},
  pages={6790--6802},
  year={2021}
}
@article{choudhary2021atomistic,
  title={Atomistic line graph neural network for improved materials property predictions},
  author={Choudhary, Kamal and DeCost, Brian},
  journal={npj Computational Materials},
  volume={7},
  number={1},
  pages={185},
  year={2021},
  publisher={Nature Publishing Group UK London}
}
@article{howard2017mobilenets,
  title={Mobilenets: Efficient convolutional neural networks for mobile vision applications},
  author={Howard, Andrew G},
  journal={arXiv preprint arXiv:1704.04861},
  year={2017}
}
@article{buhmann2000radial,
  title={Radial basis functions},
  author={Buhmann, Martin Dietrich},
  journal={Acta numerica},
  volume={9},
  pages={1--38},
  year={2000},
  publisher={Cambridge university press}
}

@article{fornberg2011stable,
  title={Stable computations with Gaussian radial basis functions},
  author={Fornberg, Bengt and Larsson, Elisabeth and Flyer, Natasha},
  journal={SIAM Journal on Scientific Computing},
  volume={33},
  number={2},
  pages={869--892},
  year={2011},
  publisher={SIAM}
}
@article{javaran2011first,
  title={First kind Bessel function (J-Bessel) as radial basis function for plane dynamic analysis using dual reciprocity boundary element method},
  author={Javaran, S Hamzeh and Khaji, N and Noorzad, A},
  journal={Acta mechanica},
  volume={218},
  number={3},
  pages={247--258},
  year={2011},
  publisher={Springer}
}

@article{song2019generative,
  title={Generative modeling by estimating gradients of the data distribution},
  author={Song, Yang and Ermon, Stefano},
  journal={Advances in neural information processing systems},
  volume={32},
  year={2019}
}
@article{davies2019smact,
  title={Smact: Semiconducting materials by analogy and chemical theory},
  author={Davies, Daniel W and Butler, Keith T and Jackson, Adam J and Skelton, Jonathan M and Morita, Kazuki and Walsh, Aron},
  journal={Journal of Open Source Software},
  volume={4},
  number={38},
  pages={1361},
  year={2019}
}