@incollection{Bengio+chapter2007,
author = {Bengio, Yoshua and LeCun, Yann},
booktitle = {Large Scale Kernel Machines},
publisher = {MIT Press},
title = {Scaling Learning Algorithms Towards {AI}},
year = {2007}
}

@article{Hinton06,
author = {Hinton, Geoffrey E. and Osindero, Simon and Teh, Yee Whye},
journal = {Neural Computation},
pages = {1527--1554},
title = {A Fast Learning Algorithm for Deep Belief Nets},
volume = {18},
year = {2006}
}

@book{goodfellow2016deep,
title={Deep learning},
author={Goodfellow, Ian and Bengio, Yoshua and Courville, Aaron and Bengio, Yoshua},
volume={1},
year={2016},
publisher={MIT Press}
}

@inproceedings{he2022masked,
  title={Masked autoencoders are scalable vision learners},
  author={He, Kaiming and Chen, Xinlei and Xie, Saining and Li, Yanghao and Doll{\'a}r, Piotr and Girshick, Ross},
  booktitle={Proceedings of the IEEE/CVF conference on computer vision and pattern recognition},
  pages={16000--16009},
  year={2022}
}

@article{zhang2025artificial,
  title={Artificial Skin Based on Visuo-Tactile Sensing for 3D Shape Reconstruction: Material, Method, and Evaluation},
  author={Zhang, Shixin and Yang, Yiyong and Sun, Yuhao and Liu, Nailong and Sun, Fuchun and Fang, Bin},
  journal={Advanced Functional Materials},
  volume={35},
  number={1},
  pages={2411686},
  year={2025},
  publisher={Wiley Online Library}
}

@article{tong2022videomae,
  title={Videomae: Masked autoencoders are data-efficient learners for self-supervised video pre-training},
  author={Tong, Zhan and Song, Yibing and Wang, Jue and Wang, Limin},
  journal={Advances in neural information processing systems},
  volume={35},
  pages={10078--10093},
  year={2022}
}

@article{calandra2017feeling,
  title={The feeling of success: Does touch sensing help predict grasp outcomes?},
  author={Calandra, Roberto and Owens, Andrew and Upadhyaya, Manu and Yuan, Wenzhen and Lin, Justin and Adelson, Edward H and Levine, Sergey},
  journal={arXiv preprint arXiv:1710.05512},
  year={2017}
}

@article{si2022taxim,
  title={Taxim: An example-based simulation model for gelsight tactile sensors},
  author={Si, Zilin and Yuan, Wenzhen},
  journal={IEEE Robotics and Automation Letters},
  volume={7},
  number={2},
  pages={2361--2368},
  year={2022},
  publisher={IEEE}
}

@article{wang2022tacto,
  title={Tacto: A fast, flexible, and open-source simulator for high-resolution vision-based tactile sensors},
  author={Wang, Shaoxiong and Lambeta, Mike and Chou, Po-Wei and Calandra, Roberto},
  journal={IEEE Robotics and Automation Letters},
  volume={7},
  number={2},
  pages={3930--3937},
  year={2022},
  publisher={IEEE}
}

@article{devlin2018bert,
  title={Bert: Pre-training of deep bidirectional transformers for language understanding},
  author={Devlin, Jacob},
  journal={arXiv preprint arXiv:1810.04805},
  year={2018}
}

@article{brown2020gpt,
  title={Language models are few-shot learners},
  author={Brown, Tom B},
  journal={arXiv preprint arXiv:2005.14165},
  year={2020}
}

@inproceedings{chen2020simclr,
  title={A simple framework for contrastive learning of visual representations},
  author={Chen, Ting and Kornblith, Simon and Norouzi, Mohammad and Hinton, Geoffrey},
  booktitle={International conference on machine learning},
  pages={1597--1607},
  year={2020},
  organization={PMLR}
}

@inproceedings{xue2023ulip,
  title={Ulip: Learning a unified representation of language, images, and point clouds for 3d understanding},
  author={Xue, Le and Gao, Mingfei and Xing, Chen and Mart{\'\i}n-Mart{\'\i}n, Roberto and Wu, Jiajun and Xiong, Caiming and Xu, Ran and Niebles, Juan Carlos and Savarese, Silvio},
  booktitle={Proceedings of the IEEE/CVF conference on computer vision and pattern recognition},
  pages={1179--1189},
  year={2023}
}


@inproceedings{guzhov2022audioclip,
  title={Audioclip: Extending clip to image, text and audio},
  author={Guzhov, Andrey and Raue, Federico and Hees, J{\"o}rn and Dengel, Andreas},
  booktitle={ICASSP 2022-2022 IEEE International Conference on Acoustics, Speech and Signal Processing (ICASSP)},
  pages={976--980},
  year={2022},
  organization={IEEE}
}

@inproceedings{girdhar2023imagebind,
  title={Imagebind: One embedding space to bind them all},
  author={Girdhar, Rohit and El-Nouby, Alaaeldin and Liu, Zhuang and Singh, Mannat and Alwala, Kalyan Vasudev and Joulin, Armand and Misra, Ishan},
  booktitle={Proceedings of the IEEE/CVF Conference on Computer Vision and Pattern Recognition},
  pages={15180--15190},
  year={2023}
}


@inproceedings{girdhar2022omnivore,
  title={Omnivore: A single model for many visual modalities},
  author={Girdhar, Rohit and Singh, Mannat and Ravi, Nikhila and Van Der Maaten, Laurens and Joulin, Armand and Misra, Ishan},
  booktitle={Proceedings of the IEEE/CVF conference on computer vision and pattern recognition},
  pages={16102--16112},
  year={2022}
}

@article{zhang2024duragel,
  title={A compact visuo-tactile robotic skin for micron-level tactile perception},
  author={Zhang, Shixin and Yang, Yiyong and Sun, Fuchun and Bao, Lei and Shan, Jianhua and Gao, Yuan and Fang, Bin},
  journal={IEEE Sensors Journal},
  year={2024},
  publisher={IEEE}
}

@article{lambeta2020digit,
  title={Digit: A novel design for a low-cost compact high-resolution tactile sensor with application to in-hand manipulation},
  author={Lambeta, Mike and Chou, Po-Wei and Tian, Stephen and Yang, Brian and Maloon, Benjamin and Most, Victoria Rose and Stroud, Dave and Santos, Raymond and Byagowi, Ahmad and Kammerer, Gregg and others},
  journal={IEEE Robotics and Automation Letters},
  volume={5},
  number={3},
  pages={3838--3845},
  year={2020},
  publisher={IEEE}
}

@article{zhang2022tac3d,
  title={Tac3D: A novel vision-based tactile sensor for measuring forces distribution and estimating friction coefficient distribution},
  author={Zhang, Lunwei and Wang, Yue and Jiang, Yao},
  journal={arXiv preprint arXiv:2202.06211},
  year={2022}
}

@online{
  gelsight,
author="GelSight. Inc.",
title="{GelSight Mini}",
url="https://www.gelsight.com/gelsightmini/",
note="(2022)"
}

@inproceedings{higuerasparsh,
  title={Sparsh: Self-supervised touch representations for vision-based tactile sensing},
  author={Higuera, Carolina and Sharma, Akash and Bodduluri, Chaithanya Krishna and Fan, Taosha and Lancaster, Patrick and Kalakrishnan, Mrinal and Kaess, Michael and Boots, Byron and Lambeta, Mike and Wu, Tingfan and others},
  booktitle={8th Annual Conference on Robot Learning},
year={2024}
}

@inproceedings{yang2024binding,
  title={Binding touch to everything: Learning unified multimodal tactile representations},
  author={Yang, Fengyu and Feng, Chao and Chen, Ziyang and Park, Hyoungseob and Wang, Daniel and Dou, Yiming and Zeng, Ziyao and Chen, Xien and Gangopadhyay, Rit and Owens, Andrew and others},
  booktitle={Proceedings of the IEEE/CVF Conference on Computer Vision and Pattern Recognition},
  pages={26340--26353},
  year={2024}
}

@article{cheng2024touch100k,
  title={Touch100k: A Large-Scale Touch-Language-Vision Dataset for Touch-Centric Multimodal Representation},
  author={Cheng, Ning and Guan, Changhao and Gao, Jing and Wang, Weihao and Li, You and Meng, Fandong and Zhou, Jie and Fang, Bin and Xu, Jinan and Han, Wenjuan},
  journal={arXiv preprint arXiv:2406.03813},
  year={2024}
}

@misc{gupta2025sensorinvarianttactilerepresentation,
      title={Sensor-Invariant Tactile Representation}, 
      author={Harsh Gupta and Yuchen Mo and Shengmiao Jin and Wenzhen Yuan},
      year={2025},
      eprint={2502.19638},
      archivePrefix={arXiv},
      primaryClass={cs.RO},
      url={https://arxiv.org/abs/2502.19638}, 
}

@article{yang2022touch,
  title={Touch and go: Learning from human-collected vision and touch},
  author={Yang, Fengyu and Ma, Chenyang and Zhang, Jiacheng and Zhu, Jing and Yuan, Wenzhen and Owens, Andrew},
  journal={arXiv preprint arXiv:2211.12498},
  year={2022}
}

@inproceedings{gao2023objectfolderreal,
  title={The objectfolder benchmark: Multisensory learning with neural and real objects},
  author={Gao, Ruohan and Dou, Yiming and Li, Hao and Agarwal, Tanmay and Bohg, Jeannette and Li, Yunzhu and Fei-Fei, Li and Wu, Jiajun},
  booktitle={Proceedings of the IEEE/CVF Conference on Computer Vision and Pattern Recognition},
  pages={17276--17286},
  year={2023}
}

@article{zhao2024transferable,
  title={Transferable Tactile Transformers for Representation Learning Across Diverse Sensors and Tasks},
  author={Zhao, Jialiang and Ma, Yuxiang and Wang, Lirui and Adelson, Edward H},
  journal={arXiv preprint arXiv:2406.13640},
  year={2024}
}

@article{cheng2024tlv,
  title={Towards Comprehensive Multimodal Perception: Introducing the Touch-Language-Vision Dataset},
  author={Cheng, Ning and Li, You and Gao, Jing and Fang, Bin and Xu, Jinan and Han, Wenjuan},
  journal={arXiv preprint arXiv:2403.09813},
  year={2024}
}


@inproceedings{
    fu2024tvl,
    title={A Touch, Vision, and Language Dataset for Multimodal Alignment},
    author={Letian Fu and Gaurav Datta and Huang Huang and William Chung-Ho Panitch and Jaimyn Drake and Joseph Ortiz and Mustafa Mukadam and Mike Lambeta and Roberto Calandra and Ken Goldberg},
    booktitle={Forty-first International Conference on Machine Learning},
    year={2024},
    url={https://openreview.net/forum?id=tFEOOH9eH0}
}

@inproceedings{li2019connecting,
  title={Connecting touch and vision via cross-modal prediction},
  author={Li, Yunzhu and Zhu, Jun-Yan and Tedrake, Russ and Torralba, Antonio},
  booktitle={Proceedings of the IEEE/CVF Conference on Computer Vision and Pattern Recognition},
  pages={10609--10618},
  year={2019}
}


@article{yuan2017gelsight,
  title={Gelsight: High-resolution robot tactile sensors for estimating geometry and force},
  author={Yuan, Wenzhen and Dong, Siyuan and Adelson, Edward H},
  journal={Sensors},
  volume={17},
  number={12},
  pages={2762},
  year={2017},
  publisher={MDPI}
}

@inproceedings{donlon2018gelslim,
  title={Gelslim: A high-resolution, compact, robust, and calibrated tactile-sensing finger},
  author={Donlon, Elliott and Dong, Siyuan and Liu, Melody and Li, Jianhua and Adelson, Edward and Rodriguez, Alberto},
  booktitle={2018 IEEE/RSJ International Conference on Intelligent Robots and Systems (IROS)},
  pages={1927--1934},
  year={2018},
  organization={IEEE}
}

@article{puang2024learning,
  title={Learning Stable Robot Grasping with Transformer-based Tactile Control Policies},
  author={Puang, En Yen and Li, Zechen and Chew, Chee Meng and Luo, Shan and Wu, Yan},
  journal={arXiv preprint arXiv:2407.21172},
  year={2024}
}

@article{han2024learning,
  title={Learning generalizable vision-tactile robotic grasping strategy for deformable objects via transformer},
  author={Han, Yunhai and Yu, Kelin and Batra, Rahul and Boyd, Nathan and Mehta, Chaitanya and Zhao, Tuo and She, Yu and Hutchinson, Seth and Zhao, Ye},
  journal={IEEE/ASME Transactions on Mechatronics},
  year={2024},
  publisher={IEEE}
}

@article{li2022see,
  title={See, hear, and feel: Smart sensory fusion for robotic manipulation},
  author={Li, Hao and Zhang, Yizhi and Zhu, Junzhe and Wang, Shaoxiong and Lee, Michelle A and Xu, Huazhe and Adelson, Edward and Fei-Fei, Li and Gao, Ruohan and Wu, Jiajun},
  journal={arXiv preprint arXiv:2212.03858},
  year={2022}
}

@article{xu2024unit,
  title={UniT: Unified Tactile Representation for Robot Learning},
  author={Xu, Zhengtong and Uppuluri, Raghava and Zhang, Xinwei and Fitch, Cael and Crandall, Philip Glen and Shou, Wan and Wang, Dongyi and She, Yu},
  journal={arXiv preprint arXiv:2408.06481},
  year={2024}
}

@inproceedings{li2014localization,
  title={Localization and manipulation of small parts using gelsight tactile sensing},
  author={Li, Rui and Platt, Robert and Yuan, Wenzhen and Ten Pas, Andreas and Roscup, Nathan and Srinivasan, Mandayam A and Adelson, Edward},
  booktitle={2014 IEEE/RSJ International Conference on Intelligent Robots and Systems},
  pages={3988--3993},
  year={2014},
  organization={IEEE}
}

@article{feng2024play,
  title={Play to the Score: Stage-Guided Dynamic Multi-Sensory Fusion for Robotic Manipulation},
  author={Feng, Ruoxuan and Hu, Di and Ma, Wenke and Li, Xuelong},
  journal={arXiv preprint arXiv:2408.01366},
  year={2024}
}

@article{zhang2023video,
  title={Video-llama: An instruction-tuned audio-visual language model for video understanding},
  author={Zhang, Hang and Li, Xin and Bing, Lidong},
  journal={arXiv preprint arXiv:2306.02858},
  year={2023}
}

@inproceedings{leevitgan,
  title={ViTGAN: Training GANs with Vision Transformers},
  author={Lee, Kwonjoon and Chang, Huiwen and Jiang, Lu and Zhang, Han and Tu, Zhuowen and Liu, Ce},
  booktitle={International Conference on Learning Representations},
year={2022},
}

@article{george2024visuo,
  title={Visuo-Tactile Pretraining for Cable Plugging},
  author={George, Abraham and Gano, Selam and Katragadda, Pranav and Farimani, Amir Barati},
  journal={arXiv preprint arXiv:2403.11898},
  year={2024}
}

@inproceedings{dave2024multimodal,
  title={Multimodal Visual-Tactile Representation Learning through Self-Supervised Contrastive Pre-Training},
  author={Dave, Vedant and Lygerakis, Fotios and R{\"u}ckert, Elmar},
  booktitle={Proceedings/IEEE International Conference on Robotics and Automation},
  year={2024},
  organization={Institute of Electrical and Electronics Engineers}
}

@article{lyu2024omnibind,
  title={OmniBind: Teach to Build Unequal-Scale Modality Interaction for Omni-Bind of All},
  author={Lyu, Yuanhuiyi and Zheng, Xu and Kim, Dahun and Wang, Lin},
  journal={arXiv preprint arXiv:2405.16108},
  year={2024}
}

@inproceedings{lei2024vitlen,
  title={Vit-lens: Towards omni-modal representations},
  author={Lei, Weixian and Ge, Yixiao and Yi, Kun and Zhang, Jianfeng and Gao, Difei and Sun, Dylan and Ge, Yuying and Shan, Ying and Shou, Mike Zheng},
  booktitle={Proceedings of the IEEE/CVF Conference on Computer Vision and Pattern Recognition},
  pages={26647--26657},
  year={2024}
}

@article{van2017neural,
  title={Neural discrete representation learning},
  author={Van Den Oord, Aaron and Vinyals, Oriol and others},
  journal={Advances in neural information processing systems},
  volume={30},
  year={2017}
}

@article{van2008visualizing,
  title={Visualizing data using t-SNE.},
  author={Van der Maaten, Laurens and Hinton, Geoffrey},
  journal={Journal of machine learning research},
  volume={9},
  number={11},
  year={2008}
}

@article{maiolino2013flexible,
  title={A flexible and robust large scale capacitive tactile system for robots},
  author={Maiolino, Perla and Maggiali, Marco and Cannata, Giorgio and Metta, Giorgio and Natale, Lorenzo},
  journal={IEEE Sensors Journal},
  volume={13},
  number={10},
  pages={3910--3917},
  year={2013},
  publisher={IEEE}
}

@article{liu2022neuroskin,
  title={Neuro-inspired electronic skin for robots},
  author={Liu, Fengyuan and Deswal, Sweety and Christou, Adamos and Sandamirskaya, Yulia and Kaboli, Mohsen and Dahiya, Ravinder},
  journal={Science robotics},
  volume={7},
  number={67},
  pages={eabl7344},
  year={2022},
  publisher={American Association for the Advancement of Science}
}

@inproceedings{dosovitskiy2020image,
  title={An Image is Worth 16x16 Words: Transformers for Image Recognition at Scale},
  author={Dosovitskiy, Alexey and Beyer, Lucas and Kolesnikov, Alexander and Weissenborn, Dirk and Zhai, Xiaohua and Unterthiner, Thomas and Dehghani, Mostafa and Minderer, Matthias and Heigold, Georg and Gelly, Sylvain and others},
  booktitle={International Conference on Learning Representations},
  year={2020}
}

@inproceedings{yang2023visgel,
  title={Generating visual scenes from touch},
  author={Yang, Fengyu and Zhang, Jiacheng and Owens, Andrew},
  booktitle={Proceedings of the IEEE/CVF International Conference on Computer Vision},
  pages={22070--22080},
  year={2023}
}

@inproceedings{yuan2018cloth,
  title={Active clothing material perception using tactile sensing and deep learning},
  author={Yuan, Wenzhen and Mo, Yuchen and Wang, Shaoxiong and Adelson, Edward H},
  booktitle={2018 IEEE International Conference on Robotics and Automation (ICRA)},
  pages={4842--4849},
  year={2018},
  organization={IEEE}
}

@inproceedings{suresh2023ycb,
  title={Midastouch: Monte-carlo inference over distributions across sliding touch},
  author={Suresh, Sudharshan and Si, Zilin and Anderson, Stuart and Kaess, Michael and Mukadam, Mustafa},
  booktitle={Conference on Robot Learning},
  pages={319--331},
  year={2023},
  organization={PMLR}
}

@inproceedings{cherti2023reproducible,
  title={Reproducible scaling laws for contrastive language-image learning},
  author={Cherti, Mehdi and Beaumont, Romain and Wightman, Ross and Wortsman, Mitchell and Ilharco, Gabriel and Gordon, Cade and Schuhmann, Christoph and Schmidt, Ludwig and Jitsev, Jenia},
  booktitle={Proceedings of the IEEE/CVF Conference on Computer Vision and Pattern Recognition},
  pages={2818--2829},
  year={2023}
}

@article{loshchilov2017decoupled,
  title={Decoupled weight decay regularization},
  author={Loshchilov, I},
  journal={arXiv preprint arXiv:1711.05101},
  year={2017}
}

@inproceedings{cao2023learn,
  title={Learn from Incomplete Tactile Data: Tactile Representation Learning with Masked Autoencoders},
  author={Cao, Guanqun and Jiang, Jiaqi and Bollegala, Danushka and Luo, Shan},
  booktitle={2023 IEEE/RSJ International Conference on Intelligent Robots and Systems (IROS)},
  pages={10800--10805},
  year={2023},
  organization={IEEE}
}

@inproceedings{gao2022objectfolder1,
  title={ObjectFolder: A Dataset of Objects with Implicit Visual, Auditory, and Tactile Representations},
  author={Gao, Ruohan and Chang, Yen-Yu and Mall, Shivani and Fei-Fei, Li and Wu, Jiajun},
  booktitle={Conference on Robot Learning},
  pages={466--476},
  year={2022},
  organization={PMLR}
}

@inproceedings{gao2022objectfolder2,
  title={Objectfolder 2.0: A multisensory object dataset for sim2real transfer},
  author={Gao, Ruohan and Si, Zilin and Chang, Yen-Yu and Clarke, Samuel and Bohg, Jeannette and Fei-Fei, Li and Yuan, Wenzhen and Wu, Jiajun},
  booktitle={Proceedings of the IEEE/CVF conference on computer vision and pattern recognition},
  pages={10598--10608},
  year={2022}
}

@article{yu2024octopi,
  title={Octopi: Object Property Reasoning with Large Tactile-Language Models},
  author={Yu, Samson and Lin, Kelvin and Xiao, Anxing and Duan, Jiafei and Soh, Harold},
  journal={arXiv preprint arXiv:2405.02794},
  year={2024}
}

@article{kerr2022ssvtp,
  title={Self-supervised visuo-tactile pretraining to locate and follow garment features},
  author={Kerr, Justin and Huang, Huang and Wilcox, Albert and Hoque, Ryan and Ichnowski, Jeffrey and Calandra, Roberto and Goldberg, Ken},
  journal={arXiv preprint arXiv:2209.13042},
  year={2022}
}

@inproceedings{radford2021clip,
  title={Learning transferable visual models from natural language supervision},
  author={Radford, Alec and Kim, Jong Wook and Hallacy, Chris and Ramesh, Aditya and Goh, Gabriel and Agarwal, Sandhini and Sastry, Girish and Askell, Amanda and Mishkin, Pamela and Clark, Jack and others},
  booktitle={International conference on machine learning},
  pages={8748--8763},
  year={2021},
  organization={PMLR}
}

@article{lin2020interbert,
  title={Interbert: Vision-and-language interaction for multi-modal pretraining},
  author={Lin, Junyang and Yang, An and Zhang, Yichang and Liu, Jie and Zhou, Jingren and Yang, Hongxia},
  journal={arXiv preprint arXiv:2003.13198},
  year={2020}
}

@article{rodriguez2024touch2touch,
  title={Touch2Touch: Cross-Modal Tactile Generation for Object Manipulation},
  author={Rodriguez, Samanta and Dou, Yiming and Oller, Miquel and Owens, Andrew and Fazeli, Nima},
  journal={arXiv preprint arXiv:2409.08269},
  year={2024}
}



@inproceedings{glorot2011domain,
  title={Domain adaptation for large-scale sentiment classification: A deep learning approach},
  author={Glorot, Xavier and Bordes, Antoine and Bengio, Yoshua},
  booktitle={Proceedings of the 28th international conference on machine learning (ICML-11)},
  pages={513--520},
  year={2011}
}

@inproceedings{zhang2015multi,
  title={Multi-source domain adaptation: A causal view},
  author={Zhang, Kun and Gong, Mingming and Sch{\"o}lkopf, Bernhard},
  booktitle={Proceedings of the AAAI Conference on Artificial Intelligence},
  volume={29},
  number={1},
  year={2015}
}


@inproceedings{zhao2019learning,
  title={On learning invariant representations for domain adaptation},
  author={Zhao, Han and Des Combes, Remi Tachet and Zhang, Kun and Gordon, Geoffrey},
  booktitle={International conference on machine learning},
  pages={7523--7532},
  year={2019},
  organization={PMLR}
}


@inproceedings{zhu2017unpaired,
  title={Unpaired image-to-image translation using cycle-consistent adversarial networks},
  author={Zhu, Jun-Yan and Park, Taesung and Isola, Phillip and Efros, Alexei A},
  booktitle={Proceedings of the IEEE international conference on computer vision},
  pages={2223--2232},
  year={2017}
}

@inproceedings{kim2022style,
  title={A style-aware discriminator for controllable image translation},
  author={Kim, Kunhee and Park, Sanghun and Jeon, Eunyeong and Kim, Taehun and Kim, Daijin},
  booktitle={Proceedings of the IEEE/CVF conference on computer vision and pattern recognition},
  pages={18239--18248},
  year={2022}
}

@article{zhao2023leveraging,
  title={Leveraging multi-lingual positive instances in contrastive learning to improve sentence embedding},
  author={Zhao, Kaiyan and Wu, Qiyu and Cai, Xin-Qiang and Tsuruoka, Yoshimasa},
  journal={arXiv preprint arXiv:2309.08929},
  year={2023}
}

@article{wang2022english,
  title={English contrastive learning can learn universal cross-lingual sentence embeddings},
  author={Wang, Yau-Shian and Wu, Ashley and Neubig, Graham},
  journal={arXiv preprint arXiv:2211.06127},
  year={2022}
}

