@string {PNAS = "{Proceedings of the National Academy of Sciences (PNAS)}"}
% CV
@string {PAMI = "{Transactions on Pattern Analysis and Machine Intelligence (TPAMI)}"}
@string {IJCV = "{International Journal of Computer Vision (IJCV)}"}
@string {CVIU = "{Computer Vision and Image Understanding (CVIU)}"}
@string {TIP = "{Transactions on Image Processing (TIP)}"}
@string {CVPR = "{Proceedings of Conference on Computer Vision and Pattern Recognition (CVPR)}"}
@string {CVPRW = "{Proceedings of Conference on Computer Vision and Pattern Recognition Workshops (CVPR Workshops)}"}
@string {ICCV = "{Proceedings of International Conference on Computer Vision (ICCV)}"}
@string {ICCVW = "{Proceedings of International Conference on Computer Vision Workshops (ICCV Workshops)}"}
@string {ECCV = "{Proceedings of European Conference on Computer Vision (ECCV)}"}
@string {ECCVW = "{Proceedings of European Conference on Computer Vision Workshops (ECCV Workshops)}"}
@string {ACCV = "{Asian Conference on Computer Vision (ACCV)}"}
@string {BMVC = "{British Machine Vision Conference (BMVC)}"}
@string {WACV = "{Proceedings of Winter Conference on Applications of Computer Vision (WACV)}"}
@string {WACVW = "{Proceedings of Winter Conference on Applications of Computer Vision Workshops (WACV Workshops)}"}
@string {ICIP = "{IEEE International Conference on Image Processing (ICIP)}"}
% ML
@string {JMLR = "{Journal of Machine Learning Research (JMLR)}"}
@string {NIPS = "{Proceedings of Advances in Neural Information Processing Systems (NeurIPS)}"}
@string {NIPSBENCH = "{Proceedings of the Neural Information Processing Systems (NeurIPS) Track on Datasets and Benchmarks}"}
@string {ICML = "{Proceedings of International Conference on Machine Learning (ICML)}"}
@string {ICLR = "{Proceedings of International Conference on Learning Representations (ICLR)}"}
% AI
@string {JAIR = "{Journal of Artificial Intelligence Research}"}
@string {AIJ = "{Artificial Intelligence}"}
@string {AAAI = "{Proceedings of AAAI Conference on Artificial Intelligence (AAAI)}"}
@string {IJCAI = "{International Joint Conference on Artificial Intelligence (IJCAI)}"}
@string {AISTATS = "{International Conference on Artificial Intelligence and Statistics (AISTATS)}"}
% Robotics
@string {IJRR = "{International Journal of Robotics Research (IJRR)}"}
@string {TRA = "{IEEE Transactions on Robotics and Automation (T-RA)}"}
@string {TRO = "{IEEE Transactions on Robotics (T-RO)}"}
@string {TASE = "{IEEE Transactions on Automation Science and Engineering (T-ASE)}"}
@string {RA-L = "{IEEE Robotics and Automation Letters (RA-L)}"}
@string {RA-M = "{IEEE Robotics and Automation Magazine (RA-M)}"}
@string {IROS = "{IEEE/RSJ International Conference on Intelligent Robots and Systems (IROS)}"}
@string {ICRA = "{IEEE International Conference on Robotics and Automation (ICRA)}"}
@string {RSS = "{Robotics: Science and Systems (RSS)}"}
@string {CoRL = "{Conference on Robot Learning (CoRL)}"}
@string {ROMAN = "{IEEE International Symposium on Robot and Human Interactive Communication (RO-MAN)}"}
@string {HRI = "{ACM/IEEE International Conference on Human-Robot Interaction (HRI)}"}
@string {TMECH = "{IEEE/ASME Transactions on Mechatronics (T-MECH)}"}
@string {ToH = "{IEEE Transactions on Haptics (ToH)}"}
@string {TIE = "{IEEE Transactions on Industrial Electronics (TIE)}"}
@string {JMR = "{ASME Journal of Mechanisms and Robotics (JMR)}"}
@string {MMT = "{Mechanism and Machine Theory (MMT)}"}
% NLP
@string {TACL = "{Transactions of the Association for Computational Linguistics (TACL)}"}
@string {ACL = "{Annual Meeting of the Association for Computational Linguistics (ACL)}"}
@string {EMNLP = "{Annual Conference on Empirical Methods in Natural Language Processing (EMNLP)}"}
@string {NAACL = "{North American Chapter of the Association for Computational Linguistics: Human Language Technologies (NAACL-HLT)}"}
@string {COLING = "{International Conference on Computational Linguistics (COLING)}"}
@string {CoNLL = "{Conference on Computational Natural Language Learning (CoNLL)}"}
@string {SIGDial = "{Annual Meeting of the Special Interest Group on Discourse and Dialogue (SIGDial)}"}
% Psychology
@string {CogSci = "{Annual Meeting of the Cognitive Science Society (CogSci)}"}
% Graphics
@string {TOG = "{ACM Transactions on Graphics (TOG)}"}
@string {TVCG = "{IEEE Transactions on Visualization and Computer Graph (TVCG)}"}
@string {SCA = "{ACM SIGGRAPH / Eurographics Symposium on Computer Animation (SCA)}"}
@string {ThreeDV = "{International Conference on 3D Vision (3DV)}"}
@string {CGF = "{Computer Graphics Forum}"}
% HCI
@string {CHI = "{ACM Conference on Human Factors in Computing Systems (CHI)}"}
@string {UbiComp = "{ACM on Interactive, Mobile, Wearable and Ubiquitous Technologies}"}
@string {UIST = "{ACM Symposium on User Interface Software and Technology (UIST)}"}
% Others
@string {AAMAS = "{International Conference on Autonomous Agents and Multiagent Systems (AAMAS)}"}
@string {KDD = "{ACM SIGKDD International Conference on Knowledge Discovery and Data Mining (KDD)}"}
