@article{zhang2024human,
  title={Human-level few-shot concept induction through minimax entropy learning},
  author={Zhang, Chi and Jia, Baoxiong and Zhu, Yixin and Zhu, Song-Chun},
  journal={Science Advances},
  volume={10},
  number={16},
  pages={eadg2488},
  year={2024},
  publisher={American Association for the Advancement of Science}
}

@inproceedings{kim2020few,
  title={Few-shot visual reasoning with meta-analogical contrastive learning},
  author={Kim, Youngsung and Shin, Jinwoo and Yang, Eunho and Hwang, Sung Ju},
  booktitle=NIPS,
  year={2020}
}

@inproceedings{jiang2022bongard,
  title={Bongard-hoi: Benchmarking few-shot visual reasoning for human-object interactions},
  author={Jiang, Huaizu and Ma, Xiaojian and Nie, Weili and Yu, Zhiding and Zhu, Yuke and Anandkumar, Anima},
  booktitle=CVPR,
  year={2022}
}

@article{lake2023human,
  title={Human-like systematic generalization through a meta-learning neural network},
  author={Lake, Brenden M and Baroni, Marco},
  journal={Nature},
  volume={623},
  number={7985},
  pages={115--121},
  year={2023},
  publisher={Nature Publishing Group UK London}
}

@inproceedings{xu2023active,
  title={Active Reasoning in an Open-World Environment},
  author={Xu, Manjie and Jiang, Guangyuan and Liang, Wei and Zhang, Chi and Zhu, Yixin},
  booktitle=NIPS,
  year={2023}
}

@inproceedings{xu2023interactive,
  title={Interactive Visual Reasoning under Uncertainty},
  author={Xu, Manjie and Jiang, Guangyuan and Liang, Wei and Zhang, Chi and Zhu, Yixin},
  booktitle=NIPS,
  year={2023}
}

@inproceedings{dai2023x,
  title={X-voe: Measuring explanatory violation of expectation in physical events},
  author={Dai, Bo and Wang, Linge and Jia, Baoxiong and Zhang, Zeyu and Zhu, Song-Chun and Zhang, Chi and Zhu, Yixin},
  booktitle=ICCV,
  year={2023}
}

@article{baillargeon1990top,
  title={Is the top object adequately supported by the bottom object? Young infants' understanding of support relations},
  author={Baillargeon, Renee and Hanko-Summers, Stephanie},
  journal={Cognitive Development},
  volume={5},
  number={1},
  pages={29--53},
  year={1990},
  publisher={Elsevier}
}

@article{needham1993intuitions,
  title={Intuitions about support in 4.5-month-old infants},
  author={Needham, Amy and Baillargeon, Renee},
  journal={Cognition},
  volume={47},
  number={2},
  pages={121--148},
  year={1993},
  publisher={Elsevier}
}

@inproceedings{qi2021learning,
  author={Qi, Haozhi and Wang, Xiaolong and Pathak, Deepak and Ma, Yi and Malik, Jitendra},
  title={Learning Long-term Visual Dynamics with Region Proposal Interaction Networks},
  booktitle=ICLR,
  year={2021}
}

@inproceedings{li2022learning,
  title={On the learning mechanisms in physical reasoning},
  author={Li, Shiqian and Wu, Kewen and Zhang, Chi and Zhu, Yixin},
  booktitle=NIPS,
  year={2022}
}

@inproceedings{wu2022slotformer,
  title={Slotformer: Unsupervised visual dynamics simulation with object-centric models},
  author={Wu, Ziyi and Dvornik, Nikita and Greff, Klaus and Kipf, Thomas and Garg, Animesh},
  booktitle=ICLR,
  year={2023}
}

@article{kubricht2017intuitive,
  title={Intuitive physics: Current research and controversies},
  author={Kubricht, James R and Holyoak, Keith J and Lu, Hongjing},
  journal={Trends in Cognitive Sciences},
  volume={21},
  number={10},
  pages={749--759},
  year={2017},
  publisher={Elsevier}
}

@article{lake2017building,
  title={Building machines that learn and think like people},
  author={Lake, Brenden M and Ullman, Tomer D and Tenenbaum, Joshua B and Gershman, Samuel J},
  journal={Behavioral and brain sciences},
  volume={40},
  pages={e253},
  year={2017},
  publisher={Cambridge University Press}
}

@article{zhu2020dark,
  title={Dark, beyond deep: A paradigm shift to cognitive ai with humanlike common sense},
  author={Zhu, Yixin and Gao, Tao and Fan, Lifeng and Huang, Siyuan and Edmonds, Mark and Liu, Hangxin and Gao, Feng and Zhang, Chi and Qi, Siyuan and Wu, Ying Nian and others},
  journal={Engineering},
  volume={6},
  number={3},
  pages={310--345},
  year={2020},
  publisher={Elsevier}
}

@inproceedings{li2023phyre,
  title={I-phyre: Interactive physical reasoning},
  author={Li, Shiqian and Wu, Kewen and Zhang, Chi and Zhu, Yixin},
  booktitle=ICLR,
  year={2023}
}

@inproceedings{xu2021bayesian,
  title={A bayesian-symbolic approach to reasoning and learning in intuitive physics},
  author={Xu, Kai and Srivastava, Akash and Gutfreund, Dan and Sosa, Felix and Ullman, Tomer and Tenenbaum, Josh and Sutton, Charles},
  booktitle=NIPS,
  year={2021}
}

@article{bonawitz2019sticking,
  title={Sticking to the evidence? A behavioral and computational case study of micro-theory change in the domain of magnetism},
  author={Bonawitz, Elizabeth and Ullman, Tomer D and Bridgers, Sophie and Gopnik, Alison and Tenenbaum, Joshua B},
  journal={Cognitive science},
  volume={43},
  number={8},
  pages={e12765},
  year={2019},
  publisher={Wiley Online Library}
}

@article{spelke2007core,
  title={Core knowledge},
  author={Spelke, Elizabeth S and Kinzler, Katherine D},
  journal={Developmental Science},
  volume={10},
  number={1},
  pages={89--96},
  year={2007},
  publisher={Wiley Online Library}
}

@article{battaglia2013simulation,
  title={Simulation as an engine of physical scene understanding},
  author={Battaglia, Peter W and Hamrick, Jessica B and Tenenbaum, Joshua B},
  journal=PNAS,
  year={2013},
}

@inproceedings{shi2015convolutional,
  title={Convolutional LSTM network: A machine learning approach for precipitation nowcasting},
  author={Shi, Xingjian and Chen, Zhourong and Wang, Hao and Yeung, Dit-Yan and Wong, Wai-Kin and Woo, Wang-chun},
  booktitle=NIPS,
  year={2015}
}

@article{wang2022predrnn,
  title={Predrnn: A recurrent neural network for spatiotemporal predictive learning},
  author={Wang, Yunbo and Wu, Haixu and Zhang, Jianjin and Gao, Zhifeng and Wang, Jianmin and Philip, S Yu and Long, Mingsheng},
  journal=PAMI,
  volume={45},
  number={2},
  pages={2208--2225},
  year={2022},
  publisher={IEEE}
}

@inproceedings{battaglia2016interaction,
  title={Interaction networks for learning about objects, relations and physics},
  author={Battaglia, Peter and Pascanu, Razvan and Lai, Matthew and Jimenez Rezende, Danilo and others},
  booktitle=NIPS,
  year={2016}
}

@inproceedings{chen2018neural,
  title={Neural ordinary differential equations},
  author={Chen, Ricky TQ and Rubanova, Yulia and Bettencourt, Jesse and Duvenaud, David K},
  booktitle=NIPS,
  year={2018}
}

@article{chen2020learning,
  title={Learning neural event functions for ordinary differential equations},
  author={Chen, Ricky TQ and Amos, Brandon and Nickel, Maximilian},
  journal={arXiv preprint arXiv:2011.03902},
  year={2020}
}

@inproceedings{cranmer2020lagrangian,
  title={Lagrangian Neural Networks},
  author={Cranmer, Miles and Greydanus, Sam and Hoyer, Stephan and Battaglia, Peter and Spergel, David and Ho, Shirley},
  booktitle={ICLR Workshop on Integration of Deep Neural Models and Differential Equations},
  year={2020}
}

@inproceedings{greydanus2019hamiltonian,
  title={Hamiltonian neural networks},
  author={Greydanus, Samuel and Dzamba, Misko and Yosinski, Jason},
  booktitle=NIPS,
  year={2019}
}

@inproceedings{zhong2020symplectic,
  title={Symplectic ode-net: Learning hamiltonian dynamics with control},
  author={Zhong, Yaofeng Desmond and Dey, Biswadip and Chakraborty, Amit},
  booktitle=ICLR,
  year={2020}
}

@article{spelke1992origins,
  title={Origins of knowledge},
  author={Spelke, Elizabeth S and Breinlinger, Karen and Macomber, Janet and Jacobson, Kristen},
  journal={Psychological Review},
  volume={99},
  number={4},
  pages={605},
  year={1992},
  publisher={American Psychological Association}
}

@article{ee1987object,
  title={Object permanence in 31 2-and 41 2-month-old infants},
  author={ee Baillargeon, Ren},
  journal={Developmental Psychology},
  volume={23},
  number={5},
  pages={655--664},
  year={1987}
}

@article{hespos2001infants,
  title={Infants' knowledge about occlusion and containment events: A surprising discrepancy},
  author={Hespos, Susan J and Baillargeon, Ren{\'e}e},
  journal={Psychological Science},
  volume={12},
  number={2},
  pages={141--147},
  year={2001},
  publisher={SAGE Publications Sage CA: Los Angeles, CA}
}

@inproceedings{bakhtin2019phyre,
  title={Phyre: A new benchmark for physical reasoning},
  author={Bakhtin, Anton and van der Maaten, Laurens and Johnson, Justin and Gustafson, Laura and Girshick, Ross},
  booktitle=NIPS,
  year={2019}
}

@article{allen2020rapid,
  title={Rapid trial-and-error learning with simulation supports flexible tool use and physical reasoning},
  author={Allen, Kelsey R and Smith, Kevin A and Tenenbaum, Joshua B},
  journal=PNAS,
  volume={117},
  number={47},
  pages={29302--29310},
  year={2020},
  publisher={National Acad Sciences}
}

@article{kang2024far,
  title={How Far is Video Generation from World Model: A Physical Law Perspective},
  author={Kang, Bingyi and Yue, Yang and Lu, Rui and Lin, Zhijie and Zhao, Yang and Wang, Kaixin and Huang, Gao and Feng, Jiashi},
  journal={arXiv preprint arXiv:2411.02385},
  year={2024}
}

@article{lu2021learning,
  title={Learning nonlinear operators via DeepONet based on the universal approximation theorem of operators},
  author={Lu, Lu and Jin, Pengzhan and Pang, Guofei and Zhang, Zhongqiang and Karniadakis, George Em},
  journal={Nature Machine Intelligence},
  volume={3},
  number={3},
  pages={218--229},
  year={2021},
  publisher={Nature Publishing Group UK London}
}

@article{dohare2024loss,
  title={Loss of plasticity in deep continual learning},
  author={Dohare, Shibhansh and Hernandez-Garcia, J Fernando and Lan, Qingfeng and Rahman, Parash and Mahmood, A Rupam and Sutton, Richard S},
  journal={Nature},
  volume={632},
  number={8026},
  pages={768--774},
  year={2024},
  publisher={Nature Publishing Group UK London}
}

@inproceedings{norcliffe2020second,
  title={On second order behaviour in augmented neural odes},
  author={Norcliffe, Alexander and Bodnar, Cristian and Day, Ben and Simidjievski, Nikola and Li{\`o}, Pietro},
  booktitle=NIPS,
  year={2020}
}

@inproceedings{bear2021physion,
  title={Physion: Evaluating physical prediction from vision in humans and machines},
  author={Bear, Daniel M and Wang, Elias and Mrowca, Damian and Binder, Felix J and Tung, Hsiao-Yu Fish and Pramod, RT and Holdaway, Cameron and Tao, Sirui and Smith, Kevin and Sun, Fan-Yun and others},
  booktitle=NIPS,
  year={2021}
}

@article{battaglia2018relational,
  title={Relational inductive biases, deep learning, and graph networks},
  author={Battaglia, Peter W and Hamrick, Jessica B and Bapst, Victor and Sanchez-Gonzalez, Alvaro and Zambaldi, Vinicius and Malinowski, Mateusz and Tacchetti, Andrea and Raposo, David and Santoro, Adam and Faulkner, Ryan and others},
  journal={arXiv preprint arXiv:1806.01261},
  year={2018}
}

@book{spelke2022babies,
  title={What babies know: Core Knowledge and Composition volume 1},
  author={Spelke, Elizabeth},
  volume={1},
  year={2022},
  publisher={Oxford University Press}
}

@book{newton1833philosophiae,
  title={Philosophiae naturalis principia mathematica},
  author={Newton, Isaac},
  volume={1},
  year={1833},
  publisher={G. Brookman}
}

@article{shu2021unified,
  title={A unified psychological space for human perception of physical and social events},
  author={Shu, Tianmin and Peng, Yujia and Zhu, Song-Chun and Lu, Hongjing},
  journal={Cognitive Psychology},
  volume={128},
  pages={101398},
  year={2021},
  publisher={Elsevier}
}

@inproceedings{shu2015joint,
  title={Joint inference of groups, events and human roles in aerial videos},
  author={Shu, Tianmin and Xie, Dan and Rothrock, Brandon and Todorovic, Sinisa and Chun Zhu, Song},
  booktitle=CVPR,
  year={2015}
}

@inproceedings{wei2018and,  
  title={Where and why are they looking? jointly inferring human attention and intentions in complex tasks},
  author={Wei, Ping and Liu, Yang and Shu, Tianmin and Zheng, Nanning and Zhu, Song-Chun},
  booktitle=CVPR,
  year={2018}
}

@inproceedings{netanyahu2024few,
  title={Few-Shot Task Learning through Inverse Generative Modeling},
  author={Netanyahu, Aviv and Du, Yilun and Bronars, Antonia and Pari, Jyothish and Tenenbaum, Joshua and Shu, Tianmin and Agrawal, Pulkit},
  booktitle=NIPS,
  year={2024}
}

@inproceedings{xie2013inferring,
  title={Inferring" dark matter" and" dark energy" from videos},
  author={Xie, Dan and Todorovic, Sinisa and Zhu, Song-Chun},
  booktitle=CVPR,
  year={2013}
}

@article{xie2017learning,
  title={Learning and inferring “dark matter” and predicting human intents and trajectories in videos},
  author={Xie, Dan and Shu, Tianmin and Todorovic, Sinisa and Zhu, Song-Chun},
  journal=PAMI,
  volume={40},
  number={7},
  pages={1639--1652},
  year={2017},
  publisher={IEEE}
}

@inproceedings{wei2017inferring,
  title={Inferring Human Attention by Learning Latent Intentions.},
  author={Wei, Ping and Xie, Dan and Zheng, Nanning and Zhu, Song-Chun and others},
  booktitle=IJCAI,
  year={2017}
}

@article{rein2012rebound,
  title={REBOUND: an open-source multi-purpose N-body code for collisional dynamics},
  author={Rein, Hanno and Liu, S-F},
  journal={Astronomy \& Astrophysics},
  volume={537},
  pages={A128},
  year={2012},
  publisher={EDP Sciences}
}
