@inproceedings{bansal_loos_2019,
  author        = "Bansal, K. and Loos, S. and Rabe, M. and Szegedy, C. and Wilcox, S.",
  title         = "Holist: An environment for machine learning of higher order logic theorem proving",
  booktitle     = "International Conference on Machine Learning",
  pages         = "454--463",
  year          = "2019"
}

@inproceedings{bove_dybjer_norell_2009,
  author        = "Bove, A. and Dybjer, P. and Norell, U.",
  title         = "A Brief Overview of Agda – A Functional Language with Dependent Types",
  booktitle     = "Theorem Proving in Higher Order Logics: 22nd International Conference, TPHOLs 2009",
  pages         = "73--78",
  year          = "2009"
}

@misc{deepmind_2024,
  author        = "Google DeepMind",
  title         = "AI achieves silver-medal standard solving International Mathematical Olympiad problem",
  year          = "2024",
  note          = "\url{https://deepmind.google/discover/blog/ai-solves-imo-problems-at-silver-medal-level/}. Accessed 13 October 2024"
}

@misc{gowers_green_tao_2023,
  author        = "Gowers, W. T. and Green, B. and Manners, F. and Tao, T.",
  title         = "On a conjecture of Marton",
  year          = "2023",
  note          = "arXiv preprint arXiv:2311.05762"
}

@misc{han_pact_2021,
  author        = "Han, J. M. and Rute, J. and Wu, Y. and Ayers, E. W. and Polu, S.",
  title         = "Proof artifact co-training for theorem proving with language models",
  year          = "2021",
  note          = "arXiv preprint arXiv:2102.06203"
}

@misc{huet_kahn_paulin_1997,
  author        = "Huet, G. and Kahn, G. and Paulin-Mohring, C.",
  title         = "The Coq Proof Assistant: A Tutorial",
  year          = "1997",
  note          = "Rapport Technique 178"
}

@misc{moura_ullrich_2021,
  author        = "Moura, L. D. and Ullrich, S.",
  title         = "The Lean 4 Theorem Prover and Programming Language",
  year          = "2021",
  note          = "Paper presented at the 28th International Conference on Automated Deduction, Virtual Event, July 12–15, 2021"
}

@book{paulson_isabelle_1994,
  author        = "Paulson, L. C.",
  address       = "Heidelberg",
  title         = "Isabelle: a generic theorem prover",
  year          = "1994",
  publisher     = "Springer Berlin Heidelberg"
}

@misc{polu_2020,
  author        = "Polu, S.",
  title         = "Generative Language Modeling for Automated Theorem Proving",
  year          = "2020",
  note          = "arXiv preprint arXiv:2009.03393"
}

@article{yang_swope_2023,
  author        = "Yang, K. and Swope, A. and Gu, A. and Chalamala, R. and Song, P. and Yu, S. and Godil, S. and Prenger, R. J. and Anandkumar, A.",
  title         = "Leandojo: Theorem proving with retrieval-augmented language models",
  journal       = "Advances in Neural Information Processing Systems",
  volume        = "36",
  year          = "2023"
}

