@article{kovacs_voronkov_2013,
  author        = "Kovacs, L. and Voronkov, A.",
  title         = "First-Order Theorem Proving and VAMPIRE",
  journal       = "International Conference on Computer Aided Verification",
  volume        = "25",
  number        = "1",
  pages         = "1--35",
  year          = "2013"
}

@article{schulz_2002,
  author        = "Schulz, S.",
  title         = "E–a brainiac theorem prover",
  journal       = "AI Communications",
  volume        = "15",
  number        = "2-3",
  pages         = "111--126",
  year          = "2002"
}

@misc{polu_2020,
  author        = "Polu, S.",
  title         = "Generative Language Modeling for Automated Theorem Proving",
  year          = "2020",
  note          = "arXiv preprint arXiv:2009.03393"
}

@article{lample_2022,
  author        = "Lample, G.",
  title         = "Hypertree proof search for neural theorem proving",
  journal       = "Advances in Neural Information Processing Systems",
  volume        = "35",
  pages         = "26337--26349",
  year          = "2022"
}

@article{yang_swope_2023,
  author        = "Yang, K. and Swope, A. and Gu, A. and Chalamala, R. and Song, P. and Yu, S. and Godil, S. and Prenger, R. J. and Anandkumar, A.",
  title         = "Leandojo: Theorem proving with retrieval-augmented language models",
  journal       = "Advances in Neural Information Processing Systems",
  volume        = "36",
  year          = "2023"
}

@misc{openai_2024,
  author        = "OpenAI",
  title         = "Learning to Reason with LLMs",
  year          = "2024",
  note          = "\url{https://openai.com/index/learning-to-reason-with-llms/}. Accessed 13 October 2024"
}

@misc{moura_ullrich_2021,
  author        = "Moura, L. D. and Ullrich, S.",
  title         = "The Lean 4 Theorem Prover and Programming Language",
  year          = "2021",
  note          = "Paper presented at the 28th International Conference on Automated Deduction, Virtual Event, July 12–15, 2021"
}

@misc{huet_kahn_paulin_1997,
  author        = "Huet, G. and Kahn, G. and Paulin-Mohring, C.",
  title         = "The Coq Proof Assistant: A Tutorial",
  year          = "1997",
  note          = "Rapport Technique 178"
}

@book{gordon_melham_1993,
  author        = "Gordon, M. and Melham, F.",
  title         = "Introduction to HOL: A Theorem Proving Environment for Higher Order Logic",
  address       = "New York",
  publisher     = "Cambridge University Press",
  year          = "1993"
}

@misc{gowers_green_tao_2023,
  author        = "Gowers, W. T. and Green, B. and Manners, F. and Tao, T.",
  title         = "On a conjecture of Marton",
  year          = "2023",
  note          = "arXiv preprint arXiv:2311.05762"
}

@misc{deepmind_2024,
  author        = "Google DeepMind",
  title         = "AI achieves silver-medal standard solving International Mathematical Olympiad problem",
  year          = "2024",
  note          = "\url{https://deepmind.google/discover/blog/ai-solves-imo-problems-at-silver-medal-level/}. Accessed 13 October 2024"
}

@inproceedings{bansal_loos_2019,
  author        = "Bansal, K. and Loos, S. and Rabe, M. and Szegedy, C. and Wilcox, S.",
  title         = "Holist: An environment for machine learning of higher order logic theorem proving",
  booktitle     = "International Conference on Machine Learning",
  pages         = "454--463",
  year          = "2019"
}

@inproceedings{paliwal_loos_2020,
  author        = "Paliwal, A. and Loos, S. and Rabe, M. and Bansal, K. and Szegedy, C.",
  title         = "Graph Representations for Higher-Order Logic and Theorem Proving",
  booktitle     = "Proceedings of the AAAI Conference on Artificial Intelligence",
  volume        = "34",
  number        = "3",
  pages         = "2967--2974",
  year          = "2020"
}

@article{linting_aditya_noah_2022,
  author        = "Linting, X. and Aditya, B. and Noah, C. and Rami, A. and Sharan, N. and Mihir, K. and Adam, R. and Colin, R.",
  title         = "ByT5: Towards a Token-Free Future with Pre-trained Byte-to-Byte Models",
  journal       = "Transactions of the Association for Computational Linguistics",
  volume        = "10",
  pages         = "291--306",
  year          = "2022"
}

@article{chung_scaling_2024,
  author        = "Chung, H. W. and Hou, L. and Longpre, S. and Zoph, B. and Tay, Y. and Fedus, W. and Li, Y. and Wang, X. and Dehghani, M. and Brahma, S. and Webson, A.",
  title         = "Scaling Instruction-Finetuned Language Models",
  journal       = "Journal of Machine Learning Research",
  volume        = "25",
  number        = "70",
  pages         = "1--35",
  year          = "2024"
}

@inproceedings{bove_dybjer_norell_2009,
  author        = "Bove, A. and Dybjer, P. and Norell, U.",
  title         = "A Brief Overview of Agda – A Functional Language with Dependent Types",
  booktitle     = "Theorem Proving in Higher Order Logics: 22nd International Conference, TPHOLs 2009",
  pages         = "73--78",
  year          = "2009"
}

@misc{black_gpt_2021,
  author        = "Black, S. and Gao, L. and Wang, P. and Leahy, C. and Biderman, S.",
  title         = "Gpt-neo: Large scale autoregressive language modeling with mesh-tensorflow",
  year          = "2021",
  note          = "58(2)"
}

@inproceedings{chen_kornblith_hinton_2020,
  author        = "Chen, T. and Kornblith, S. and Norouzi, M. and Hinton, G.",
  title         = "A Simple Framework for Contrastive Learning of Visual Representations",
  booktitle     = "International Conference on Machine Learning",
  pages         = "1597--1607",
  year          = "2020"
}

@misc{douze_faiss_2024,
  author        = "Douze, M. and Guzhva, A. and Deng, C. and Johnson, J. and Szilvasy, G. and Mazaré, P. E. and Lomeli, M. and Hosseini, L. and Jégou, H.",
  title         = "The faiss library",
  year          = "2024",
  note          = "arXiv preprint arXiv:2401.08281"
}

@misc{shibata_byte_pair_1999,
  author        = "Shibata, Y. and Kida, T. and Fukamachi, S. and Takeda, M. and Shinohara, A. and Shinohara, T. and Arikawa, S.",
  title         = "Byte pair encoding: a text compression scheme that accelerates pattern matching",
  year          = "1999"
}

@book{paulson_isabelle_1994,
  author        = "Paulson, L. C.",
  address       = "Heidelberg",
  title         = "Isabelle: a generic theorem prover",
  year          = "1994",
  publisher     = "Springer Berlin Heidelberg"
}

@misc{zheng_minif2f_2021,
  author        = "Zheng, K. and Han, J.M. and Polu, S.",
  title         = "Minif2f: a cross-system benchmark for formal olympiad-level mathematics",
  year          = "2021",
  note          = "arXiv preprint arXiv:2109.00110"
}

@misc{avigad_2020,
  author        = "Avigad, J. and Buzzard, K. and Lewis, R. Y. and Massot, P.",
  title         = "Mathematics in Lean",
  year          = "2020",
  note          = "\url{https://leanprover-community.github.io/mathematics_in_lean/mathematics_in_lean.pdf. }"
}

@inproceedings{xue_byt5_2022,
  author        = "Xue, L. and Barua, A. and Constant, N. and Al-Rfou, R. and Narang, S. and Kale, M. and Roberts, A. and Raffel, C.",
  title         = "Byt5: Towards a token-free future with pre-trained byte-to-byte models",
  booktitle     = "International Conference on Machine Learning",
  pages         = "1597--1607",
  year          = "2020"
}

@misc{han_pact_2021,
  author        = "Han, J. M. and Rute, J. and Wu, Y. and Ayers, E. W. and Polu, S.",
  title         = "Proof artifact co-training for theorem proving with language models",
  year          = "2021",
  note          = "arXiv preprint arXiv:2102.06203"
}

@misc{kaplan_scaling_2020,
  author        = "Kaplan, J. and McCandlish, S. and Henighan, T. and Brown, T.B. and Chess, B. and Child, R. and Gray, S. and Radford, A. and Wu, J. and Amodei, D.",
  title         = "Scaling laws for neural language models",
  year          = "2020",
  note          = "arXiv preprint arXiv:2001.08361"
}

@misc{touvron_llama_2023,
  author        = "Touvron, H. and Lavril, T. and Izacard, G. and Martinet, X. and Lachaux, M.A. and Lacroix, T. and Rozière, B. and Goyal, N. and Hambro, E. and Azhar, F. and Rodriguez, A.",
  title         = "Llama: Open and efficient foundation language models",
  year          = "2023",
  note          = "arXiv preprint arXiv:2302.13971"
}