@inproceedings{bai2018neural,
  title={Neural relational topic models for scientific article analysis},
  author={Bai, Haoli and Chen, Zhuangbin and Lyu, Michael R and King, Irwin and Xu, Zenglin},
  booktitle={Proceedings of the 27th ACM International Conference on Information and Knowledge Management},
  pages={27--36},
  year={2018}
}

@inproceedings{bardes2022vicreg,
  title={VICReg: Variance-Invariance-Covariance Regularization For Self-Supervised Learning},
  author={Bardes, Adrien and Ponce, Jean and Lecun, Yann},
  booktitle={Proceedings of the 10th International Conference on Learning Representations},
  year={2022}
}

@article{blei2003latent,
  title={Latent dirichlet allocation},
  author={Blei, David M and Ng, Andrew Y and Jordan, Michael I},
  journal={Journal of Machine Learning Research},
  volume={3},
  number={1},
  pages={993--1022},
  year={2003}
}

@inproceedings{card2018neural,
  title={Neural Models for Documents with Metadata},
  author={Card, Dallas and Tan, Chenhao and Smith, Noah A},
  booktitle={Proceedings of the 56th Annual Meeting of the Association for Computational Linguistics (Volume 1: Long Papers)},
  pages={2031--2040},
  year={2018}
}

@inproceedings{devlin2019bert,
  title={BERT: Pre-training of Deep Bidirectional Transformers for Language Understanding},
  author={Devlin, Jacob and Chang, Ming-Wei and Lee, Kenton and Toutanova, Kristina},
  booktitle={Proceedings of the 2019 Conference of the North American Chapter of the Association for Computational Linguistics: Human Language Technologies, Volume 1 (Long and Short Papers)},
  pages={4171--4186},
  year={2019}
}

@inproceedings{han2023unified,
  title={Unified neural topic model via contrastive learning and term weighting},
  author={Han, Sungwon and Shin, Mingi and Park, Sungkyu and Jung, Changwook and Cha, Meeyoung},
  booktitle={Proceedings of the 17th Conference of the European Chapter of the Association for Computational Linguistics},
  pages={1802--1817},
  year={2023}
}

@inproceedings{hoyle2020improving,
  title={Improving Neural Topic Models using Knowledge Distillation},
  author={Hoyle, Alexander Miserlis and Goel, Pranav and Resnik, Philip},
  booktitle={Proceedings of the 2020 Conference on Empirical Methods in Natural Language Processing},
  year={2020},
  pages = {1752--1771}
}

@article{nguyen2021contrastive,
  title={Contrastive learning for neural topic model},
  author={Nguyen, Thong and Luu, Anh Tuan},
  journal={Advances in Neural Information Processing Systems},
  volume={34},
  pages={11974--11986},
  year={2021}
}

@inproceedings{srivastava2017autoencoding,
  title={Autoencoding Variational Inference for Topic Models},
  author={Srivastava, Akash and Sutton, Charles},
  booktitle={Proceedings of the 5th International Conference on Learning Representations},
  year={2017}
}

@inproceedings{tang2024beyond,
  title={Beyond Labels and Topics: Discovering Causal Relationships in Neural Topic Modeling},
  author={Tang, Yi-Kun and Huang, Heyan and Shi, Xuewen and Mao, Xian-Ling},
  booktitle={Proceedings of the ACM on Web Conference 2024},
  pages={4460--4469},
  year={2024}
}

@inproceedings{wang2021extracting,
  title={Extracting topics with simultaneous word co-occurrence and semantic correlation graphs: neural topic modeling for short texts},
  author={Wang, Yiming and Li, Ximing and Zhou, Xiaotang and Ouyang, Jihong},
  booktitle={Findings of the Association for Computational Linguistics: EMNLP 2021},
  pages={18--27},
  year={2021}
}

@inproceedings{wang2021layer,
  title={Layer-Assisted Neural Topic Modeling over Document Networks.},
  author={Wang, Yiming and Li, Ximing and Ouyang, Jihong},
  booktitle = {Proceedings of the 30th International Joint Conference on
               Artificial Intelligence},
  pages={3148--3154},
  year={2021}
}

@inproceedings{welling2014auto,
  title={Auto-encoding variational bayes},
  author={Welling, Max and Kingma, Diederik P},
  booktitle={Proceedings of the 2nd International Conference on Learning Representations},
  year={2014}
}

@inproceedings{wu2022mitigating,
  title={Mitigating Data Sparsity for Short Text Topic Modeling by Topic-Semantic Contrastive Learning},
  author={Wu, Xiaobao and Luu, Anh Tuan and Dong, Xinshuai},
  booktitle={Proceedings of the 2022 Conference on Empirical Methods in Natural Language Processing},
  pages={2748--2760},
  year={2022}
}

@inproceedings{wu2023effective,
    title={Effective neural topic modeling with embedding clustering regularization},
    author={Wu, Xiaobao and Dong, Xinshuai and Nguyen, Thong and Luu, Anh Tuan},
    booktitle={Proceedings of the 40th International Conference on Machine Learning},
    pages={37335--37357},
    year={2023},
}

@inproceedings{zbontar2021barlow,
  title={Barlow twins: Self-supervised learning via redundancy reduction},
  author={Zbontar, Jure and Jing, Li and Misra, Ishan and LeCun, Yann and Deny, St{\'e}phane},
  booktitle={Proceedings of the 38th International Conference on Machine Learning},
  pages={12310--12320},
  year={2021},
}

@article{zhang2022meta,
  title={Meta-complementing the semantics of short texts in neural topic models},
  author={Zhang, Delvin Ce and Lauw, Hady},
  journal={Advances in Neural Information Processing Systems},
  volume={35},
  pages={29498--29511},
  year={2022}
}

