
@article{blei2003latent,
  title={Latent dirichlet allocation},
  author={Blei, David M and Ng, Andrew Y and Jordan, Michael I},
  journal={Journal of Machine Learning Research},
  volume={3},
  number={1},
  pages={993--1022},
  year={2003}
}
@article{dieng2020topic,
  title={Topic modeling in embedding spaces},
  author={Dieng, Adji B and Ruiz, Francisco JR and Blei, David M},
  journal={Transactions of the Association for Computational Linguistics},
  volume={8},
  pages={439--453},
  year={2020},
  publisher={MIT Press}
}
@article{mcauliffe2007supervised,
  title={Supervised topic models},
  author={Mcauliffe, Jon and Blei, David},
  journal={Advances in Neural Information Processing Systems},
  volume={20},
  pages={1280--1287},
  year={2007}
}
@inproceedings{bardes2022vicreg,
  title={VICReg: Variance-Invariance-Covariance Regularization For Self-Supervised Learning},
  author={Bardes, Adrien and Ponce, Jean and Lecun, Yann},
  booktitle={Proceedings of the 10th International Conference on Learning Representations},
  year={2022}
}
@inproceedings{zbontar2021barlow,
  title={Barlow twins: Self-supervised learning via redundancy reduction},
  author={Zbontar, Jure and Jing, Li and Misra, Ishan and LeCun, Yann and Deny, St{\'e}phane},
  booktitle={Proceedings of the 38th International Conference on Machine Learning},
  pages={12310--12320},
  year={2021},
}
@inproceedings{ijcai2021p638,
  title={Topic Modelling Meets Deep Neural Networks: A Survey},
  author={Zhao, He and Phung, Dinh and Huynh, Viet and Jin, Yuan and Du, Lan and Buntine, Wray},
  booktitle={Proceedings of the 30th International Joint Conference on Artificial Intelligence},
  pages={4713--4720},
  year={2021},
  month={8}
}
@article{nguyen2021contrastive,
  title={Contrastive learning for neural topic model},
  author={Nguyen, Thong and Luu, Anh Tuan},
  journal={Advances in Neural Information Processing Systems},
  volume={34},
  pages={11974--11986},
  year={2021}
}
@inproceedings{card2018neural,
  title={Neural Models for Documents with Metadata},
  author={Card, Dallas and Tan, Chenhao and Smith, Noah A},
  booktitle={Proceedings of the 56th Annual Meeting of the Association for Computational Linguistics (Volume 1: Long Papers)},
  pages={2031--2040},
  year={2018}
}
@inproceedings{srivastava2017autoencoding,
  title={Autoencoding Variational Inference for Topic Models},
  author={Srivastava, Akash and Sutton, Charles},
  booktitle={Proceedings of the 5th International Conference on Learning Representations},
  year={2017}
}
@inproceedings{hoyle2020improving,
  title={Improving Neural Topic Models using Knowledge Distillation},
  author={Hoyle, Alexander Miserlis and Goel, Pranav and Resnik, Philip},
  booktitle={Proceedings of the 2020 Conference on Empirical Methods in Natural Language Processing},
  year={2020},
  pages = {1752--1771}
}
@inproceedings{welling2014auto,
  title={Auto-encoding variational bayes},
  author={Welling, Max and Kingma, Diederik P},
  booktitle={Proceedings of the 2nd International Conference on Learning Representations},
  year={2014}
}
@inproceedings{miao2017discovering,
  title={Discovering discrete latent topics with neural variational inference},
  author={Miao, Yishu and Grefenstette, Edward and Blunsom, Phil},
  booktitle={Proceedings of the 34th International Conference on Machine Learning},
  pages={2410--2419},
  year={2017}
}
@inproceedings{devlin2019bert,
  title={BERT: Pre-training of Deep Bidirectional Transformers for Language Understanding},
  author={Devlin, Jacob and Chang, Ming-Wei and Lee, Kenton and Toutanova, Kristina},
  booktitle={Proceedings of the 2019 Conference of the North American Chapter of the Association for Computational Linguistics: Human Language Technologies, Volume 1 (Long and Short Papers)},
  pages={4171--4186},
  year={2019}
}
@inproceedings{lang1995newsweeder,
  title={Newsweeder: Learning to filter netnews},
  author={Lang, Ken},
  booktitle = {Proceedings of the 12th International Conference on International Conference on Machine Learning},
  pages={331--339},
  year={1995},
}
@inproceedings{merity2017pointer,
  title={Pointer Sentinel Mixture Models},
  author={Stephen Merity and Caiming Xiong and James Bradbury and Richard Socher},
  booktitle={Proceedings of the 5th International Conference on Learning Representations},
  year={2017}
}
@inproceedings{maas2011learning,
  title={Learning word vectors for sentiment analysis},
  author={Maas, Andrew and Daly, Raymond E and Pham, Peter T and Huang, Dan and Ng, Andrew Y and Potts, Christopher},
  booktitle={Proceedings of the 49th Annual Meeting of the Association for Computational Linguistics: Human Language Technologies},
  pages={142--150},
  year={2011}
}
@inproceedings{lau2014machine,
  title={Machine reading tea leaves: Automatically evaluating topic coherence and topic model quality},
  author={Lau, Jey Han and Newman, David and Baldwin, Timothy},
  booktitle={Proceedings of the 14th Conference of the European Chapter of the Association for Computational Linguistics},
  pages={530--539},
  year={2014}
}
@inproceedings{akiba2019optuna,
  title={Optuna: A next-generation hyperparameter optimization framework},
  author={Akiba, Takuya and Sano, Shotaro and Yanase, Toshihiko and Ohta, Takeru and Koyama, Masanori},
  booktitle={Proceedings of the 25th ACM SIGKDD International Conference on Knowledge Discovery \& Data Mining},
  pages={2623--2631},
  year={2019}
}
@inproceedings{bianchi2021pre,
  title={Pre-training is a Hot Topic: Contextualized Document Embeddings Improve Topic Coherence},
  author={Bianchi, Federico and Terragni, Silvia and Hovy, Dirk},
  booktitle={Proceedings of the 59th Annual Meeting of the Association for Computational Linguistics and the 11th International Joint Conference on Natural Language Processing (Volume 2: Short Papers)},
  pages={759--766},
  year={2021}
}
@inproceedings{terragni2021word,
  title={Word embedding-based topic similarity measures},
  author={Terragni, Silvia and Fersini, Elisabetta and Messina, Enza},
  booktitle="Natural Language Processing and Information Systems",
  year="2021",
  pages="33--45",
}
@article{blei2012probabilistic,
  title={Probabilistic topic models},
  author={Blei, David M},
  journal={Communications of the ACM},
  volume={55},
  number={4},
  pages={77--84},
  year={2012},
  publisher={ACM New York, NY, USA}
}
@inproceedings{Suzuki_2022_CVPR,
    author    = {Suzuki, Teppei},
    title     = {TeachAugment: Data Augmentation Optimization Using Teacher Knowledge},
    booktitle = {Proceedings of the IEEE/CVF Conference on Computer Vision and Pattern Recognition},
    month     = {June},
    year      = {2022},
    pages     = {10904-10914}
}
@inproceedings{wu2023effective,
    title={Effective neural topic modeling with embedding clustering regularization},
    author={Wu, Xiaobao and Dong, Xinshuai and Nguyen, Thong and Luu, Anh Tuan},
    booktitle={Proceedings of the 40th International Conference on Machine Learning},
    pages={37335--37357},
    year={2023},
}
@inproceedings{bai2018neural,
  title={Neural relational topic models for scientific article analysis},
  author={Bai, Haoli and Chen, Zhuangbin and Lyu, Michael R and King, Irwin and Xu, Zenglin},
  booktitle={Proceedings of the 27th ACM International Conference on Information and Knowledge Management},
  pages={27--36},
  year={2018}
}
@inproceedings{wang2021layer,
  title={Layer-Assisted Neural Topic Modeling over Document Networks.},
  author={Wang, Yiming and Li, Ximing and Ouyang, Jihong},
  booktitle = {Proceedings of the 30th International Joint Conference on
               Artificial Intelligence},
  pages={3148--3154},
  year={2021}
}
@inproceedings{wang2021extracting,
  title={Extracting topics with simultaneous word co-occurrence and semantic correlation graphs: neural topic modeling for short texts},
  author={Wang, Yiming and Li, Ximing and Zhou, Xiaotang and Ouyang, Jihong},
  booktitle={Findings of the Association for Computational Linguistics: EMNLP 2021},
  pages={18--27},
  year={2021}
}
@inproceedings{tang2024beyond,
  title={Beyond Labels and Topics: Discovering Causal Relationships in Neural Topic Modeling},
  author={Tang, Yi-Kun and Huang, Heyan and Shi, Xuewen and Mao, Xian-Ling},
  booktitle={Proceedings of the ACM on Web Conference 2024},
  pages={4460--4469},
  year={2024}
}
@inproceedings{han2023unified,
  title={Unified neural topic model via contrastive learning and term weighting},
  author={Han, Sungwon and Shin, Mingi and Park, Sungkyu and Jung, Changwook and Cha, Meeyoung},
  booktitle={Proceedings of the 17th Conference of the European Chapter of the Association for Computational Linguistics},
  pages={1802--1817},
  year={2023}
}
@inproceedings{wu2022mitigating,
  title={Mitigating Data Sparsity for Short Text Topic Modeling by Topic-Semantic Contrastive Learning},
  author={Wu, Xiaobao and Luu, Anh Tuan and Dong, Xinshuai},
  booktitle={Proceedings of the 2022 Conference on Empirical Methods in Natural Language Processing},
  pages={2748--2760},
  year={2022}
}
@article{zhang2022meta,
  title={Meta-complementing the semantics of short texts in neural topic models},
  author={Zhang, Delvin Ce and Lauw, Hady},
  journal={Advances in Neural Information Processing Systems},
  volume={35},
  pages={29498--29511},
  year={2022}
}
@article{wu2024survey,
  title={A survey on neural topic models: methods, applications, and challenges},
  author={Wu, Xiaobao and Nguyen, Thong and Luu, Anh Tuan},
  journal={Artificial Intelligence Review},
  volume={57},
  number={2},
  pages={18},
  year={2024},
  publisher={Springer}
}