@article{al2022image,
  title={Image captioning with novel topics guidance and retrieval-based topics re-weighting},
  author={Al-Qatf, Majjed and Wang, Xingfu and Hawbani, Ammar and Abdusallam, Amr and Alsamhi, Saeed Hammod},
  journal={IEEE Transactions on Multimedia},
  year={2022},
  publisher={IEEE}
}

@article{alayrac2022flamingo,
  title={Flamingo: a visual language model for few-shot learning},
  author={Alayrac, Jean-Baptiste and Donahue, Jeff and Luc, Pauline and Miech, Antoine and Barr, Iain and Hasson, Yana and Lenc, Karel and Mensch, Arthur and Millican, Katherine and Reynolds, Malcolm and others},
  journal={Conference on Neural Information Processing Systems},
  volume={35},
  pages={23716--23736},
  year={2022}
}

@inproceedings{anderson2016spice,
  title={Spice: Semantic propositional image caption evaluation},
  author={Anderson, Peter and Fernando, Basura and Johnson, Mark and Gould, Stephen},
  booktitle={European Conference on Computer Vision},
  pages={382--398},
  year={2016},
  organization={Springer}
}

@inproceedings{bahdanau2015neural,
  title={Neural machine translation by jointly learning to align and translate},
  author={Bahdanau, Dzmitry and Cho, Kyung Hyun and Bengio, Yoshua},
  booktitle={International Conference on Learning Representations},
  year={2015}
}

@inproceedings{bao2021beit,
  title={BEiT: BERT Pre-Training of Image Transformers},
  author={Bao, Hangbo and Dong, Li and Piao, Songhao and Wei, Furu},
  booktitle={International Conference on Learning Representations},
  year={2021}
}

@article{brown2020language,
  title={Language models are few-shot learners},
  author={Brown, Tom and Mann, Benjamin and Ryder, Nick and Subbiah, Melanie and Kaplan, Jared D and Dhariwal, Prafulla and Neelakantan, Arvind and Shyam, Pranav and Sastry, Girish and Askell, Amanda and others},
  journal={Conference on Neural Information Processing Systems},
  volume={33},
  pages={1877--1901},
  year={2020}
}

@inproceedings{chen2021pre,
  title={Pre-trained image processing transformer},
  author={Chen, Hanting and Wang, Yunhe and Guo, Tianyu and Xu, Chang and Deng, Yiping and Liu, Zhenhua and Ma, Siwei and Xu, Chunjing and Xu, Chao and Gao, Wen},
  booktitle={Conference on Computer Vision and Pattern Recognition},
  pages={12299--12310},
  year={2021}
}

@article{chen2022adaptformer,
  title={Adaptformer: Adapting vision transformers for scalable visual recognition},
  author={Chen, Shoufa and Ge, Chongjian and Tong, Zhan and Wang, Jiangliu and Song, Yibing and Wang, Jue and Luo, Ping},
  journal={Conference on Neural Information Processing Systems},
  volume={35},
  pages={16664--16678},
  year={2022}
}

@inproceedings{devlin2019bert,
  title={BERT: Pre-training of Deep Bidirectional Transformers for Language Understanding},
  author={Devlin, Jacob and Chang, Ming-Wei and Lee, Kenton and Toutanova, Kristina},
  booktitle={Proceedings of the Conference of the North American Chapter of the Association for Computational Linguistics},
  pages={4171--4186},
  year={2019}
}

@inproceedings{dosovitskiy2020image,
  title={An Image is Worth 16x16 Words: Transformers for Image Recognition at Scale},
  author={Dosovitskiy, Alexey and Beyer, Lucas and Kolesnikov, Alexander and Weissenborn, Dirk and Zhai, Xiaohua and Unterthiner, Thomas and Dehghani, Mostafa and Minderer, Matthias and Heigold, Georg and Gelly, Sylvain and others},
  booktitle={International Conference on Learning Representations},
  year={2020}
}

@inproceedings{elsken2020meta,
  title={Meta-learning of neural architectures for few-shot learning},
  author={Elsken, Thomas and Staffler, Benedikt and Metzen, Jan Hendrik and Hutter, Frank},
  booktitle={Conference on Computer Vision and Pattern Recognition},
  pages={12365--12375},
  year={2020}
}

@article{feng2024towards,
  title={Towards revealing the mystery behind chain of thought: a theoretical perspective},
  author={Feng, Guhao and Zhang, Bohang and Gu, Yuntian and Ye, Haotian and He, Di and Wang, Liwei},
  journal={Conference on Neural Information Processing Systems},
  volume={36},
  year={2024}
}

@inproceedings{finn2017model,
  title={Model-agnostic meta-learning for fast adaptation of deep networks},
  author={Finn, Chelsea and Abbeel, Pieter and Levine, Sergey},
  booktitle={International Conference on Machine Learning},
  pages={1126--1135},
  year={2017},
  organization={PMLR}
}

@inproceedings{gao2021making,
  title={Making Pre-trained Language Models Better Few-shot Learners},
  author={Gao, Tianyu and Fisch, Adam and Chen, Danqi},
  booktitle={The Joint Conference of the Annual Meeting of the Association for Computational Linguistics and the International Joint Conference on Natural Language Processing},
  pages={3816--3830},
  year={2021}
}

@article{ghojogh2020attention,
  title={Attention mechanism, transformers, BERT, and GPT: tutorial and survey},
  author={Ghojogh, Benyamin and Ghodsi, Ali},
  year={2020},
  publisher={OSF Preprints}
}

@inproceedings{girshick2015fast,
  title={Fast r-cnn},
  author={Girshick, Ross},
  booktitle={International Conference on Computer Vision},
  pages={1440--1448},
  year={2015}
}

@inproceedings{grant2018recasting,
  title={Recasting Gradient-Based Meta-Learning as Hierarchical Bayes},
  author={Grant, Erin and Finn, Chelsea and Levine, Sergey and Darrell, Trevor and Griffiths, Thomas},
  booktitle={International Conference on Learning Representations},
  year={2018}
}

@inproceedings{he2022masked,
  title={Masked autoencoders are scalable vision learners},
  author={He, Kaiming and Chen, Xinlei and Xie, Saining and Li, Yanghao and Doll{\'a}r, Piotr and Girshick, Ross},
  booktitle={Conference on Computer Vision and Pattern Recognition},
  pages={16000--16009},
  year={2022}
}

@article{hochreiter1997long,
  title={Long short-term memory},
  author={Hochreiter, Sepp and Schmidhuber, J{\"u}rgen},
  journal={Neural Computation},
  volume={9},
  number={8},
  pages={1735--1780},
  year={1997},
  publisher={MIT press}
}

@inproceedings{huang20213d,
  title={3D-metaconnet: meta-learning for 3D shape classification and segmentation},
  author={Huang, Hao and Li, Xiang and Wang, Lingjing and Fang, Yi},
  booktitle={International Conference on 3D Vision},
  pages={982--991},
  year={2021},
  organization={IEEE}
}

@inproceedings{huang2023inner,
  title={Inner Monologue: Embodied Reasoning through Planning with Language Models},
  author={Huang, Wenlong and Xia, Fei and Xiao, Ted and Chan, Harris and Liang, Jacky and Florence, Pete and Zeng, Andy and Tompson, Jonathan and Mordatch, Igor and Chebotar, Yevgen and others},
  booktitle={Conference on Robot Learning},
  pages={1769--1782},
  year={2023},
  organization={PMLR}
}

@inproceedings{jin2022good,
  title={A Good Prompt Is Worth Millions of Parameters: Low-resource Prompt-based Learning for Vision-Language Models},
  author={Jin, Woojeong and Cheng, Yu and Shen, Yelong and Chen, Weizhu and Ren, Xiang},
  booktitle={Proceedings of the Annual Meeting of the Association for Computational Linguistics},
  pages={2763--2775},
  year={2022}
}

@article{lang2023base,
  title={Base and meta: A new perspective on few-shot segmentation},
  author={Lang, Chunbo and Cheng, Gong and Tu, Binfei and Li, Chao and Han, Junwei},
  journal={IEEE Transactions on Pattern Analysis and Machine Intelligence},
  year={2023},
  publisher={IEEE}
}

@inproceedings{lester2021power,
  title={The Power of Scale for Parameter-Efficient Prompt Tuning},
  author={Lester, Brian and Al-Rfou, Rami and Constant, Noah},
  booktitle={Proceedings of the 2021 Conference on Empirical Methods in Natural Language Processing},
  pages={3045--3059},
  year={2021}
}

@inproceedings{li2020oscar,
  title={Oscar: Object-semantics aligned pre-training for vision-language tasks},
  author={Li, Xiujun and Yin, Xi and Li, Chunyuan and Zhang, Pengchuan and Hu, Xiaowei and Zhang, Lei and Wang, Lijuan and Hu, Houdong and Dong, Li and Wei, Furu and others},
  booktitle={European Conference on Computer Vision},
  pages={121--137},
  year={2020},
  organization={Springer}
}

@inproceedings{li2022blip,
  title={Blip: Bootstrapping language-image pre-training for unified vision-language understanding and generation},
  author={Li, Junnan and Li, Dongxu and Xiong, Caiming and Hoi, Steven},
  booktitle={International Conference on Machine Learning},
  pages={12888--12900},
  year={2022},
  organization={PMLR}
}

@inproceedings{li2023blip,
  title={Blip-2: Bootstrapping language-image pre-training with frozen image encoders and large language models},
  author={Li, Junnan and Li, Dongxu and Savarese, Silvio and Hoi, Steven},
  booktitle={International Conference on Machine Learning},
  pages={19730--19742},
  year={2023},
  organization={PMLR}
}

@inproceedings{liu2021swin,
  title={Swin transformer: Hierarchical vision transformer using shifted windows},
  author={Liu, Ze and Lin, Yutong and Cao, Yue and Hu, Han and Wei, Yixuan and Zhang, Zheng and Lin, Stephen and Guo, Baining},
  booktitle={International Conference on Computer Vision},
  pages={10012--10022},
  year={2021}
}

@article{lu2022learn,
  title={Learn to explain: Multimodal reasoning via thought chains for science question answering},
  author={Lu, Pan and Mishra, Swaroop and Xia, Tanglin and Qiu, Liang and Chang, Kai-Wei and Zhu, Song-Chun and Tafjord, Oyvind and Clark, Peter and Kalyan, Ashwin},
  journal={Conference on Neural Information Processing Systems},
  volume={35},
  pages={2507--2521},
  year={2022}
}

@inproceedings{luo2022tuning,
  title={I-tuning: Tuning frozen language models with image for lightweight image captioning},
  author={Luo, Ziyang and Hu, Zhipeng and Xi, Yadong and Zhang, Rongsheng and Ma, Jing},
  booktitle={IEEE International Conference on Acoustics, Speech and Signal Processing},
  pages={1--5},
  year={2023},
  organization={IEEE}
}

@inproceedings{mishra2018simple,
  title={A Simple Neural Attentive Meta-Learner},
  author={Mishra, Nikhil and Rohaninejad, Mostafa and Chen, Xi and Abbeel, Pieter},
  booktitle={International Conference on Learning Representations},
  year={2018}
}

@article{mokady2021clipcap,
  title={Clipcap: Clip prefix for image captioning},
  author={Mokady, Ron and Hertz, Amir and Bermano, Amit H},
  journal={arXiv preprint arXiv:2111.09734},
  year={2021}
}

@article{mu2024embodiedgpt,
  title={Embodiedgpt: Vision-language pre-training via embodied chain of thought},
  author={Mu, Yao and Zhang, Qinglong and Hu, Mengkang and Wang, Wenhai and Ding, Mingyu and Jin, Jun and Wang, Bin and Dai, Jifeng and Qiao, Yu and Luo, Ping},
  journal={Conference on Neural Information Processing Systems},
  volume={36},
  year={2024}
}

@inproceedings{munkhdalai2017meta,
  title={Meta networks},
  author={Munkhdalai, Tsendsuren and Yu, Hong},
  booktitle={International Conference on Machine Learning},
  pages={2554--2563},
  year={2017},
  organization={PMLR}
}

@inproceedings{munkhdalai2018rapid,
  title={Rapid adaptation with conditionally shifted neurons},
  author={Munkhdalai, Tsendsuren and Yuan, Xingdi and Mehri, Soroush and Trischler, Adam},
  booktitle={International Conference on Machine Learning},
  pages={3664--3673},
  year={2018},
  organization={PMLR}
}

@inproceedings{najdenkoska2022meta,
  title={Meta Learning to Bridge Vision and Language Models for Multimodal Few-Shot Learning},
  author={Najdenkoska, Ivona and Zhen, Xiantong and Worring, Marcel},
  booktitle={International Conference on Learning Representations},
  year={2022}
}

@misc{openai2023chatgpt,
    author={{OpenAI}},
    title={Introducing ChatGPT},
    year={2023},
    howpublished = {\url{https://openai.com/blog/chatgpt}},
    note={[Online; accessed 2-August-2023]}
}

@article{openai2023gpt4,
  title={GPT-4 Technical Report},
  author={OpenAI},
  journal={arXiv preprint arXiv:2303.08774},
  year={2023}
}

@inproceedings{pan2020x,
  title={X-linear attention networks for image captioning},
  author={Pan, Yingwei and Yao, Ting and Li, Yehao and Mei, Tao},
  booktitle={Conference on Computer Vision and Pattern Recognition},
  pages={10971--10980},
  year={2020}
}

@inproceedings{petroni2019language,
  title={Language Models as Knowledge Bases?},
  author={Petroni, Fabio and Rockt{\"a}schel, Tim and Riedel, Sebastian and Lewis, Patrick and Bakhtin, Anton and Wu, Yuxiang and Miller, Alexander},
  booktitle={Proceedings of the Conference on Empirical Methods in Natural Language Processing and the International Joint Conference on Natural Language Processing},
  pages={2463--2473},
  year={2019}
}

@article{radford2019language,
  title={Language models are unsupervised multitask learners},
  author={Radford, Alec and Wu, Jeffrey and Child, Rewon and Luan, David and Amodei, Dario and Sutskever, Ilya and others},
  journal={OpenAI blog},
  volume={1},
  number={8},
  pages={9},
  year={2019}
}

@inproceedings{radford2021learning,
  title={Learning transferable visual models from natural language supervision},
  author={Radford, Alec and Kim, Jong Wook and Hallacy, Chris and Ramesh, Aditya and Goh, Gabriel and Agarwal, Sandhini and Sastry, Girish and Askell, Amanda and Mishkin, Pamela and Clark, Jack and others},
  booktitle={International Conference on Machine Learning},
  pages={8748--8763},
  year={2021},
  organization={PMLR}
}

@inproceedings{ramesh2021zero,
  title={Zero-shot text-to-image generation},
  author={Ramesh, Aditya and Pavlov, Mikhail and Goh, Gabriel and Gray, Scott and Voss, Chelsea and Radford, Alec and Chen, Mark and Sutskever, Ilya},
  booktitle={International Conference on Machine Learning},
  pages={8821--8831},
  year={2021},
  organization={PMLR}
}

@inproceedings{ramos2023smallcap,
  title={Smallcap: lightweight image captioning prompted with retrieval augmentation},
  author={Ramos, Rita and Martins, Bruno and Elliott, Desmond and Kementchedjhieva, Yova},
  booktitle={Conference on Computer Vision and Pattern Recognition},
  pages={2840--2849},
  year={2023}
}

@inproceedings{ravi2016optimization,
  title={Optimization as a model for few-shot learning},
  author={Ravi, Sachin and Larochelle, Hugo},
  booktitle={International Conference on Learning Representations},
  year={2016}
}

@inproceedings{santoro2016meta,
  title={Meta-learning with memory-augmented neural networks},
  author={Santoro, Adam and Bartunov, Sergey and Botvinick, Matthew and Wierstra, Daan and Lillicrap, Timothy},
  booktitle={International Conference on Machine Learning},
  pages={1842--1850},
  year={2016},
  organization={PMLR}
}

@inproceedings{sarto2022retrieval,
  title={Retrieval-augmented transformer for image captioning},
  author={Sarto, Sara and Cornia, Marcella and Baraldi, Lorenzo and Cucchiara, Rita},
  booktitle={Proceedings of the International Conference on Content-based Multimedia Indexing},
  pages={1--7},
  year={2022}
}

@inproceedings{shin2020autoprompt,
  title={AutoPrompt: Eliciting Knowledge from Language Models with Automatically Generated Prompts},
  author={Shin, Taylor and Razeghi, Yasaman and Logan IV, Robert L and Wallace, Eric and Singh, Sameer},
  booktitle={Proceedings of the Conference on Empirical Methods in Natural Language Processing},
  pages={4222--4235},
  year={2020}
}

@article{snell2017prototypical,
  title={Prototypical networks for few-shot learning},
  author={Snell, Jake and Swersky, Kevin and Zemel, Richard},
  journal={Conference on Neural Information Processing Systems},
  volume={30},
  year={2017}
}

@inproceedings{song2022clip,
  title={CLIP Models are Few-Shot Learners: Empirical Studies on VQA and Visual Entailment},
  author={Song, Haoyu and Dong, Li and Zhang, Weinan and Liu, Ting and Wei, Furu},
  booktitle={Proceedings of the Annual Meeting of the Association for Computational Linguistics},
  pages={6088--6100},
  year={2022}
}

@inproceedings{sung2018learning,
  title={Learning to compare: Relation network for few-shot learning},
  author={Sung, Flood and Yang, Yongxin and Zhang, Li and Xiang, Tao and Torr, Philip HS and Hospedales, Timothy M},
  booktitle={Conference on Computer Vision and Pattern Recognition},
  pages={1199--1208},
  year={2018}
}

@article{tsimpoukelli2021multimodal,
  title={Multimodal few-shot learning with frozen language models},
  author={Tsimpoukelli, Maria and Menick, Jacob L and Cabi, Serkan and Eslami, SM and Vinyals, Oriol and Hill, Felix},
  journal={Conference on Neural Information Processing Systems},
  volume={34},
  pages={200--212},
  year={2021}
}

@article{vaswani2017attention,
  title={Attention is all you need},
  author={Vaswani, Ashish and Shazeer, Noam and Parmar, Niki and Uszkoreit, Jakob and Jones, Llion and Gomez, Aidan N and Kaiser, {\L}ukasz and Polosukhin, Illia},
  journal={Conference on Neural Information Processing Systems},
  volume={30},
  year={2017}
}

@inproceedings{vinyals2015show,
  title={Show and tell: A neural image caption generator},
  author={Vinyals, Oriol and Toshev, Alexander and Bengio, Samy and Erhan, Dumitru},
  booktitle={Conference on Computer Vision and Pattern Recognition},
  pages={3156--3164},
  year={2015}
}

@article{vinyals2016matching,
  title={Matching networks for one shot learning},
  author={Vinyals, Oriol and Blundell, Charles and Lillicrap, Timothy and Wierstra, Daan and others},
  journal={Conference on Neural Information Processing Systems},
  volume={29},
  year={2016}
}

@inproceedings{wang2019hierarchical,
  title={Hierarchical attention network for image captioning},
  author={Wang, Weixuan and Chen, Zhihong and Hu, Haifeng},
  booktitle={Proceedings of the AAAI conference on artificial intelligence},
  volume={33},
  number={01},
  pages={8957--8964},
  year={2019}
}

@inproceedings{wang2022end,
  title={End-to-end transformer based model for image captioning},
  author={Wang, Yiyu and Xu, Jungang and Sun, Yingfei},
  booktitle={Proceedings of the AAAI conference on artificial intelligence},
  volume={36},
  number={3},
  pages={2585--2594},
  year={2022}
}

@inproceedings{wang2022learning,
  title={Learning to prompt for continual learning},
  author={Wang, Zifeng and Zhang, Zizhao and Lee, Chen-Yu and Zhang, Han and Sun, Ruoxi and Ren, Xiaoqi and Su, Guolong and Perot, Vincent and Dy, Jennifer and Pfister, Tomas},
  booktitle={Conference on Computer Vision and Pattern Recognition},
  pages={139--149},
  year={2022}
}

@inproceedings{wang2023image,
  title={Image as a Foreign Language: BEiT Pretraining for Vision and Vision-Language Tasks},
  author={Wang, Wenhui and Bao, Hangbo and Dong, Li and Bjorck, Johan and Peng, Zhiliang and Liu, Qiang and Aggarwal, Kriti and Mohammed, Owais Khan and Singhal, Saksham and Som, Subhojit and others},
  booktitle={Conference on Computer Vision and Pattern Recognition},
  pages={19175--19186},
  year={2023}
}

@article{wang2023review,
  title={Review of large vision models and visual prompt engineering},
  author={Wang, Jiaqi and Liu, Zhengliang and Zhao, Lin and Wu, Zihao and Ma, Chong and Yu, Sigang and Dai, Haixing and Yang, Qiushi and Liu, Yiheng and Zhang, Songyao and others},
  journal={Meta-Radiology},
  pages={100047},
  year={2023},
  publisher={Elsevier}
}

@article{wei2022chain,
  title={Chain-of-thought prompting elicits reasoning in large language models},
  author={Wei, Jason and Wang, Xuezhi and Schuurmans, Dale and Bosma, Maarten and Xia, Fei and Chi, Ed and Le, Quoc V and Zhou, Denny and others},
  journal={Conference on Neural Information Processing Systems},
  volume={35},
  pages={24824--24837},
  year={2022}
}

@inproceedings{xu2015show,
  title={Show, attend and tell: Neural image caption generation with visual attention},
  author={Xu, Kelvin and Ba, Jimmy and Kiros, Ryan and Cho, Kyunghyun and Courville, Aaron and Salakhudinov, Ruslan and Zemel, Rich and Bengio, Yoshua},
  booktitle={International Conference on Machine Learning},
  pages={2048--2057},
  year={2015},
  organization={PMLR}
}

@article{yang2022human,
  title={Human-centric image captioning},
  author={Yang, Zuopeng and Wang, Pengbo and Chu, Tianshu and Yang, Jie},
  journal={Pattern Recognition},
  volume={126},
  pages={108545},
  year={2022},
  publisher={Elsevier}
}

@article{yang2024exploring,
  title={Exploring diverse in-context configurations for image captioning},
  author={Yang, Xu and Wu, Yongliang and Yang, Mingzhuo and Chen, Haokun and Geng, Xin},
  journal={Conference on Neural Information Processing Systems},
  volume={36},
  year={2024}
}

@inproceedings{yao2019hierarchy,
  title={Hierarchy parsing for image captioning},
  author={Yao, Ting and Pan, Yingwei and Li, Yehao and Mei, Tao},
  booktitle={International Conference on Computer Vision},
  pages={2621--2629},
  year={2019}
}

@inproceedings{you2016image,
  title={Image captioning with semantic attention},
  author={You, Quanzeng and Jin, Hailin and Wang, Zhaowen and Fang, Chen and Luo, Jiebo},
  booktitle={Conference on Computer Vision and Pattern Recognition},
  pages={4651--4659},
  year={2016}
}

@article{yu2022coca,
    title={CoCa: Contrastive Captioners are Image-Text Foundation Models},
    author={Jiahui Yu and Zirui Wang and Vijay Vasudevan and Legg Yeung and Mojtaba Seyedhosseini and Yonghui Wu},
    journal={Transactions on Machine Learning Research},
    issn={2835-8856},
    year={2022},
}

@inproceedings{zeng2022s2,
  title={S2 Transformer for Image Captioning.},
  author={Zeng, Pengpeng and Zhang, Haonan and Song, Jingkuan and Gao, Lianli},
  booktitle={International Joint Conference on Artificial Intelligence},
  pages={1608--1614},
  year={2022}
}

@inproceedings{zhai2024investigating,
  title={Investigating the Catastrophic Forgetting in Multimodal Large Language Model Fine-Tuning},
  author={Zhai, Yuexiang and Tong, Shengbang and Li, Xiao and Cai, Mu and Qu, Qing and Lee, Yong Jae and Ma, Yi},
  booktitle={Conference on Parsimony and Learning},
  pages={202--227},
  year={2024},
  organization={PMLR}
}

@article{zhao2020cross,
  title={Cross-domain image captioning via cross-modal retrieval and model adaptation},
  author={Zhao, Wentian and Wu, Xinxiao and Luo, Jiebo},
  journal={IEEE Transactions on Image Processing},
  volume={30},
  pages={1180--1192},
  year={2020},
  publisher={IEEE}
}

@article{zhao2023survey,
  title={A survey of large language models},
  author={Zhao, Wayne Xin and Zhou, Kun and Li, Junyi and Tang, Tianyi and Wang, Xiaolei and Hou, Yupeng and Min, Yingqian and Zhang, Beichen and Zhang, Junjie and Dong, Zican and others},
  journal={arXiv preprint arXiv:2303.18223},
  year={2023}
}

@inproceedings{zhou2022conditional,
  title={Conditional prompt learning for vision-language models},
  author={{Zhou, Kaiyang and Yang, Jingkang and Loy, Chen Change and Liu, Ziwei}},
  booktitle={Conference on Computer Vision and Pattern Recognition},
  pages={16816--16825},
  year={2022}
}

@article{zhou2022learning,
  title={Learning to prompt for vision-language models},
  author={Zhou, Kaiyang and Yang, Jingkang and Loy, Chen Change and Liu, Ziwei},
  journal={International Journal of Computer Vision},
  volume={130},
  number={9},
  pages={2337--2348},
  year={2022},
  publisher={Springer}
}

@inproceedings{zhu2023minigpt,
  title={MiniGPT-4: Enhancing Vision-Language Understanding with Advanced Large Language Models},
  author={Zhu, Deyao and Chen, Jun and Shen, Xiaoqian and Li, Xiang and Elhoseiny, Mohamed},
  booktitle={International Conference on Learning Representations},
  year={2023}
}

