@INPROCEEDINGS{Baumann98,
    author = {Baumann, P. and Dehmel, A. and Furtado, P. and Ritsch, R. and Widmann, N.},
    title = {{The Multidimensional Database System RasDaMan}},
    booktitle = {Proceedings of the 1998 ACM SIGMOD International Conference on Management of Data},
    year = {1998},
    pages = {575--577}
}

@INPROCEEDINGS{Baumann99,
    author = {Peter Baumann},
    title = {{A Database Array Algebra for Spatio-Temporal Data and Beyond}},
    booktitle = {Next Generation Information Technologies and Systems},
    year = {1999},
    pages = {76--93}
}

@inproceedings{Brown10,
 author = {Brown, Paul G.},
 title = {{Overview of SciDB: large scale array storage, processing and analysis}},
 booktitle = {Proceedings of the 2010 ACM SIGMOD International Conference on Management of Data},
 pages={963--968},
 year={2010}
}

@inproceedings{IDEAS11,
    author = {Zhang, Ying and Kersten, Martin and Ivanova, Milena and Nes, Niels},
    title = {{SciQL: Bridging the Gap Between Science and Relational DBMS}},
    booktitle = {Proceedings of IDEAS},
    pages={124--133},
    month = sep,
    year = {2011}
}

@inproceedings{MonetDB,
  title={{MonetDB, a novel spatial columnstore DBMS}},
  author={Vermeij, Maarten and Quak, Wilko and Kersten, Martin and Nes, Niels},
  booktitle={Proceedings of FOSS4G},
  pages={193--199},
  year={2008}
}

@article{chaiken2008scope,
  title={SCOPE: easy and efficient parallel processing of massive data sets},
  author={Chaiken, Ronnie and Jenkins, Bob and Larson, Per-{\AA}ke and Ramsey, Bill and Shakib, Darren and Weaver, Simon and Zhou, Jingren},
  journal={Proceedings of the VLDB Endowment},
  volume={1},
  number={2},
  pages={1265--1276},
  year={2008},
  publisher={VLDB Endowment}
}

@inproceedings{lee2011ysmart,
  title={Ysmart: Yet another sql-to-mapreduce translator},
  author={Lee, Rubao and Luo, Tian and Huai, Yin and Wang, Fusheng and He, Yongqiang and Zhang, Xiaodong},
  booktitle={Distributed Computing Systems (ICDCS), 2011 31st International Conference on},
  pages={25--36},
  year={2011},
  organization={IEEE}
}

@article{marathe2002query,
  title={Query processing techniques for arrays},
  author={Marathe, Arunprasad P and Salem, Kenneth},
  journal={VLDB J.},
  volume={11},
  number={1},
  pages={68--91},
  year={2002},
  publisher={Springer}
}

@inproceedings{navasca2019gerenuk,
  title={Gerenuk: Thin computation over big native data using speculative program transformation},
  author={Navasca, Christian and Cai, Cheng and Nguyen, Khanh and Demsky, Brian and Lu, Shan and Kim, Miryung and Xu, Guoqing Harry},
  booktitle={Proceedings of the 27th ACM Symposium on Operating Systems Principles},
  pages={538--553},
  year={2019}
}

@inproceedings{olston2008pig,
  title={Pig latin: a not-so-foreign language for data processing},
  author={Olston, Christopher and Reed, Benjamin and Srivastava, Utkarsh and Kumar, Ravi and Tomkins, Andrew},
  booktitle={Proceedings of the 2008 ACM SIGMOD international conference on Management of data},
  pages={1099--1110},
  year={2008},
  organization={ACM}
}

@article{pang2021aqua+,
  title={AQUA+: Query Optimization for Hybrid Database-MapReduce System},
  author={Pang, Zhifei and Wu, Sai and Huang, Haichao and Hong, Zhouzhenyan and Xie, Yuqing},
  journal={Knowledge and Information Systems},
  volume={63},
  number={4},
  pages={905--938},
  year={2021},
  publisher={Springer}
}

@article{thusoo2009hive,
  title={Hive: a warehousing solution over a map-reduce framework},
  author={Thusoo, Ashish and Sarma, Joydeep Sen and Jain, Namit and Shao, Zheng and Chakka, Prasad and Anthony, Suresh and Liu, Hao and Wyckoff, Pete and Murthy, Raghotham},
  journal={Proceedings of the VLDB Endowment},
  volume={2},
  number={2},
  pages={1626--1629},
  year={2009},
  publisher={VLDB Endowment}
}

@inproceedings{xing2018arraybridge,
  title={ArrayBridge: Interweaving declarative array processing in SciDB with imperative HDF5-based programs},
  author={Xing, Haoyuan and Floratos, Sofoklis and Blanas, Spyros and Byna, Suren and Prabhat, M and Wu, Kesheng and Brown, Paul},
  booktitle={2018 IEEE 34th International Conference on Data Engineering (ICDE)},
  pages={977--988},
  year={2018},
  organization={IEEE}
}

@article{zalipynis2018chronosdb,
  title={Chronosdb: Distributed, file based, geospatial array dbms},
  author={Zalipynis, Ramon Antonio Rodriges},
  journal={Proceedings of the VLDB Endowment},
  volume={11},
  number={10},
  pages={1247--1261},
  year={2018},
  publisher={VLDB Endowment}
}

