% bmc_article.bib
% 
%  An example of bibtex entries.
%  Entries taken from BMC instructions for authors page.

% uncomment next line to make author-year bibliography
% @settings{label, options="nameyear"}

@article{blank,
    author  = {}, 
    title   = {},
    journal = {}, 
    year    = {},
    month   = {}, 
    volume  = {}, 
    number  = {}, 
    pages   = {},
    note    = {} 
}    

@article{idreos2012monetdb,
  title={Monetdb: Two decades of research in column-oriented database},
  author={Idreos, S and Groffen, F and Nes, N and Manegold, S and Mullender, S and Kersten, M},
  journal={IEEE Data Engineering Bulletin},
  volume={35},
  number={1},
  pages={40--45},
  year={2012},
  publisher={Citeseer}
}

% Article within a journal
@article{koon,
    author  = {Koonin, E V and Altschul, S F and P Bork}, 
    title   = {BRCA1 protein products: functional motifs}, 
    journal = {Nat. Genet.}, 
    year    = {1996},
    volume  = {13}, 
    pages   = {266-267}
}    

%%%%%%%%
% Article within conference proceedings
@inproceedings{xjon,
    author    = {X Jones}, 
    title     = {Zeolites and synthetic mechanisms},
    booktitle = {Proceedings of the First National Conference on 
                Porous Sieves: 27-30 June 1996; Baltimore},
    year      = {1996},
    editor    = {Y Smith}, 
    pages     = {16-27},
}    

%%%%%%%%
%  Book chapter, or article within a book
@incollection{schn,
    author    = {E Schnepf}, 
    title     = {From prey via endosymbiont to plastids: 
             comparative studies in dinoflagellates},
    booktitle = {Origins of Plastids}, 
    editor    = {R A Lewin}, 
    publisher = {Chapman and Hall},
    pages     = {53-76}, 
    year      = {1993},
    address = {New York}, 
    edition = {2nd} 
}    

%%%%%%%%
% Complete book
@book{marg,
    author    = {L Margulis}, 
    title     = {Origin of Eukaryotic Cells},
    publisher = {Yale University Press}, 
    year      = {1970},
    address   = {New Haven} 
}


%%%%%%%%
% PHD Thesis
@phdthesis{koha,
    author = {R Kohavi}, 
    title  = {Wrappers for performance enhancement and
             obvious decision graphs},
    school = {Stanford University, Computer Science Department},
    year   = {1995}
}

%%%%%%%%
%  Miscellaneous: webpage link/urL, etc/
@misc{issnic,
    author  = {{ISSN International Centre}},
    title = {The ISSN register},
    url = {http://www.issn.org},
    year = {2006},
    urldate={Accessed 20 Feb 2007}
}

@inproceedings{feng2018scidp,
  title={SciDP: Support HPC and big data applications via integrated scientific data processing},
  author={Feng, Kun and Sun, Xian-He and Yang, Xi and Zhou, Shujia},
  booktitle={2018 IEEE International Conference on Cluster Computing (CLUSTER)},
  pages={114--123},
  year={2018},
  organization={IEEE}
}

@MISC{georaster-soft,
key={MonetDB},
title = {MonetDB: an open-source column-oriented relational database management system (RDBMS)},
note={Available at \url{https://www.oracle.com/a/tech/docs/georaster-2021.pdf}},
month = {November},
year = {2022}
}

@inproceedings{lee2021knn,
  title={kNN-join query processing algorithm on mapreduce for large amounts of data},
  author={Lee, Hyunjo and Chang, Jae-Woo and Chae, Cheoljoo},
  booktitle={2021 International Symposium on Electrical, Electronics and Information Engineering},
  pages={538--544},
  year={2021}
}

@article{wijayanto2020lshape,
  title={LShape Partitioning: Parallel Skyline Query Processing using MapReduce},
  author={Wijayanto, Heri and Wang, Wenlu and Ku, Wei-Shinn and Chen, Arbee},
  journal={IEEE Transactions on Knowledge and Data Engineering},
  year={2020},
  publisher={IEEE}
}

@inproceedings{villarroya2020integration,
  title={On the integration of machine learning and array databases},
  author={Villarroya, Sebastian and Baumann, Peter},
  booktitle={2020 IEEE 36th International Conference on Data Engineering (ICDE)},
  pages={1786--1789},
  year={2020},
  organization={IEEE}
}

@article{baumann2021array,
  title={Array databases: concepts, standards, implementations},
  author={Baumann, Peter and Misev, Dimitar and Merticariu, Vlad and Huu, Bang Pham},
  journal={Journal of Big Data},
  volume={8},
  number={1},
  pages={1--61},
  year={2021},
  publisher={SpringerOpen}
}

@inproceedings{brown2010overview,
  title={Overview of SciDB: large scale array storage, processing and analysis},
  author={Brown, Paul G},
  booktitle={Proceedings of the 2010 ACM SIGMOD International Conference on Management of data},
  pages={963--968},
  year={2010}
}

@inproceedings{baumann1998multidimensional,
  title={The multidimensional database system RasDaMan},
  author={Baumann, Peter and Dehmel, Andreas and Furtado, Paula and Ritsch, Roland and Widmann, Norbert},
  booktitle={Proceedings of the 1998 ACM SIGMOD international conference on Management of data},
  pages={575--577},
  year={1998}
}

@book{hsu2011postgis,
author = {Obe, Regina and Hsu, Leo},
title = {PostGIS in Action},
year = {2011},
isbn = {1935182269},
publisher = {Manning Publications Co.},
address = {USA},
}


@article{heger2013hadoop,
  title={Hadoop Performance Tuning-A Pragmatic \& Iterative Approach},
  author={Heger, Dominique},
  journal={CMG Journal},
  year={2013}
}

@inproceedings{zaharia2010spark,
  title={Spark: cluster computing with working sets},
  author={Zaharia, Matei and Chowdhury, Mosharaf and Franklin, Michael J and Shenker, Scott and Stoica, Ion},
  booktitle={Proceedings of the 2nd USENIX conference on Hot topics in cloud computing},
  pages={10--10},
  year={2010}
}

@inproceedings{jiang2010map,
  title={A map-reduce system with an alternate api for multi-core environments},
  author={Jiang, Wei and Ravi, Vignesh T and Agrawal, Gagan},
  booktitle={Proceedings of the 2010 10th IEEE/ACM International Conference on Cluster, Cloud and Grid Computing},
  pages={84--93},
  year={2010},
  organization={IEEE Computer Society}
}

@article{thusoo2009hive,
  title={Hive: a warehousing solution over a map-reduce framework},
  author={Thusoo, Ashish and Sarma, Joydeep Sen and Jain, Namit and Shao, Zheng and Chakka, Prasad and Anthony, Suresh and Liu, Hao and Wyckoff, Pete and Murthy, Raghotham},
  journal={Proceedings of the VLDB Endowment},
  volume={2},
  number={2},
  pages={1626--1629},
  year={2009},
  publisher={VLDB Endowment}
}

@inproceedings{olston2008pig,
  title={Pig latin: a not-so-foreign language for data processing},
  author={Olston, Christopher and Reed, Benjamin and Srivastava, Utkarsh and Kumar, Ravi and Tomkins, Andrew},
  booktitle={Proceedings of the 2008 ACM SIGMOD international conference on Management of data},
  pages={1099--1110},
  year={2008},
  organization={ACM}
}

@article{gates2009building,
  title={Building a high-level dataflow system on top of Map-Reduce: the Pig experience},
  author={Gates, Alan F and Natkovich, Olga and Chopra, Shubham and Kamath, Pradeep and Narayanamurthy, Shravan M and Olston, Christopher and Reed, Benjamin and Srinivasan, Santhosh and Srivastava, Utkarsh},
  journal={Proceedings of the VLDB Endowment},
  volume={2},
  number={2},
  pages={1414--1425},
  year={2009},
  publisher={VLDB Endowment}
}

@article{chaiken2008scope,
  title={SCOPE: easy and efficient parallel processing of massive data sets},
  author={Chaiken, Ronnie and Jenkins, Bob and Larson, Per-{\AA}ke and Ramsey, Bill and Shakib, Darren and Weaver, Simon and Zhou, Jingren},
  journal={Proceedings of the VLDB Endowment},
  volume={1},
  number={2},
  pages={1265--1276},
  year={2008},
  publisher={VLDB Endowment}
}

@inproceedings{lee2011ysmart,
  title={Ysmart: Yet another sql-to-mapreduce translator},
  author={Lee, Rubao and Luo, Tian and Huai, Yin and Wang, Fusheng and He, Yongqiang and Zhang, Xiaodong},
  booktitle={Distributed Computing Systems (ICDCS), 2011 31st International Conference on},
  pages={25--36},
  year={2011},
  organization={IEEE}
}

@inproceedings{yang2007map,
  title={Map-reduce-merge: simplified relational data processing on large clusters},
  author={Yang, Hung-chih and Dasdan, Ali and Hsiao, Ruey-Lung and Parker, D Stott},
  booktitle={Proceedings of the 2007 ACM SIGMOD international conference on Management of data},
  pages={1029--1040},
  year={2007},
  organization={ACM}
}

@article{stonebraker2010mapreduce,
  title={MapReduce and parallel DBMSs: friends or foes?},
  author={Stonebraker, Michael and Abadi, Daniel and DeWitt, David J and Madden, Sam and Paulson, Erik and Pavlo, Andrew and Rasin, Alexander},
  journal={Communications of the ACM},
  volume={53},
  number={1},
  pages={64--71},
  year={2010},
  publisher={ACM}
}





@INPROCEEDINGS{Baumann98,
    author = {Baumann, P. and Dehmel, A. and Furtado, P. and Ritsch, R. and Widmann, N.},
    title = {{The Multidimensional Database System RasDaMan}},
    booktitle = {Proceedings of the 1998 ACM SIGMOD International Conference on Management of Data},
    year = {1998},
    pages = {575--577}
}

@INPROCEEDINGS{Baumann99,
    author = {Peter Baumann},
    title = {{A Database Array Algebra for Spatio-Temporal Data and Beyond}},
    booktitle = {Next Generation Information Technologies and Systems},
    year = {1999},
    pages = {76--93}
}
@article{bogomolov2015moves,
  title={Moves on the street: Classifying crime hotspots using aggregated anonymized data on people dynamics},
  author={Bogomolov, Andrey and Lepri, Bruno and Staiano, Jacopo and Letouz{\'e}, Emmanuel and Oliver, Nuria and Pianesi, Fabio and Pentland, Alex},
  journal={Big data},
  volume={3},
  number={3},
  pages={148--158},
  year={2015},
  publisher={Mary Ann Liebert, Inc. 140 Huguenot Street, 3rd Floor New Rochelle, NY 10801 USA}
}
@article{pang2021aqua+,
  title={AQUA+: Query Optimization for Hybrid Database-MapReduce System},
  author={Pang, Zhifei and Wu, Sai and Huang, Haichao and Hong, Zhouzhenyan and Xie, Yuqing},
  journal={Knowledge and Information Systems},
  volume={63},
  number={4},
  pages={905--938},
  year={2021},
  publisher={Springer}
}
@inproceedings{navasca2019gerenuk,
  title={Gerenuk: Thin computation over big native data using speculative program transformation},
  author={Navasca, Christian and Cai, Cheng and Nguyen, Khanh and Demsky, Brian and Lu, Shan and Kim, Miryung and Xu, Guoqing Harry},
  booktitle={Proceedings of the 27th ACM Symposium on Operating Systems Principles},
  pages={538--553},
  year={2019}
}
@inproceedings{TELEIOS12,
    author = {Ivanova, M. and Kersten, M. L. and Manegold, S.},
    booktitle = {Proceedings of SSDBM},
    month = jun,
    pages = {485--494},
    title = {{Data Vaults: A Symbiosis Between Database Technology And Scientific File Repositories}},
    year = {2012}
}
@article{selvan2021prefetched,
  title={Prefetched wald adaptive boost classification based Czekanowski similarity MapReduce for user query processing with bigdata},
  author={Selvan, S Tamil and Balamurugan, P and Vijayakumar, M},
  journal={Distributed and Parallel Databases},
  pages={1--18},
  year={2021},
  publisher={Springer}
}
@article{garcia2020improving,
  title={Improving distance-join query processing with voronoi-diagram based partitioning in spatialhadoop},
  author={Garcia-Garcia, Francisco and Corral, Antonio and Iribarne, Luis and Vassilakopoulos, Michael},
  journal={Future Generation Computer Systems},
  volume={111},
  pages={723--740},
  year={2020},
  publisher={Elsevier}
}
@article{doulkeridis2014survey,
  title={A survey of large-scale analytical query processing in MapReduce},
  author={Doulkeridis, Christos and N{\o}rv{\aa}g, Kjetil},
  journal={The VLDB journal},
  volume={23},
  number={3},
  pages={355--380},
  year={2014},
  publisher={Springer}
}
@inproceedings{xing2018arraybridge,
  title={ArrayBridge: Interweaving declarative array processing in SciDB with imperative HDF5-based programs},
  author={Xing, Haoyuan and Floratos, Sofoklis and Blanas, Spyros and Byna, Suren and Prabhat, M and Wu, Kesheng and Brown, Paul},
  booktitle={2018 IEEE 34th International Conference on Data Engineering (ICDE)},
  pages={977--988},
  year={2018},
  organization={IEEE}
}

@inproceedings{SIGMOD12,
  title = {{NoDB: efficient query execution on raw data files}},
  author={Alagiannis, Ioannis and Borovica, Renata and Branco, Miguel and Idreos, Stratos and Ailamaki, Anastasia},
  booktitle={Proceedings of the 2012 ACM SIGMOD International Conference on Management of Data},
  pages={241--252},
  year={2012}
}

@inproceedings{SIGMOD11,
 author = {Kunchithapadam, Krishna and Zhang, Wei and Ganesh, Amit and Mukherjee, Niloy},
 title = {{Oracle Database Filesystem}},
 booktitle = {Proceedings of the 2011 ACM SIGMOD International Conference on Management of Data},
 pages={1149--1160},
 year={2011}
}

@inproceedings{IDEAS11,
    author = {Zhang, Ying and Kersten, Martin and Ivanova, Milena and Nes, Niels},
    title = {{SciQL: Bridging the Gap Between Science and Relational DBMS}},
    booktitle = {Proceedings of IDEAS},
    pages={124--133},
    month = sep,
    year = {2011}
}

@article{zalipynis2018chronosdb,
  title={Chronosdb: Distributed, file based, geospatial array dbms},
  author={Zalipynis, Ramon Antonio Rodriges},
  journal={Proceedings of the VLDB Endowment},
  volume={11},
  number={10},
  pages={1247--1261},
  year={2018},
  publisher={VLDB Endowment}
}


@InProceedings{TheFourthParadigm,
author="Hey, Tony",
editor="Kurbano{\u{g}}lu, Serap
and Al, Umut
and Erdo{\u{g}}an, Phyllis Lepon
and Tonta, Ya{\c{s}}ar
and U{\c{c}}ak, Nazan",
title="The Fourth Paradigm -- Data-Intensive Scientific Discovery",
booktitle="E-Science and Information Management",
year="2012",
publisher="Springer Berlin Heidelberg",
address="Berlin, Heidelberg",
pages="1--1",
}




@ARTICLE{jiang2018credit,
  author={Jiang, Changjun and Song, Jiahui and Liu, Guanjun and Zheng, Lutao and Luan, Wenjing},
  journal={IEEE Internet of Things Journal}, 
  title={Credit Card Fraud Detection: A Novel Approach Using Aggregation Strategy and Feedback Mechanism}, 
  year={2018},
  volume={5},
  number={5},
  pages={3637-3647},
  doi={10.1109/JIOT.2018.2816007}}
  
@article{GRAY05,
    author = {Gray, Jim and Liu, David T and Nieto-Santisteban, Maria and Szalay, Alex and DeWitt, David J and Heber, Gerd},
    title = {{Scientific data management in the coming decade}},
    journal = {SIGMOD Rec.},
    volume = {34},
    issue = {4},
    year = {2005},
    pages = {34--41},
    publisher = {ACM}
}

@inproceedings{CIDR09,
  author = {Michael Stonebraker and Jacek Becla and David J. DeWitt and Kian-Tat Lim and David Maier and Oliver Ratzesberger and Stanley B. Zdonik},
  booktitle = {Proceedings of CIDR},
  title = {{Requirements for Science Data Bases and SciDB}},
  year = {2009}
}

@inproceedings{VLDB97,
  author = {Gyssens, Marc and Lakshmanan, Laks V. S.},
  title={A foundation for multi-dimensional databases},
  booktitle={VLDB},
  pages={106--115},
  year={1997},
}

@article{VLDB05,
  author = {Howe, Bill and Maier, David},
  date = {2008-09-12},
  journal = {VLDB J.},
  keywords = {dblp},
  number = {4},
  pages = {397-416},
  title = {{Algebraic manipulation of scientific datasets}},
  volume = {14},
  year = {2005}
}

@article{VLDB08,
  author = {Cornacchia, Roberto and H{\'e}man, S\'{a}ndor and Zukowski, Marcin and Vries, Arjen P. and Boncz, Peter},
  date = {2007-12-08},
  journal = {VLDB J.},
  number = {1},
  pages = {151-168},
  title = {{Flexible and efficient IR using array databases}},
  volume = {17},
  year = {2008}
}

@inproceedings{VLDB96,
  author = {Seshadri, Praveen and Livny, Miron and Ramakrishnan, Raghu},
  booktitle = {VLDB},
  date = {2002-01-03},
  editor = {Vijayaraman, T. M. and Buchmann, Alejandro P. and Mohan, C. and Sarda, Nandlal L.},
  pages = {99-110},
  publisher = {Morgan Kaufmann},
  timestamp = {2002-01-03T00:00:00.000+0100},
  title = {{The Design and Implementation of a Sequence Database System}},
  year = {1996}
}

@inproceedings{EDBT11,
author = {Kersten, M. and Zhang, Y. and Ivanova, M. and Nes, N.},
title = {SciQL, a Query Language for Science Applications},
year = {2011},
isbn = {9781450306140},
publisher = {Association for Computing Machinery},
address = {New York, NY, USA},
doi = {10.1145/1966895.1966896},
booktitle = {Proceedings of the EDBT/ICDT 2011 Workshop on Array Databases},
pages = {1–12},
numpages = {12},
location = {Uppsala, Sweden},
series = {AD '11}
}


@INPROCEEDINGS{AML,
    author = {Arunprasad P. Marathe and Kenneth Salem},
    title = {{A Language for Manipulating Arrays}},
    booktitle = {VLDB},
    year = {1997},
    pages = {46--55}
}

@inproceedings{SIGMOD96,
  author = {Libkin, Leonid and Machlin, Rona and Wong, Limsoon},
  title = {{A query language for multidimensional arrays: design, implementation, and optimization techniques}},
  booktitle={SIGMOD Rec.},
  pages={228--239},
  year={1996}
}

@MISC{Postgres,
  title = {{PostgreSQL}},
  howpublished = {http://www.postgresql.org}
}

@MISC{PostGIS,
  title = {{PostGIS 2.0 Manual}},
  howpublished = {http://postgis.net/stuff/postgis-2.0.pdf}
}


@article{CerveiraCordeiro2009,
 author = {Cerveira Cordeiro, Jo\~{a}o Pedro and C\^{a}mara, Gilberto and Moura De Freitas, Ubirajara and Almeida, Felipe},
 title = {{Yet Another Map Algebra}},
 journal = {Geoinformatica},
 volume = {13},
 number = {2},
 month = jun,
 year = {2009},
 issn = {1384-6175},
 pages = {183--202},
 numpages = {20},
 publisher = {Kluwer Academic Publishers},
 address = {Hingham, MA, USA}
}

@article{Pullar01,
 author = {Pullar, David},
 title = {{MapScript: A Map Algebra Programming Language Incorporating Neighborhood Analysis}},
 journal = {Geoinformatica},
 issue_date = {June 2001},
 volume = {5},
 number = {2},
 month = jun,
 year = {2001},
 issn = {1384-6175},
 pages = {145--163},
 numpages = {19},
 publisher = {Kluwer Academic Publishers},
 address = {Hingham, MA, USA}
}

@ARTICLE{Mennis05,
    author = {Jeremy Mennis and C. Dana Tomlin},
    title = {{Cubic map algebra functions for spatio-temporal analysis}},
    journal = {CaGIS},
    year = {2005},
    volume = {32},
    pages = {17--32}
}

@inproceedings{Brown10,
 author = {Brown, Paul G.},
 title = {{Overview of SciDB: large scale array storage, processing and analysis}},
 booktitle = {Proceedings of the 2010 ACM SIGMOD International Conference on Management of Data},
 pages={963--968},
 year={2010}
}

@article{LAD,
  title={{The Longhorn Array Database (LAD): an open-source, MIAME compliant implementation of the SMD}},
  author={Killion, Patrick and Sherlock, Gavin and Iyer, Vishwanath},
  journal={Bmc Bioinformatics},
  volume={4},
  number={1},
  pages={32},
  year={2003},
  publisher={BioMed Central Ltd}
}

@article{TerraLib,
  title={{TerraLib: An open source GIS library for large-scale environmental and socio-economic applications}},
  author={C{\^a}mara, Gilberto and Vinhas, L{\'u}bia and Ferreira, Karine Reis and others},
  journal={Open Source Approaches in Spatial Data Handling},
  pages={247--270},
  year={2008},
  publisher={Springer}
}


@INPROCEEDINGS{NETCDFSQL,
    author={Su, Yu and Agrawal, Gagan},
    booktitle={Proceedings of CCGRID},
    title={{Supporting User-Defined Subsetting and Aggregation over Parallel NetCDF Datasets}},
    year={2012},
    month={may},
    pages={212-219}
}

@INPROCEEDINGS{SU12,
    author={Su, Yu and Agrawal, Gagan},
    booktitle={Proceedings of CCGRID},
    title={{Supporting User-Defined Subsetting and Aggregation over Parallel NetCDF Datasets}},
    year={2012},
    month={may},
    pages={212-219}
}

@INPROCEEDINGS{HDF5SQL,
    author={Wang, Yi and Su, Yu and Agrawal, Gagan},
    booktitle={Proceedings of CCGRID},
    title={{Supporting a Light-Weight Data Management Layer Over HDF5}},
    year={2013},
    month={may},
    pages={335-342}
}

@INPROCEEDINGS{WANG13,
    author={Wang, Yi and Su, Yu and Agrawal, Gagan},
    booktitle={Proceedings of CCGRID},
    title={{Supporting a Light-Weight Data Management Layer Over HDF5}},
    year={2013},
    month={may},
    pages={335-342}
}

@inproceedings{SciMATE,
  author    = {Wang, Yi and Wei, Jiang and Agrawal, Gagan},
  title     = {{SciMATE: A Novel MapReduce-Like Framework for Multiple Scientific
               Data Formats}},
  booktitle = {Proceedings of CCGRID},
  year      = {2012},
  month     = {may},
  pages     = {443-450}
}

@inproceedings{chang1997titan,
  title={Titan: a high-performance remote-sensing database},
  author={Chang, Chialin and Moon, Bongki and Acharya, Anurag and Shock, Carter and Sussman, Alan and Saltz, Joel},
  booktitle={Proceedings of ICDE},
  pages={375--384},
  year={1997},
  organization={IEEE}
}

@article{chang1998t2,
  title={T2: A customizable parallel database for multi-dimensional data},
  author={Chang, Chialin and Acharya, Anurag and Sussman, Alan and Saltz, Joel},
  journal={ACM SIGMOD Record},
  volume={27},
  number={1},
  pages={58--66},
  year={1998},
  publisher={ACM}
}

@article{marathe2002query,
  title={Query processing techniques for arrays},
  author={Marathe, Arunprasad P and Salem, Kenneth},
  journal={VLDB J.},
  volume={11},
  number={1},
  pages={68--91},
  year={2002},
  publisher={Springer}
}

@inproceedings{planthaber2012earthdb,
  title={{EarthDB: scalable analysis of MODIS data using SciDB}},
  author={Planthaber, Gary and Stonebraker, Michael and Frew, James},
  booktitle={Proceedings of BigSpatial},
  pages={11--19},
  year={2012}
}

@INPROCEEDINGS{ICDE94,
    author={Sarawagi, S. and Stonebraker, Michael},
    booktitle={Proceedings of ICDE},
    title={Efficient organization of large multidimensional arrays},
    year={1994},
    pages={328-336}
}

@inproceedings{arraystore,
  title={{ArrayStore: A Storage Manager for Complex Parallel Array Processing}},
  author={Soroush, Emad and Balazinska, Magdalena and Wang, Daniel},
  booktitle={Proceedings of the 2011 ACM SIGMOD International Conference on Management of Data},
  pages={253--264},
  year={2011}
}

@inproceedings{ChunkStorage,
  title={A storage scheme for multidimensional data alleviating dimension dependency},
  author={Shimada, Teppei and Tsuji, Tatsuo and Higuchi, Ken},
  booktitle={ICDIM},
  pages={662--668},
  year={2008},
  organization={IEEE}
}

@INPROCEEDINGS{HierarchicalStorage,
    author = {Reiner, Bernd and Hahn, Karl and H{\"o}fling, Gabriele and Baumann, Peter},
    title = {{Hierarchical Storage Support and Management for LargeScale Multidimensional Array Database Management Systems}},
    booktitle = {DEXA},
    year = {2002}
}

@inproceedings{gufler2011handing,
  title={{Handing Data Skew in MapReduce}},
  author={Gufler, B and Augsten, N and Reiser, A and Kemper, A},
  booktitle={Proceedings of the 1st International Conference on Cloud Computing and Services Science},
  volume={146},
  pages={574--583},
  year={2011}
}

@inproceedings{SkewTune,
  title={Skewtune: mitigating skew in mapreduce applications},
  author={Kwon, YongChul and Balazinska, Magdalena and Howe, Bill and Rolia, Jerome},
  booktitle={Proceedings of the 2012 ACM SIGMOD International Conference on Management of Data},
  pages={25--36},
  year={2012},
  organization={ACM}
}

@inproceedings{SkewReduce,
  title={Skew-resistant parallel processing of feature-extracting scientific user-defined functions},
  author={Kwon, YongChul and Balazinska, Magdalena and Howe, Bill and Rolia, Jerome},
  booktitle={Proceedings of SoCC},
  pages={75--86},
  year={2010},
  organization={ACM}
}

@article{kwon2013managing,
  title={Managing Skew in Hadoop},
  author={Kwon, YongChul and Ren, Kai and Balazinska, Magdalena and Howe, Bill and Rolia, Jerome},
  journal={IEEE Data Eng. Bull},
  volume={36},
  number={1},
  pages={24--33},
  year={2013}
}

@inproceedings{OSDI08,
 author = {Zaharia, Matei and Konwinski, Andy and Joseph, Anthony D and Katz, Randy H and Stoica, Ion},
 title = {{Improving MapReduce Performance in Heterogeneous Environments}},
 booktitle = {OSDI},
 year = {2008},
 volume={8},
 pages = {29--42},
 numpages = {14}
}

@inproceedings{OSDI10,
  title={{Reining in the Outliers in Map-Reduce Clusters using Mantri}},
  author={Ananthanarayanan, Ganesh and Kandula, Srikanth and Greenberg, Albert G and Stoica, Ion and Lu, Yi and Saha, Bikas and Harris, Edward},
  booktitle={OSDI},
  pages = {1--16},
  numpages = {16},
  year={2010}
}

@inproceedings{CLOUDCOM10,
 author = {Ibrahim, Shadi and Jin, Hai and Lu, Lu and Wu, Song and He, Bingsheng and Qi, Li},
 title = {{LEEN: Locality/Fairness-Aware Key Partitioning for MapReduce in the Cloud}},
 booktitle = {CLOUDCOM},
 year = {2010},
 isbn = {978-0-7695-4302-4},
 pages = {17--24},
 numpages = {8},
 address = {Washington, DC, USA}
}

@inproceedings{SoCC12,
  title={True elasticity in multi-tenant data-intensive compute clusters},
  author={Ananthanarayanan, Ganesh and Douglas, Christopher and Ramakrishnan, Raghu and Rao, Sriram and Stoica, Ion},
  booktitle={SoCC},
  pages={24},
  year={2012},
  organization={ACM}
}

@inproceedings{Vernica12,
  title={{Adaptive MapReduce using situation-aware mappers}},
  author={Vernica, Rares and Balmin, Andrey and Beyer, Kevin S and Ercegovac, Vuk},
  booktitle={Proceedings of EDBT},
  pages={420--431},
  year={2012},
  organization={ACM}
}

@INPROCEEDINGS{NLMeans,
    author = {Antoni Buades and Bartomeu Coll},
    title = {A non-local algorithm for image denoising},
    booktitle = {CVPR},
    year = {2005},
    pages = {60--65}
}

@inproceedings{WENG04,
  title={{An Approach for Automatic Data Virtualization}},
  author={Weng, Li and Agrawal, Gagan and Catalyurek, Umit and Kur, T and Narayanan, Sivaramakrishnan and Saltz, Joel},
  booktitle={Proceedings of HPDC},
  pages={24--33},
  year={2004}
}

@MISC{LPRM,
  title = {{Land Parameter Retrieval Model (LPRM) Level 2 (Swath) Collection}},
  howpublished = {http://disc.sci.gsfc.nasa.gov/Aura/data-holdings/OMI/index.shtml}
}

@MISC{SciDBForum,
  title = {{SciDB Support and Discussion}},
  howpublished = {\url{http://www.scidb.org/forum/viewtopic.php?f=11&t=334}}
}


@inproceedings{Shatdal:1995:APA:223784.223801,
 author = {Shatdal, Ambuj and Naughton, Jeffrey F.},
 title = {Adaptive parallel aggregation algorithms},
 booktitle = {Proceedings of the 1995 ACM SIGMOD international conference on Management of data},
 series = {SIGMOD '95},
 year = {1995},
 pages = {104--114},
 publisher = {ACM}
}

@book{han2006data,
  title={Data mining: concepts and techniques},
  author={Han, Jiawei and Kamber, Micheline and Pei, Jian},
  year={2006},
  publisher={Morgan kaufmann}
}

@article{heger2013hadoop,
  title={Hadoop Performance Tuning-A Pragmatic \& Iterative Approach},
  author={Heger, Dominique},
  journal={CMG Journal},
  year={2013}
}







@inproceedings{SIGMOD12,
  title = {{NoDB: efficient query execution on raw data files}},
  author={Alagiannis, Ioannis and Borovica, Renata and Branco, Miguel and Idreos, Stratos and Ailamaki, Anastasia},
  booktitle={Proceedings of the 2012 ACM SIGMOD International Conference on Management of Data},
  pages={241--252},
  year={2012}
}

@inproceedings{SIGMOD11,
 author = {Kunchithapadam, Krishna and Zhang, Wei and Ganesh, Amit and Mukherjee, Niloy},
 title = {{Oracle Database Filesystem}},
 booktitle = {Proceedings of the 2011 ACM SIGMOD International Conference on Management of Data},
 pages={1149--1160},
 year={2011}
}



@inproceedings{VLDB96,
  author = {Seshadri, Praveen and Livny, Miron and Ramakrishnan, Raghu},
  booktitle = {VLDB},
  date = {2002-01-03},
  editor = {Vijayaraman, T. M. and Buchmann, Alejandro P. and Mohan, C. and Sarda, Nandlal L.},
  pages = {99-110},
  publisher = {Morgan Kaufmann},
  timestamp = {2002-01-03T00:00:00.000+0100},
  title = {{The Design and Implementation of a Sequence Database System}},
  year = {1996}
}


@inproceedings{SIGMOD96,
  author = {Libkin, Leonid and Machlin, Rona and Wong, Limsoon},
  title = {{A query language for multidimensional arrays: design, implementation, and optimization techniques}},
  booktitle={SIGMOD Rec.},
  pages={228--239},
  year={1996}
}

@MISC{Postgres,
  title = {{PostgreSQL}},
  howpublished = {http://www.postgresql.org}
}

@MISC{PostGIS,
  title = {{PostGIS 2.0 Manual}},
  howpublished = {http://postgis.net/stuff/postgis-2.0.pdf}
}

@inproceedings{EDBT04,
  author = {van Ballegooij, Alex R.},
  title = {{RAM: a multidimensional array DBMS}},
  booktitle={EDBT 2004 Workshops},
  pages={154--165},
  year={2005}
}

@inproceedings{AQuery,
 author = {Lerner, Alberto and Shasha, Dennis},
 title = {{AQuery: query language for ordered data, optimization techniques, and experiments}},
 booktitle = {{VLDB}},
 year = {2003},
 pages = {345--356},
 numpages = {12},
}

@article{CerveiraCordeiro2009,
 author = {Cerveira Cordeiro, Jo\~{a}o Pedro and C\^{a}mara, Gilberto and Moura De Freitas, Ubirajara and Almeida, Felipe},
 title = {{Yet Another Map Algebra}},
 journal = {Geoinformatica},
 volume = {13},
 number = {2},
 month = jun,
 year = {2009},
 issn = {1384-6175},
 pages = {183--202},
 numpages = {20},
 publisher = {Kluwer Academic Publishers},
 address = {Hingham, MA, USA}
}

@article{Pullar01,
 author = {Pullar, David},
 title = {{MapScript: A Map Algebra Programming Language Incorporating Neighborhood Analysis}},
 journal = {Geoinformatica},
 issue_date = {June 2001},
 volume = {5},
 number = {2},
 month = jun,
 year = {2001},
 issn = {1384-6175},
 pages = {145--163},
 numpages = {19},
 publisher = {Kluwer Academic Publishers},
 address = {Hingham, MA, USA}
}

@ARTICLE{Mennis05,
    author = {Jeremy Mennis and C. Dana Tomlin},
    title = {{Cubic map algebra functions for spatio-temporal analysis}},
    journal = {CaGIS},
    year = {2005},
    volume = {32},
    pages = {17--32}
}

@article{LAD,
  title={{The Longhorn Array Database (LAD): an open-source, MIAME compliant implementation of the SMD}},
  author={Killion, Patrick and Sherlock, Gavin and Iyer, Vishwanath},
  journal={Bmc Bioinformatics},
  volume={4},
  number={1},
  pages={32},
  year={2003},
  publisher={BioMed Central Ltd}
}

@article{TerraLib,
  title={{TerraLib: An open source GIS library for large-scale environmental and socio-economic applications}},
  author={C{\^a}mara, Gilberto and Vinhas, L{\'u}bia and Ferreira, Karine Reis and others},
  journal={Open Source Approaches in Spatial Data Handling},
  pages={247--270},
  year={2008},
  publisher={Springer}
}

@inproceedings{MonetDB,
  title={{MonetDB, a novel spatial columnstore DBMS}},
  author={Vermeij, Maarten and Quak, Wilko and Kersten, Martin and Nes, Niels},
  booktitle={Proceedings of FOSS4G},
  pages={193--199},
  year={2008}
}

@INPROCEEDINGS{NETCDFSQL,
    author={Su, Yu and Agrawal, Gagan},
    booktitle={Proceedings of CCGRID},
    title={{Supporting User-Defined Subsetting and Aggregation over Parallel NetCDF Datasets}},
    year={2012},
    month={may},
    pages={212-219}
}

@INPROCEEDINGS{SU12,
    author={Su, Yu and Agrawal, Gagan},
    booktitle={Proceedings of CCGRID},
    title={{Supporting User-Defined Subsetting and Aggregation over Parallel NetCDF Datasets}},
    year={2012},
    month={may},
    pages={212-219}
}

@INPROCEEDINGS{HDF5SQL,
    author={Wang, Yi and Su, Yu and Agrawal, Gagan},
    booktitle={Proceedings of CCGRID},
    title={{Supporting a Light-Weight Data Management Layer Over HDF5}},
    year={2013},
    month={may},
    pages={335-342}
}

@INPROCEEDINGS{WANG13,
    author={Wang, Yi and Su, Yu and Agrawal, Gagan},
    booktitle={Proceedings of CCGRID},
    title={{Supporting a Light-Weight Data Management Layer Over HDF5}},
    year={2013},
    month={may},
    pages={335-342}
}

@inproceedings{SciMATE,
  author    = {Wang, Yi and Wei, Jiang and Agrawal, Gagan},
  title     = {{SciMATE: A Novel MapReduce-Like Framework for Multiple Scientific
               Data Formats}},
  booktitle = {Proceedings of CCGRID},
  year      = {2012},
  month     = {may},
  pages     = {443-450}
}

@inproceedings{chang1997titan,
  title={Titan: a high-performance remote-sensing database},
  author={Chang, Chialin and Moon, Bongki and Acharya, Anurag and Shock, Carter and Sussman, Alan and Saltz, Joel},
  booktitle={Proceedings of ICDE},
  pages={375--384},
  year={1997},
  organization={IEEE}
}

@article{chang1998t2,
  title={T2: A customizable parallel database for multi-dimensional data},
  author={Chang, Chialin and Acharya, Anurag and Sussman, Alan and Saltz, Joel},
  journal={ACM SIGMOD Record},
  volume={27},
  number={1},
  pages={58--66},
  year={1998},
  publisher={ACM}
}



@inproceedings{planthaber2012earthdb,
  title={{EarthDB: scalable analysis of MODIS data using SciDB}},
  author={Planthaber, Gary and Stonebraker, Michael and Frew, James},
  booktitle={Proceedings of BigSpatial},
  pages={11--19},
  year={2012}
}

@INPROCEEDINGS{ICDE94,
    author={Sarawagi, S. and Stonebraker, Michael},
    booktitle={Proceedings of ICDE},
    title={Efficient organization of large multidimensional arrays},
    year={1994},
    pages={328-336}
}

@inproceedings{arraystore,
  title={{ArrayStore: A Storage Manager for Complex Parallel Array Processing}},
  author={Soroush, Emad and Balazinska, Magdalena and Wang, Daniel},
  booktitle={Proceedings of the 2011 ACM SIGMOD International Conference on Management of Data},
  pages={253--264},
  year={2011}
}

@inproceedings{ChunkStorage,
  title={A storage scheme for multidimensional data alleviating dimension dependency},
  author={Shimada, Teppei and Tsuji, Tatsuo and Higuchi, Ken},
  booktitle={ICDIM},
  pages={662--668},
  year={2008},
  organization={IEEE}
}

@INPROCEEDINGS{HierarchicalStorage,
    author = {Reiner, Bernd and Hahn, Karl and H{\"o}fling, Gabriele and Baumann, Peter},
    title = {{Hierarchical Storage Support and Management for LargeScale Multidimensional Array Database Management Systems}},
    booktitle = {DEXA},
    year = {2002}
}

@inproceedings{gufler2011handing,
  title={{Handing Data Skew in MapReduce}},
  author={Gufler, B and Augsten, N and Reiser, A and Kemper, A},
  booktitle={Proceedings of the 1st International Conference on Cloud Computing and Services Science},
  volume={146},
  pages={574--583},
  year={2011}
}

@inproceedings{SkewTune,
  title={Skewtune: mitigating skew in mapreduce applications},
  author={Kwon, YongChul and Balazinska, Magdalena and Howe, Bill and Rolia, Jerome},
  booktitle={Proceedings of the 2012 ACM SIGMOD International Conference on Management of Data},
  pages={25--36},
  year={2012},
  organization={ACM}
}

@inproceedings{SkewReduce,
  title={Skew-resistant parallel processing of feature-extracting scientific user-defined functions},
  author={Kwon, YongChul and Balazinska, Magdalena and Howe, Bill and Rolia, Jerome},
  booktitle={Proceedings of SoCC},
  pages={75--86},
  year={2010},
  organization={ACM}
}

@article{kwon2013managing,
  title={Managing Skew in Hadoop},
  author={Kwon, YongChul and Ren, Kai and Balazinska, Magdalena and Howe, Bill and Rolia, Jerome},
  journal={IEEE Data Eng. Bull},
  volume={36},
  number={1},
  pages={24--33},
  year={2013}
}

@inproceedings{OSDI08,
 author = {Zaharia, Matei and Konwinski, Andy and Joseph, Anthony D and Katz, Randy H and Stoica, Ion},
 title = {{Improving MapReduce Performance in Heterogeneous Environments}},
 booktitle = {OSDI},
 year = {2008},
 volume={8},
 pages = {29--42},
 numpages = {14}
}

@inproceedings{OSDI10,
  title={{Reining in the Outliers in Map-Reduce Clusters using Mantri}},
  author={Ananthanarayanan, Ganesh and Kandula, Srikanth and Greenberg, Albert G and Stoica, Ion and Lu, Yi and Saha, Bikas and Harris, Edward},
  booktitle={OSDI},
  pages = {1--16},
  numpages = {16},
  year={2010}
}

@inproceedings{CLOUDCOM10,
 author = {Ibrahim, Shadi and Jin, Hai and Lu, Lu and Wu, Song and He, Bingsheng and Qi, Li},
 title = {{LEEN: Locality/Fairness-Aware Key Partitioning for MapReduce in the Cloud}},
 booktitle = {CLOUDCOM},
 year = {2010},
 isbn = {978-0-7695-4302-4},
 pages = {17--24},
 numpages = {8},
 address = {Washington, DC, USA}
}

@inproceedings{SoCC12,
  title={True elasticity in multi-tenant data-intensive compute clusters},
  author={Ananthanarayanan, Ganesh and Douglas, Christopher and Ramakrishnan, Raghu and Rao, Sriram and Stoica, Ion},
  booktitle={SoCC},
  pages={24},
  year={2012},
  organization={ACM}
}

@book{lam2010hadoop,
author = {Lam, Chuck},
title = {Hadoop in Action},
year = {2010},
isbn = {1935182196},
publisher = {Manning Publications Co.},
address = {USA},
edition = {1st},
}

@inproceedings{Vernica12,
  title={{Adaptive MapReduce using situation-aware mappers}},
  author={Vernica, Rares and Balmin, Andrey and Beyer, Kevin S and Ercegovac, Vuk},
  booktitle={Proceedings of EDBT},
  pages={420--431},
  year={2012},
  organization={ACM}
}

@inproceedings{WENG04,
  title={{An Approach for Automatic Data Virtualization}},
  author={Weng, Li and Agrawal, Gagan and Catalyurek, Umit and Kur, T and Narayanan, Sivaramakrishnan and Saltz, Joel},
  booktitle={Proceedings of HPDC},
  pages={24--33},
  year={2004}
}

@MISC{LPRM,
  title = {{Land Parameter Retrieval Model (LPRM) Level 2 (Swath) Collection}},
  howpublished = {http://disc.sci.gsfc.nasa.gov/Aura/data-holdings/OMI/index.shtml}
}

@MISC{SciDBForum,
  title = {{SciDB Support and Discussion}},
  howpublished = {\url{http://www.scidb.org/forum/viewtopic.php?f=11&t=334}}
}


@inproceedings{Shatdal:1995:APA:223784.223801,
 author = {Shatdal, Ambuj and Naughton, Jeffrey F.},
 title = {Adaptive parallel aggregation algorithms},
 booktitle = {Proceedings of the 1995 ACM SIGMOD international conference on Management of data},
 series = {SIGMOD '95},
 year = {1995},
 pages = {104--114},
 publisher = {ACM}
}

@book{han2006data,
  title={Data mining: concepts and techniques},
  author={Han, Jiawei and Kamber, Micheline and Pei, Jian},
  year={2006},
  publisher={Morgan kaufmann}
}
