@inproceedings{chen2024automatic,
  title={Automatic root cause analysis via large language models for cloud incidents},
  author={Chen, Yinfang and Xie, Huaibing and Ma, Minghua and Kang, Yu and Gao, Xin and Shi, Liu and Cao, Yunjie and Gao, Xuedong and Fan, Hao and Wen, Ming and others},
  booktitle={Proceedings of the Nineteenth European Conference on Computer Systems},
  pages={674--688},
  year={2024}
}

@inproceedings{log1,
  title={Mining historical test logs to predict bugs and localize faults in the test logs},
  author={Amar, Anunay and Rigby, Peter C},
  booktitle={2019 IEEE/ACM 41st International Conference on Software Engineering (ICSE)},
  pages={140--151},
  year={2019},
  organization={IEEE}
}

@inproceedings{log2,
  title={Spectrum-based log diagnosis},
  author={Rosenberg, Carl Martin and Moonen, Leon},
  booktitle={Proceedings of the 14th ACM/IEEE International Symposium on Empirical Software Engineering and Measurement (ESEM)},
  pages={1--12},
  year={2020}
}

@article{metric1,
  title={Characterization and learning of causal graphs with latent variables from soft interventions},
  author={Kocaoglu, Murat and Jaber, Amin and Shanmugam, Karthikeyan and Bareinboim, Elias},
  journal={Advances in Neural Information Processing Systems},
  volume={32},
  year={2019}
}

@article{metric2,
  title={Root cause analysis of failures in microservices through causal discovery},
  author={Ikram, Azam and Chakraborty, Sarthak and Mitra, Subrata and Saini, Shiv and Bagchi, Saurabh and Kocaoglu, Murat},
  journal={Advances in Neural Information Processing Systems},
  volume={35},
  pages={31158--31170},
  year={2022}
}

@inproceedings{metric3,
  title={Causal inference-based root cause analysis for online service systems with intervention recognition},
  author={Li, Mingjie and Li, Zeyan and Yin, Kanglin and Nie, Xiaohui and Zhang, Wenchi and Sui, Kaixin and Pei, Dan},
  booktitle={Proceedings of the 28th ACM SIGKDD Conference on Knowledge Discovery and Data Mining},
  pages={3230--3240},
  year={2022}
}

@inproceedings{metric4,
  title={Incremental causal graph learning for online root cause analysis},
  author={Wang, Dongjie and Chen, Zhengzhang and Fu, Yanjie and Liu, Yanchi and Chen, Haifeng},
  booktitle={Proceedings of the 29th ACM SIGKDD Conference on Knowledge Discovery and Data Mining},
  pages={2269--2278},
  year={2023}
}

@techreport{page1999pagerank,
  title={The PageRank citation ranking: Bringing order to the web},
  author={Page, Lawrence},
  year={1999},
  institution={Technical Report}
}

@inproceedings{trace2,
  title={Unsupervised detection of microservice trace anomalies through service-level deep bayesian networks},
  author={Liu, Ping and Xu, Haowen and Ouyang, Qianyu and Jiao, Rui and Chen, Zhekang and Zhang, Shenglin and Yang, Jiahai and Mo, Linlin and Zeng, Jice and Xue, Wenman and others},
  booktitle={2020 IEEE 31st International Symposium on Software Reliability Engineering (ISSRE)},
  pages={48--58},
  year={2020},
  organization={IEEE}
}

@article{wang2023rcagent,
  title={Rcagent: Cloud root cause analysis by autonomous agents with tool-augmented large language models},
  author={Wang, Zefan and Liu, Zichuan and Zhang, Yingying and Zhong, Aoxiao and Fan, Lunting and Wu, Lingfei and Wen, Qingsong},
  journal={arXiv preprint arXiv:2310.16340},
  year={2023}
}

@inproceedings{yao2024chain,
  title={Chain-of-Event: Interpretable Root Cause Analysis for Microservices through Automatically Learning Weighted Event Causal Graph},
  author={Yao, Zhenhe and Pei, Changhua and Chen, Wenxiao and Wang, Hanzhang and Su, Liangfei and Jiang, Huai and Xie, Zhe and Nie, Xiaohui and Pei, Dan},
  booktitle={Companion Proceedings of the 32nd ACM International Conference on the Foundations of Software Engineering},
  pages={50--61},
  year={2024}
}

@inproceedings{yaosparserca,
  title={SparseRCA: Unsupervised Root Cause Analysis in Sparse Microservice Testing Traces},
  author={Yao, Zhenhe and Ye, Haowei and Pei, Changhua and Cheng, Guang and Wang, Guangpei and Liu, Zhiwei and Chen, Hongwei and Cui, Hang and Li, Zeyan and Li, Jianhui and others},
  booktitle={2024 IEEE 35st International Symposium on Software Reliability Engineering (ISSRE)},
  year={2024},
}

@inproceedings{yu2021microrank,
  title={Microrank: End-to-end latency issue localization with extended spectrum analysis in microservice environments},
  author={Yu, Guangba and Chen, Pengfei and Chen, Hongyang and Guan, Zijie and Huang, Zicheng and Jing, Linxiao and Weng, Tianjun and Sun, Xinmeng and Li, Xiaoyun},
  booktitle={Proceedings of the Web Conference 2021},
  pages={3087--3098},
  year={2021}
}

@inproceedings{yu2023nezha,
  title={Nezha: Interpretable fine-grained root causes analysis for microservices on multi-modal observability data},
  author={Yu, Guangba and Chen, Pengfei and Li, Yufeng and Chen, Hongyang and Li, Xiaoyun and Zheng, Zibin},
  booktitle={Proceedings of the 31st ACM Joint European Software Engineering Conference and Symposium on the Foundations of Software Engineering},
  pages={553--565},
  year={2023}
}

@article{zhang2024mabc,
  title={mABC: multi-Agent Blockchain-Inspired Collaboration for root cause analysis in micro-services architecture},
  author={Zhang, Wei and Guo, Hongcheng and Yang, Jian and Zhang, Yi and Yan, Chaoran and Tian, Zhoujin and Ji, Hangyuan and Li, Zhoujun and Li, Tongliang and Zheng, Tieqiao and others},
  journal={arXiv preprint arXiv:2404.12135},
  year={2024}
}

@article{zhou2024d-bot,
  title={D-bot: Database diagnosis system using large language models},
  author={Zhou, Xuanhe and Li, Guoliang and Sun, Zhaoyan and Liu, Zhiyuan and Chen, Weize and Wu, Jianming and Liu, Jiesi and Feng, Ruohang and Zeng, Guoyang},
  journal={Proceedings of the VLDB Endowment},
  volume={17},
  number={10},
  pages={2514--2527},
  year={2024},
  publisher={VLDB Endowment}
}

