@incollection{Bengio+chapter2007,
author = {Bengio, Yoshua and LeCun, Yann},
booktitle = {Large Scale Kernel Machines},
publisher = {MIT Press},
title = {Scaling Learning Algorithms Towards {AI}},
year = {2007}
}

@article{Hinton06,
author = {Hinton, Geoffrey E. and Osindero, Simon and Teh, Yee Whye},
journal = {Neural Computation},
pages = {1527--1554},
title = {A Fast Learning Algorithm for Deep Belief Nets},
volume = {18},
year = {2006}
}

@book{goodfellow2016deep,
title={Deep learning},
author={Goodfellow, Ian and Bengio, Yoshua and Courville, Aaron and Bengio, Yoshua},
volume={1},
year={2016},
publisher={MIT Press}
}

@inproceedings{gan2021sage,
  title={Sage: practical and scalable ML-driven performance debugging in microservices},
  author={Gan, Yu and Liang, Mingyu and Dev, Sundar and Lo, David and Delimitrou, Christina},
  booktitle={Proceedings of the 26th ACM International Conference on Architectural Support for Programming Languages and Operating Systems},
  pages={135--151},
  year={2021}
}

@article{yao2022react,
  title={React: Synergizing reasoning and acting in language models},
  author={Yao, Shunyu and Zhao, Jeffrey and Yu, Dian and Du, Nan and Shafran, Izhak and Narasimhan, Karthik and Cao, Yuan},
  journal={arXiv preprint arXiv:2210.03629},
  year={2022}
}

@article{schick2024toolformer,
  title={Toolformer: Language models can teach themselves to use tools},
  author={Schick, Timo and Dwivedi-Yu, Jane and Dess{\`\i}, Roberto and Raileanu, Roberta and Lomeli, Maria and Hambro, Eric and Zettlemoyer, Luke and Cancedda, Nicola and Scialom, Thomas},
  journal={Advances in Neural Information Processing Systems},
  volume={36},
  year={2024}
}

@article{cerny2018contextual,
  title={Contextual understanding of microservice architecture: current and future directions},
  author={Cerny, Tomas and Donahoo, Michael J and Trnka, Michal},
  journal={ACM SIGAPP Applied Computing Review},
  volume={17},
  number={4},
  pages={29--45},
  year={2018},
  publisher={ACM New York, NY, USA}
}

@article{chen2024microfi,
  title={MicroFI: Non-Intrusive and Prioritized Request-Level Fault Injection for Microservice Applications},
  author={Chen, Hongyang and Chen, Pengfei and Yu, Guangba and Li, Xiaoyun and He, Zilong and Zhang, Huxing},
  journal={IEEE Transactions on Dependable and Secure Computing},
  year={2024},
  publisher={IEEE}
}

@article{liu2024exploring,
  title={Exploring and evaluating hallucinations in llm-powered code generation},
  author={Liu, Fang and Liu, Yang and Shi, Lin and Huang, Houkun and Wang, Ruifeng and Yang, Zhen and Zhang, Li},
  journal={arXiv preprint arXiv:2404.00971},
  year={2024}
}


@inproceedings{xie2024lantentscope,
  title={Microservice Root Cause Analysis With Limited Observability Through Intervention Recognition in the Latent Space},
  author={Xie, Zhe and Zhang, Shenglin and Geng, Yitong and Zhang, Yao and Ma, Minghua and Nie, Xiaohui and Yao, Zhenhe and Xu, Longlong and Sun, Yongqian and Li, Wentao and others},
  booktitle={Proceedings of the 30th ACM SIGKDD Conference on Knowledge Discovery and Data Mining},
  pages={6049--6060},
  year={2024}
}

@article{hong2023metagpt,
  title={Metagpt: Meta programming for multi-agent collaborative framework},
  author={Hong, Sirui and Zheng, Xiawu and Chen, Jonathan and Cheng, Yuheng and Wang, Jinlin and Zhang, Ceyao and Wang, Zili and Yau, Steven Ka Shing and Lin, Zijuan and Zhou, Liyang and others},
  journal={arXiv preprint arXiv:2308.00352},
  year={2023}
}

@article{edge2024graphrag,
  title={From local to global: A graph rag approach to query-focused summarization},
  author={Edge, Darren and Trinh, Ha and Cheng, Newman and Bradley, Joshua and Chao, Alex and Mody, Apurva and Truitt, Steven and Larson, Jonathan},
  journal={arXiv preprint arXiv:2404.16130},
  year={2024}
}

@article{jeong2024adaptive,
  title={Adaptive-rag: Learning to adapt retrieval-augmented large language models through question complexity},
  author={Jeong, Soyeong and Baek, Jinheon and Cho, Sukmin and Hwang, Sung Ju and Park, Jong C},
  journal={arXiv preprint arXiv:2403.14403},
  year={2024}
}

@inproceedings{chen2024automatic,
  title={Automatic root cause analysis via large language models for cloud incidents},
  author={Chen, Yinfang and Xie, Huaibing and Ma, Minghua and Kang, Yu and Gao, Xin and Shi, Liu and Cao, Yunjie and Gao, Xuedong and Fan, Hao and Wen, Ming and others},
  booktitle={Proceedings of the Nineteenth European Conference on Computer Systems},
  pages={674--688},
  year={2024}
}

@inproceedings{yao2024chain,
  title={Chain-of-Event: Interpretable Root Cause Analysis for Microservices through Automatically Learning Weighted Event Causal Graph},
  author={Yao, Zhenhe and Pei, Changhua and Chen, Wenxiao and Wang, Hanzhang and Su, Liangfei and Jiang, Huai and Xie, Zhe and Nie, Xiaohui and Pei, Dan},
  booktitle={Companion Proceedings of the 32nd ACM International Conference on the Foundations of Software Engineering},
  pages={50--61},
  year={2024}
}

@inproceedings{yu2023nezha,
  title={Nezha: Interpretable fine-grained root causes analysis for microservices on multi-modal observability data},
  author={Yu, Guangba and Chen, Pengfei and Li, Yufeng and Chen, Hongyang and Li, Xiaoyun and Zheng, Zibin},
  booktitle={Proceedings of the 31st ACM Joint European Software Engineering Conference and Symposium on the Foundations of Software Engineering},
  pages={553--565},
  year={2023}
}

@misc{fastgpt,
  author = {Labring},
  title = {FastGPT},
  year = {2023},
  howpublished = {\url{https://github.com/labring/FastGPT}},
}

@article{li2023chainofcode,
  title={Chain of code: Reasoning with a language model-augmented code emulator},
  author={Li, Chengshu and Liang, Jacky and Zeng, Andy and Chen, Xinyun and Hausman, Karol and Sadigh, Dorsa and Levine, Sergey and Fei-Fei, Li and Xia, Fei and Ichter, Brian},
  journal={arXiv preprint arXiv:2312.04474},
  year={2023}
}
@article{pan2023logiclm,
  title={Logic-lm: Empowering large language models with symbolic solvers for faithful logical reasoning},
  author={Pan, Liangming and Albalak, Alon and Wang, Xinyi and Wang, William Yang},
  journal={arXiv preprint arXiv:2305.12295},
  year={2023}
}

@article{wei2022chain,
  title={Chain-of-thought prompting elicits reasoning in large language models},
  author={Wei, Jason and Wang, Xuezhi and Schuurmans, Dale and Bosma, Maarten and Xia, Fei and Chi, Ed and Le, Quoc V and Zhou, Denny and others},
  journal={Advances in neural information processing systems},
  volume={35},
  pages={24824--24837},
  year={2022}
}

@article{wang2023rcagent,
  title={Rcagent: Cloud root cause analysis by autonomous agents with tool-augmented large language models},
  author={Wang, Zefan and Liu, Zichuan and Zhang, Yingying and Zhong, Aoxiao and Fan, Lunting and Wu, Lingfei and Wen, Qingsong},
  journal={arXiv preprint arXiv:2310.16340},
  year={2023}
}

@article{zhang2024mabc,
  title={mABC: multi-Agent Blockchain-Inspired Collaboration for root cause analysis in micro-services architecture},
  author={Zhang, Wei and Guo, Hongcheng and Yang, Jian and Zhang, Yi and Yan, Chaoran and Tian, Zhoujin and Ji, Hangyuan and Li, Zhoujun and Li, Tongliang and Zheng, Tieqiao and others},
  journal={arXiv preprint arXiv:2404.12135},
  year={2024}
}

@article{zhou2024d-bot,
  title={D-bot: Database diagnosis system using large language models},
  author={Zhou, Xuanhe and Li, Guoliang and Sun, Zhaoyan and Liu, Zhiyuan and Chen, Weize and Wu, Jianming and Liu, Jiesi and Feng, Ruohang and Zeng, Guoyang},
  journal={Proceedings of the VLDB Endowment},
  volume={17},
  number={10},
  pages={2514--2527},
  year={2024},
  publisher={VLDB Endowment}
}

@misc{k8sgpt,
  author = {k8sgpt-ai},
  title = {k8sgpt},
  year = {2023},
  howpublished = {\url{https://github.com/k8sgpt-ai/k8sgpt}},
}

@misc{holmesgpt,
  author = {robusta-dev},
  title = {holmesgpt},
  year = {2024},
  howpublished = {\url{https://github.com/robusta-dev/holmesgpt}},
}

@article{metric1,
  title={Characterization and learning of causal graphs with latent variables from soft interventions},
  author={Kocaoglu, Murat and Jaber, Amin and Shanmugam, Karthikeyan and Bareinboim, Elias},
  journal={Advances in Neural Information Processing Systems},
  volume={32},
  year={2019}
}

@article{metric2,
  title={Root cause analysis of failures in microservices through causal discovery},
  author={Ikram, Azam and Chakraborty, Sarthak and Mitra, Subrata and Saini, Shiv and Bagchi, Saurabh and Kocaoglu, Murat},
  journal={Advances in Neural Information Processing Systems},
  volume={35},
  pages={31158--31170},
  year={2022}
}

@inproceedings{metric3,
  title={Causal inference-based root cause analysis for online service systems with intervention recognition},
  author={Li, Mingjie and Li, Zeyan and Yin, Kanglin and Nie, Xiaohui and Zhang, Wenchi and Sui, Kaixin and Pei, Dan},
  booktitle={Proceedings of the 28th ACM SIGKDD Conference on Knowledge Discovery and Data Mining},
  pages={3230--3240},
  year={2022}
}


@inproceedings{metric4,
  title={Incremental causal graph learning for online root cause analysis},
  author={Wang, Dongjie and Chen, Zhengzhang and Fu, Yanjie and Liu, Yanchi and Chen, Haifeng},
  booktitle={Proceedings of the 29th ACM SIGKDD Conference on Knowledge Discovery and Data Mining},
  pages={2269--2278},
  year={2023}
}

@inproceedings{metric5,
  title={Root cause analysis for microservice systems via hierarchical reinforcement learning from human feedback},
  author={Wang, Lu and Zhang, Chaoyun and Ding, Ruomeng and Xu, Yong and Chen, Qihang and Zou, Wentao and Chen, Qingjun and Zhang, Meng and Gao, Xuedong and Fan, Hao and others},
  booktitle={Proceedings of the 29th ACM SIGKDD Conference on Knowledge Discovery and Data Mining},
  pages={5116--5125},
  year={2023}
}


@article{metric6,
  title={Learning DAGs from data with few root causes},
  author={Misiakos, Panagiotis and Wendler, Chris and P{\"u}schel, Markus},
  journal={Advances in Neural Information Processing Systems},
  volume={36},
  year={2024}
}

@inproceedings{log1,
  title={Mining historical test logs to predict bugs and localize faults in the test logs},
  author={Amar, Anunay and Rigby, Peter C},
  booktitle={2019 IEEE/ACM 41st International Conference on Software Engineering (ICSE)},
  pages={140--151},
  year={2019},
  organization={IEEE}
}

@inproceedings{log2,
  title={Spectrum-based log diagnosis},
  author={Rosenberg, Carl Martin and Moonen, Leon},
  booktitle={Proceedings of the 14th ACM/IEEE International Symposium on Empirical Software Engineering and Measurement (ESEM)},
  pages={1--12},
  year={2020}
}

@inproceedings{yu2021microrank,
  title={Microrank: End-to-end latency issue localization with extended spectrum analysis in microservice environments},
  author={Yu, Guangba and Chen, Pengfei and Chen, Hongyang and Guan, Zijie and Huang, Zicheng and Jing, Linxiao and Weng, Tianjun and Sun, Xinmeng and Li, Xiaoyun},
  booktitle={Proceedings of the Web Conference 2021},
  pages={3087--3098},
  year={2021}
}

@inproceedings{trace2,
  title={Unsupervised detection of microservice trace anomalies through service-level deep bayesian networks},
  author={Liu, Ping and Xu, Haowen and Ouyang, Qianyu and Jiao, Rui and Chen, Zhekang and Zhang, Shenglin and Yang, Jiahai and Mo, Linlin and Zeng, Jice and Xue, Wenman and others},
  booktitle={2020 IEEE 31st International Symposium on Software Reliability Engineering (ISSRE)},
  pages={48--58},
  year={2020},
  organization={IEEE}
}

@inproceedings{yaosparserca,
  title={SparseRCA: Unsupervised Root Cause Analysis in Sparse Microservice Testing Traces},
  author={Yao, Zhenhe and Ye, Haowei and Pei, Changhua and Cheng, Guang and Wang, Guangpei and Liu, Zhiwei and Chen, Hongwei and Cui, Hang and Li, Zeyan and Li, Jianhui and others},
  booktitle={2024 IEEE 35st International Symposium on Software Reliability Engineering (ISSRE)},
  year={2024},
}


@article{radford2018gpt,
  title={Improving language understanding by generative pre-training},
  author={Radford, Alec},
  year={2018}
}
@article{radford2019gpt2,
  title={Language models are unsupervised multitask learners},
  author={Radford, Alec and Wu, Jeffrey and Child, Rewon and Luan, David and Amodei, Dario and Sutskever, Ilya and others},
  journal={OpenAI blog},
  volume={1},
  number={8},
  pages={9},
  year={2019}
}

@article{qin2023toolllm,
  title={Toolllm: Facilitating large language models to master 16000+ real-world apis},
  author={Qin, Yujia and Liang, Shihao and Ye, Yining and Zhu, Kunlun and Yan, Lan and Lu, Yaxi and Lin, Yankai and Cong, Xin and Tang, Xiangru and Qian, Bill and others},
  journal={arXiv preprint arXiv:2307.16789},
  year={2023}
}

@article{wu2023autogen,
  title={Autogen: Enabling next-gen llm applications via multi-agent conversation framework},
  author={Wu, Qingyun and Bansal, Gagan and Zhang, Jieyu and Wu, Yiran and Zhang, Shaokun and Zhu, Erkang and Li, Beibin and Jiang, Li and Zhang, Xiaoyun and Wang, Chi},
  journal={arXiv preprint arXiv:2308.08155},
  year={2023}
}


@techreport{page1999pagerank,
  title={The PageRank citation ranking: Bringing order to the web},
  author={Page, Lawrence},
  year={1999},
  institution={Technical Report}
}


@article{shinn2024reflexion,
  title={Reflexion: Language agents with verbal reinforcement learning},
  author={Shinn, Noah and Cassano, Federico and Gopinath, Ashwin and Narasimhan, Karthik and Yao, Shunyu},
  journal={Advances in Neural Information Processing Systems},
  volume={36},
  year={2024}
}

@inproceedings{li2022dejavu,
  title={Actionable and interpretable fault localization for recurring failures in online service systems},
  author={Li, Zeyan and Zhao, Nengwen and Li, Mingjie and Lu, Xianglin and Wang, Lixin and Chang, Dongdong and Nie, Xiaohui and Cao, Li and Zhang, Wenchi and Sui, Kaixin and others},
  booktitle={Proceedings of the 30th ACM Joint European Software Engineering Conference and Symposium on the Foundations of Software Engineering},
  pages={996--1008},
  year={2022}
}


@inproceedings{wang2024revisiting,
  title={Revisiting VAE for Unsupervised Time Series Anomaly Detection: A Frequency Perspective},
  author={Wang, Zexin and Pei, Changhua and Ma, Minghua and Wang, Xin and Li, Zhihan and Pei, Dan and Rajmohan, Saravan and Zhang, Dongmei and Lin, Qingwei and Zhang, Haiming and others},
  booktitle={Proceedings of the ACM on Web Conference 2024},
  pages={3096--3105},
  year={2024}
}

@inproceedings{donut,
  title={Unsupervised anomaly detection via variational auto-encoder for seasonal kpis in web applications},
  author={Xu, Haowen and Chen, Wenxiao and Zhao, Nengwen and Li, Zeyan and Bu, Jiahao and Li, Zhihan and Liu, Ying and Zhao, Youjian and Pei, Dan and Feng, Yang and others},
  booktitle={Proceedings of the 2018 world wide web conference},
  pages={187--196},
  year={2018}
}
@article{tuli2022tranad,
  title={Tranad: Deep transformer networks for anomaly detection in multivariate time series data},
  author={Tuli, Shreshth and Casale, Giuliano and Jennings, Nicholas R},
  journal={arXiv preprint arXiv:2201.07284},
  year={2022}
}

@inproceedings{micro1,
  title={Root cause analysis for microservice systems via hierarchical reinforcement learning from human feedback},
  author={Wang, Lu and Zhang, Chaoyun and Ding, Ruomeng and Xu, Yong and Chen, Qihang and Zou, Wentao and Chen, Qingjun and Zhang, Meng and Gao, Xuedong and Fan, Hao and others},
  booktitle={Proceedings of the 29th ACM SIGKDD Conference on Knowledge Discovery and Data Mining},
  pages={5116--5125},
  year={2023}
}

@inproceedings{micro2,
  title={MULAN: Multi-modal Causal Structure Learning and Root Cause Analysis for Microservice Systems},
  author={Zheng, Lecheng and Chen, Zhengzhang and He, Jingrui and Chen, Haifeng},
  booktitle={Proceedings of the ACM on Web Conference 2024},
  pages={4107--4116},
  year={2024}
}
@inproceedings{micro3,
  title={GAMMA: Graph Neural Network-Based Multi-Bottleneck Localization for Microservices Applications},
  author={Somashekar, Gagan and Dutt, Anurag and Adak, Mainak and Lorido Botran, Tania and Gandhi, Anshul},
  booktitle={Proceedings of the ACM on Web Conference 2024},
  pages={3085--3095},
  year={2024}
}

@inproceedings{micro4,
  title={Look Deep into the Microservice System Anomaly through Very Sparse Logs},
  author={Jiang, Xinrui and Pan, Yicheng and Ma, Meng and Wang, Ping},
  booktitle={Proceedings of the ACM Web Conference 2023},
  pages={2970--2978},
  year={2023}
}

@inproceedings{micro5,
  title={Causil: Causal graph for instance level microservice data},
  author={Chakraborty, Sarthak and Garg, Shaddy and Agarwal, Shubham and Chauhan, Ayush and Saini, Shiv Kumar},
  booktitle={Proceedings of the ACM Web Conference 2023},
  pages={2905--2915},
  year={2023}
}


@article{rca1,
  title={Root cause analysis of failures in microservices through causal discovery},
  author={Ikram, Azam and Chakraborty, Sarthak and Mitra, Subrata and Saini, Shiv and Bagchi, Saurabh and Kocaoglu, Murat},
  journal={Advances in Neural Information Processing Systems},
  volume={35},
  pages={31158--31170},
  year={2022}
}

@inproceedings{rca2,
  title={Microrca: Root cause localization of performance issues in microservices},
  author={Wu, Li and Tordsson, Johan and Elmroth, Erik and Kao, Odej},
  booktitle={NOMS 2020-2020 IEEE/IFIP Network Operations and Management Symposium},
  pages={1--9},
  year={2020},
  organization={IEEE}
}

@inproceedings{rca3,
  title={TraceDiag: Adaptive, Interpretable, and Efficient Root Cause Analysis on Large-Scale Microservice Systems},
  author={Ding, Ruomeng and Zhang, Chaoyun and Wang, Lu and Xu, Yong and Ma, Minghua and Wu, Xiaomin and Zhang, Meng and Chen, Qingjun and Gao, Xin and Gao, Xuedong and others},
  booktitle={Proceedings of the 31st ACM Joint European Software Engineering Conference and Symposium on the Foundations of Software Engineering},
  pages={1762--1773},
  year={2023}
}

@inproceedings{rca4,
  title={Root Cause Analysis in Microservice Using Neural Granger Causal Discovery},
  author={Lin, Cheng-Ming and Chang, Ching and Wang, Wei-Yao and Wang, Kuang-Da and Peng, Wen-Chih},
  booktitle={Proceedings of the AAAI Conference on Artificial Intelligence},
  volume={38},
  number={1},
  pages={206--213},
  year={2024}
}

@inproceedings{deepflow,
  title={Network-centric distributed tracing with deepflow: Troubleshooting your microservices in zero code},
  author={Shen, Junxian and Zhang, Han and Xiang, Yang and Shi, Xingang and Li, Xinrui and Shen, Yunxi and Zhang, Zijian and Wu, Yongxiang and Yin, Xia and Wang, Jilong and others},
  booktitle={Proceedings of the ACM SIGCOMM 2023 Conference},
  pages={420--437},
  year={2023}
}

@inproceedings{wang2024large,
  title={Large Language Models Can Provide Accurate and Interpretable Incident Triage},
  author={Wang, Zexin and Li, Jianhui and Ma, Minghua and Li, Ze and Kang, Yu and Zhang, Chaoyun and Bansal, Chetan and Chintalapati, Murali and Rajmohan, Saravan and Lin, Qingwei and others},
  booktitle={2024 IEEE 35th International Symposium on Software Reliability Engineering (ISSRE)},
  pages={523--534},
  year={2024},
  organization={IEEE}
}