@article{hanneke2016optimal,
  title={The optimal sample complexity of PAC learning},
  author={Hanneke, Steve},
  journal={Journal of Machine Learning Research},
  volume={17},
  number={38},
  pages={1--15},
  year={2016}
}

@inproceedings{simon2015almost,
  title={An almost optimal PAC algorithm},
  author={Simon, Hans U},
  booktitle={Conference on Learning Theory},
  pages={1552--1563},
  year={2015},
  organization={PMLR}
}

@inproceedings{hanneke2024revisiting,
  title={Revisiting Agnostic PAC Learning},
  author={Hanneke, Steve and Larsen, Kasper Green and Zhivotovskiy, Nikita},
  booktitle={2024 IEEE 65th Annual Symposium on Foundations of Computer Science (FOCS)},
  pages={1968--1982},
  year={2024},
  organization={IEEE}
}

@article{valiant1984theory,
  title={A theory of the learnable},
  author={Valiant, Leslie G},
  journal={Communications of the ACM},
  volume={27},
  number={11},
  pages={1134--1142},
  year={1984},
  publisher={ACM New York, NY, USA}
}

@article{vapnik1964class,
  title={A class of algorithms for pattern recognition learning},
  author={Vapnik, Vladimir and Chervonenkis, A Ya},
  journal={Avtomat. i Telemekh},
  volume={25},
  number={6},
  pages={937--945},
  year={1964}
}

@misc{vapnik1974theory,
  title={Theory of pattern recognition},
  author={Vapnik, Vladimir and Chervonenkis, Alexey},
  year={1974},
  publisher={Nauka, Moscow}
}

@article{blumer1989learnability,
  title={Learnability and the Vapnik-Chervonenkis dimension},
  author={Blumer, Anselm and Ehrenfeucht, Andrzej and Haussler, David and Warmuth, Manfred K},
  journal={Journal of the ACM (JACM)},
  volume={36},
  number={4},
  pages={929--965},
  year={1989},
  publisher={ACM New York, NY, USA}
}

@article{ehrenfeucht1989general,
  title={A general lower bound on the number of examples needed for learning},
  author={Ehrenfeucht, Andrzej and Haussler, David and Kearns, Michael and Valiant, Leslie},
  journal={Information and Computation},
  volume={82},
  number={3},
  pages={247--261},
  year={1989},
  publisher={Elsevier}
}

@article{haussler1992decision,
  title={Decision theoretic generalizations of the PAC model for neural net and other learning applications},
  author={Haussler, David},
  journal={Information and computation},
  volume={100},
  number={1},
  pages={78--150},
  year={1992},
  publisher={Elsevier}
}


@inproceedings{aden2023optimal,
  title={Optimal pac bounds without uniform convergence},
  author={Aden-Ali, Ishaq and Cherapanamjeri, Yeshwanth and Shetty, Abhishek and Zhivotovskiy, Nikita},
  booktitle={2023 IEEE 64th Annual Symposium on Foundations of Computer Science (FOCS)},
  pages={1203--1223},
  year={2023},
  organization={IEEE}
}

@inproceedings{aden2024majority,
  title={Majority-of-three: The simplest optimal learner?},
  author={Aden-Ali, Ishaq and H{\o}andgsgaard, Mikael M{\o}ller and Larsen, Kasper Green and Zhivotovskiy, Nikita},
  booktitle={The Thirty Seventh Annual Conference on Learning Theory},
  pages={22--45},
  year={2024},
  organization={PMLR}
}

@inproceedings{baggingoptimal,
  author       = {Kasper Green Larsen},
  editor       = {Gergely Neu and
                  Lorenzo Rosasco},
  title        = {Bagging is an Optimal {PAC} Learner},
  booktitle    = {The Thirty Sixth Annual Conference on Learning Theory, {COLT} 2023,
                  12-15 July 2023, Bangalore, India},
  series       = {Proceedings of Machine Learning Research},
  volume       = {195},
  pages        = {450--468},
  publisher    = {{PMLR}},
  year         = {2023},
  url          = {https://proceedings.mlr.press/v195/larsen23a.html},
  timestamp    = {Wed, 06 Sep 2023 17:49:05 +0200},
  biburl       = {https://dblp.org/rec/conf/colt/Larsen23.bib},
  bibsource    = {dblp computer science bibliography, https://dblp.org}
}


@book{anthony2009neural,
  title={Neural network learning: Theoretical foundations},
  author={Anthony, Martin and Bartlett, Peter L},
  year={2009},
  publisher={cambridge university press}
}

@article{boucheron2005theory,
  title={Theory of classification: A survey of some recent advances},
  author={Boucheron, St{\'e}phane and Bousquet, Olivier and Lugosi, G{\'a}bor},
  journal={ESAIM: probability and statistics},
  volume={9},
  pages={323--375},
  year={2005},
  publisher={EDP Sciences}
}


@book{devroye1996probabilistic,
  title={A Probabilistic Theory of Pattern Recognition},
  author={Devroye, Luc and Gy{\"o}rfi, L{\'a}szl{\'o} and Lugosi, G{\'a}bor},
  publisher={Springer},
  year={1996}
}

@book{Understandingmachinelearningfromtheory, place={Cambridge}, title={Understanding Machine Learning: From Theory to Algorithms}, publisher={Cambridge University Press}, author={Shalev-Shwartz, Shai and Ben-David, Shai}, year={2014}}

@inproceedings{wagenmaker2022first,
  title={First-order regret in reinforcement learning with linear function approximation: A robust estimation approach},
  author={Wagenmaker, Andrew J and Chen, Yifang and Simchowitz, Max and Du, Simon and Jamieson, Kevin},
  booktitle={International Conference on Machine Learning},
  pages={22384--22429},
  year={2022},
  organization={PMLR}
}
