%intro



@misc{kaspersky2021iot,
  author = {Kaspersky},
  title = {{IoT Under Attack: Kaspersky Honeypot Logs 1.5 Billion Attacks in H1 2021}},
  year = {2021},
  howpublished = {\url{https://www.kaspersky.com/about/press-releases/2021_iot-under-attack-kaspersky-honeypot-logs-15-billion-attacks-in-h1-2021}},
  note = {Accessed: 2025-01-24}
}

@article{algaradi2020survey,
  title = {{A Survey of Machine and Deep Learning Methods for Internet of Things (IoT) Security}},
  author = {Al-Garadi, Mohammed A. and Mohamed, Amr and Al-Ali, Abdulla K. and Du, Xu and Guizani, Mohsen},
  journal = {IEEE Communications Surveys \& Tutorials},
  volume = {22},
  number = {3},
  pages = {1646--1685},
  year = {2020},
  publisher = {IEEE},
  doi = {10.1109/COMST.2020.2988293}
}

@article{sarker2023iot,
  title = {{Internet of Things (IoT) Security Intelligence: A Comprehensive Overview, Machine Learning Solutions and Research Directions}},
  author = {Sarker, Iqbal H. and Khan, Asif Irshad and Abushark, Yoosef B. and Alsolami, Fawaz},
  journal = {Mobile Networks and Applications},
  volume = {28},
  pages = {296--312},
  year = {2023},
  publisher = {Springer},
  doi = {10.1007/s11036-022-01937-3}
}





%related works

@article{al_sawafi2023hybrid,
  title = {{Hybrid Deep Learning-Based Intrusion Detection System for RPL IoT Networks}},
  author = {Al Sawafi, Yahya and Touzene, Abdullah and Al-Yahyai, Saleh and Al-Shaqsi, Zahran and Al-Shaqsi, Khalifa},
  journal = {Journal of Sensor and Actuator Networks},
  volume = {12},
  number = {2},
  pages = {21},
  year = {2023},
  publisher = {MDPI},
  doi = {10.3390/jsan12020021}
}

@article{zakariah2023machine,
  title = {{Machine Learning-Based Adaptive Synthetic Sampling Technique for Intrusion Detection}},
  author = {Zakariah, Mohammed and AlQahtani, Salman A. and Al-Rakhami, Mabrook S.},
  journal = {Applied Sciences},
  volume = {13},
  number = {11},
  pages = {6504},
  year = {2023},
  publisher = {MDPI},
  doi = {10.3390/app13116504}
}

@article{musleh2023intrusion,
  title = {{Intrusion Detection System Using Feature Extraction with Machine Learning Algorithms in IoT}},
  author = {Musleh, Dhiaa},
  journal = {Journal of Sensor and Actuator Networks},
  volume = {12},
  number = {2},
  pages = {29},
  year = {2023},
  publisher = {MDPI},
  doi = {10.3390/jsan12020029}
}

@article{chaganti2023deep,
  title = {{Deep Learning Approach for SDN-Enabled Intrusion Detection System in IoT Networks}},
  author = {Chaganti, Rakesh and Suliman, Wail and Ravi, Vijayakumar and Dua, Amit},
  journal = {Information},
  volume = {14},
  number = {1},
  pages = {41},
  year = {2023},
  publisher = {MDPI},
  doi = {10.3390/info14010041}
}

@article{khan2023hybrid,
  title = {{A Hybrid Deep Learning-Based Intrusion Detection System for IoT Networks}},
  author = {Khan, Noor Wali and Alshehri, Mohammed S. and Khan, Muazzam A. and Almakdi, Sultan and Moradpoor, Naghmeh and Alazeb, Abdulwahab and Ullah, Safi and Naz, Naila and Ahmad, Jawad},
  journal = {Mathematical Biosciences and Engineering},
  volume = {20},
  number = {8},
  pages = {13491--13520},
  year = {2023},
  publisher = {AIMS Press},
  doi = {10.3934/mbe.2023602}
}

@inproceedings{rose2021intrusion,
  title = {{Intrusion Detection using Network Traffic Profiling and Machine Learning for IoT}},
  author = {Rose, Joseph and Swann, Matthew and Bendiab, Gueltoum and Shiaeles, Stavros and Kolokotronis, Nicholas},
  booktitle = {2021 IEEE 7th International Conference on Network Softwarization (NetSoft)},
  pages = {409--415},
  year = {2021},
  publisher = {IEEE},
  doi = {10.1109/NetSoft51509.2021.9492685}
}

@article{mohy-eddine2022ensemble,
  title = {{An Ensemble Learning Based Intrusion Detection Model for Industrial IoT Security}},
  author = {Mohy-Eddine, Mohamed and Boudjadar, Driss and Belkessam, Mehdi and Mellouk, Abdelhamid},
  journal = {Big Data Mining and Analytics},
  volume = {5},
  number = {3},
  pages = {168--176},
  year = {2022},
  publisher = {Tsinghua University Press},
  doi = {10.26599/BDMA.2022.9020032}
}

@article{mahmud2024optimized,
  title={{Optimized IoT intrusion detection using machine learning technique}},
  author={Mahmud, Muhammad Zawad and Islam, Samiha and Alve, Shahran Rahman and Pial, Al Jubayer},
  journal={arXiv preprint arXiv:2412.02845},
  year={2024}
}

@article{mahmud2024sdn,
  title = {{SDN Intrusion Detection Using Machine Learning Method}},
  author = {Mahmud, Muhammad Zawad and Alve, Shahran Rahman and Islam, Samiha and Khan, Mohammad Monirujjaman},
  journal = {arXiv preprint arXiv:2411.05888},
  year = {2024},
  url = {https://arxiv.org/abs/2411.05888},
  doi = {10.48550/arXiv.2411.05888}
}

@article{potnurwar2023deep,
  title = {{Deep Learning-Based Rule-Based Feature Selection for Intrusion Detection in Industrial Internet of Things Networks}},
  author = {Potnurwar, Archana V. and Bongirwar, Vrushali K. and Ajani, Samir and Shelke, Nilesh and Dhone, Mrunalee and Parati, Namita},
  journal = {International Journal of Intelligent Systems and Applications in Engineering},
  volume = {11},
  number = {10s},
  pages = {59-66},
  year = {2023}
}

%metho

@article{neto2023ciciot2023,
  title = {{CICIoT2023: A Real-Time Dataset and Benchmark for Large-Scale Attacks in IoT Environment}},
  author = {Neto, Euclides Carlos Pinto and Dadkhah, Sajjad and Ferreira, Raphael and Zohourian, Alireza and Lu, Rongxing and Ghorbani, Ali A.},
  journal = {Sensors},
  volume = {23},
  number = {13},
  pages = {5941},
  year = {2023},
  publisher = {MDPI},
  doi = {10.3390/s23135941}
}

@misc{aliyev2020,
  author = {Aliyev, V.},
  title = {{Gradient Boosting Classification explained through Python}},
  year = {2020},
  howpublished = {\url{https://towardsdatascience.com/gradient-boosting-classification-explained-through-python-60cc980eeb3d}},
  note = {[Accessed: 16 Aug. 2024]},
}


@article{islam2024deep,
      title={{Deep Learning Approach for Enhancing Oral Squamous Cell Carcinoma with LIME Explainable AI Technique}}, 
      author={Islam, Samiha and Mahmud, Muhammad Zawad  and Alve, Shahran Rahman and Chowdhury, Md. Mejbah Ullah},
      journal={arXiv preprint arXiv:2411.14184},
      year={2024}
}

@article{mahmud2024advance,
  title={{Advance Transfer Learning Approach for Identification of Multiclass Skin Disease with LIME Explainable AI Technique}},
  author={Mahmud, Muhammad Zawad and Reza, Md Shihab and Alve, Shahran Rahman and Islam, Samiha},
  journal={medRxiv},
  year={2024},
  publisher={Cold Spring Harbor Laboratory Press}
}






