@article{acoustic_insect_mfcc_lfcc,
    title = {Acoustic Classification of Singing Insects Based on MFCC/LFCC Fusion},
    journal = {MDPI Applied Sciences},
    year = {2019},
    note = {Retrieved December 4, 2024},
    howpublished = "Available: \url{https://www.mdpi.com/2076-3417/9/19/4097}"
}

@article{adaptive_insect_classification,
    title = {Adaptive Representations for Insect Classification},
    journal = {PLOS Computational Biology},
    year = {2023},
    note = {Retrieved December 4, 2024},
    howpublished = "Available: \url{https://journals.plos.org/ploscompbiol/article?id=10.1371/journal.pcbi.1011541}"
}

@inproceedings{chen2020estimating,
    author = {Chen, Chih-You and Vhaduri, Sudip and Poellabauer, Christian},
    title = {Estimating Sleep Duration from Temporal Factors, Daily Activities, and Smartphone Use},
    booktitle = {2020 IEEE 44th Annual Computers, Software, and Applications Conference (COMPSAC)},
    year = {2020},
    publisher = {IEEE}
}

@inproceedings{cheung2020continuous,
    author = {Cheung, William and Vhaduri, Sudip},
    title = {Continuous Authentication of Wearable Device Users from Heart Rate, Gait, and Breathing Data},
    booktitle = {2020 8th IEEE RAS/EMBS International Conference for Biomedical Robotics and Biomechatronics (BioRob)},
    pages = {587–592},
    year = {2020},
    publisher = {IEEE}
}

@article{dfsm_insect_classification,
    title = {Enhancing Insect Sound Classification Using DFSM},
    journal = {MDPI Applied Sciences},
    year = {2023},
    note = {Retrieved December 4, 2024},
    howpublished = "Available: \url{https://www.mdpi.com/2076-3417/14/7/3116}"
}

@inproceedings{dibbo2021effect,
    author = {Dibbo, Sayanton V. and Kim, Yugyeong and Vhaduri, Sudip},
    title = {Effect of Noise on Generic Cough Models},
    booktitle = {2021 IEEE 17th International Conference on Wearable and Implantable Body Sensor Networks (BSN)},
    pages = {1–4},
    year = {2021},
    publisher = {IEEE}
}

@inproceedings{dibbo2022phone,
    author = {Dibbo, Sayanton V. and Cheung, William and Vhaduri, Sudip},
    title = {On-Phone CNN Model-Based Implicit Authentication to Secure IoT Wearables},
    booktitle = {The Fifth International Conference on Safety and Security with IoT: SaSeIoT 2021},
    pages = {19–34},
    year = {2022},
    publisher = {Springer}
}

@article{framework_insect_sound_analysis,
    title = {A Framework for Insect Sound Analysis and Identification},
    journal = {MDPI Journal},
    note = {Retrieved December 4, 2024},
    howpublished = "Available: \url{https://www.mdpi.com}"
}

@article{kim2020understanding,
    author = {Kim, Yugyeong and Vhaduri, Sudip and Poellabauer, Christian},
    title = {Understanding College Students' Phone Call Behaviors Towards a Sustainable Mobile Health and Wellbeing Solution},
    journal = {arXiv preprint arXiv:2011.06007},
    year = {2020}
}

@article{ml_insect_bioacoustics,
    title = {Application of Machine Learning for Insect Bioacoustics},
    note = {Retrieved December 4, 2024},
    howpublished = "Available: \url{https://www.researchgate.net/publication/335642331}"
}

@inproceedings{vhaduri2018impact,
    author = {Vhaduri, Sudip and Poellabauer, Christian},
    title = {Impact of Different Pre-Sleep Phone Use Patterns on Sleep Quality},
    booktitle = {2018 IEEE 15th International Conference on Wearable and Implantable Body Sensor Networks (BSN)},
    pages = {94–97},
    year = {2018},
    publisher = {IEEE}
}

@inproceedings{vhaduri2019towards,
    author = {Vhaduri, Sudip and Brunschwiler, Thomas},
    title = {Towards Automatic Cough and Snore Detection},
    booktitle = {2019 IEEE International Conference on Healthcare Informatics (ICHI)},
    pages = {1},
    year = {2019},
    publisher = {IEEE}
}

@inproceedings{vhaduri2020nocturnal,
    author = {Vhaduri, Sudip},
    title = {Nocturnal Cough and Snore Detection Using Smartphones in Presence of Multiple Background-Noises},
    booktitle = {Proceedings of the 3rd ACM SIGCAS Conference on Computing and Sustainable Societies},
    pages = {174–186},
    year = {2020}
}

@article{vhaduri2021deriving,
    author = {Vhaduri, Sudip and Dibbo, Sayanton Vhaduri and Kim, Yugyeong},
    title = {Deriving College Students’ Phone Call Patterns to Improve Student Life},
    journal = {IEEE Access},
    volume = {9},
    pages = {96453–96465},
    year = {2021}
}

@inproceedings{vhaduri2021predicting,
    author = {Vhaduri, Sudip and Dibbo, Sayanton V. and Chen, Chih-You and Poellabauer, Christian},
    title = {Predicting Next Call Duration: A Future Direction to Promote Mental Health in the Age of Lockdown},
    booktitle = {2021 IEEE 45th Annual Computers, Software, and Applications Conference (COMPSAC)},
    pages = {804–811},
    year = {2021},
    publisher = {IEEE}
}

