@article{piczak2015esc,
    author = {Piczak, K. J.},
    title = {ESC: Dataset for Environmental Sound Classification},
    journal = {Institute of Electronic Systems, Warsaw University of Technology},
    year = {2015},
    howpublished = "Available: \url{https://www.karolpiczak.com/papers/Piczak2015-ESC-Dataset.pdf}"
}

@article{zhao2021connecting,
    author = {Zhao, Y. and Hessel, J. and Yu, Y. and Lu, X. and Zellers, R. and Choi, Y.},
    title = {Connecting the Dots between Audio and Text without Parallel Data through Visual Knowledge Transfer},
    journal = {arXiv},
    year = {2021},
    howpublished = "Available: \url{https://doi.org/10.48550/arxiv.2112.08995}"
}

@article{mankin1998acoustic,
    author = {Mankin, R.},
    title = {Acoustic Detection and Identification of Insects in Soil},
    journal = {The Journal of the Acoustical Society of America},
    volume = {103},
    number = {5},
    pages = {2826},
    year = {1998},
    howpublished = "Available: \url{https://doi.org/10.1121/1.421933}"
}

@misc{paperswithcode2022adaptive,
    title = {Adaptive Representations of Sound for Automatic Insect Recognition},
    month = {November 17},
    year = {2022},
    howpublished = "Available: \url{https://cs.paperswithcode.com/paper/adaptive-representations-of-sound-for}"
}

@misc{control2024financialcost,
    title = {The Financial Cost of Pest Infestations: Why Investing in Pest Prevention Pays Off},
    month = {June 2},
    year = {2024},
    howpublished = "Available: \url{https://www.prositepestcontrol.com/blog/2024/june/the-financial-cost-of-pest-infestations-why-inve/}"
}

@misc{datacamp2022machinelearning,
    title = {8 Machine Learning Models Explained in 20 Minutes},
    month = {September 16},
    year = {2022},
    howpublished = "Available: \url{https://www.datacamp.com/blog/machine-learning-models-explained}"
}

@misc{scikit_learn_decision_trees,
    title = {Decision Trees},
    publisher = {Scikit-learn},
    note = {Retrieved October 30, 2024},
    howpublished = "Available: \url{https://scikit-learn.org/1.5/modules/tree.html}"
}

@misc{developmentaid_pests,
    title = {Pests Destroy Up to 40 Percent of Global Crops and Cost \$220 Billion of Losses},
    publisher = {DevelopmentAid},
    note = {Retrieved November 13, 2024},
    howpublished = "Available: \url{https://www.developmentaid.org/news-stream/post/119866/pests-destroy-up-to-40-percent-of-global-crops-and-cost-220-billion-of-losses}"
}

@misc{fao_news_story,
    title = {FAO News Story},
    publisher = {Food and Agriculture Organization of the United Nations},
    note = {Retrieved November 13, 2024},
    howpublished = "Available: \url{https://www.fao.org/news/story/en/item/1187738/icode/}"
}


@misc{fao_plant_health,
    title = {Home},
    publisher = {Food and Agriculture Organization of the United Nations},
    note = {Retrieved November 13, 2024},
    howpublished = "Available: \url{https://www.fao.org/plant-health-2020/home/en/}"
}

@misc{developmentaid_pests_2021,
    title = {Pests Destroy Up to 40 Percent of Global Crops and Cost \$220 Billion of Losses},
    publisher = {DevelopmentAid},
    month = {June 2},
    year = {2021},
    note = {Retrieved November 13, 2024},
    howpublished = "Available: \url{https://www.developmentaid.org/news-stream/post/92599/pests-destroy-global-crops}"
}

@misc{developmentaid_pests_losses_2024,
    title = {Pests Destroy Up to 40 Percent of Global Crops and Cost \$220 Billion of Losses},
    publisher = {DevelopmentAid},
    note = {Retrieved November 13, 2024},
    howpublished = "Available: \url{https://www.developmentaid.org/news-stream/post/119866/pests-destroy-up-to-40-percent-of-global-crops-and-cost-220-billion-of-losses}"
}

@article{acoustic_insect_mfcc_lfcc,
    title = {Acoustic Classification of Singing Insects Based on MFCC/LFCC Fusion},
    journal = {MDPI Applied Sciences},
    year = {2019},
    note = {Retrieved December 4, 2024},
    howpublished = "Available: \url{https://www.mdpi.com/2076-3417/9/19/4097}"
}

@article{adaptive_insect_classification,
    title = {Adaptive Representations for Insect Classification},
    journal = {PLOS Computational Biology},
    year = {2023},
    note = {Retrieved December 4, 2024},
    howpublished = "Available: \url{https://journals.plos.org/ploscompbiol/article?id=10.1371/journal.pcbi.1011541}"
}

@article{dfsm_insect_classification,
    title = {Enhancing Insect Sound Classification Using DFSM},
    journal = {MDPI Applied Sciences},
    year = {2023},
    note = {Retrieved December 4, 2024},
    howpublished = "Available: \url{https://www.mdpi.com/2076-3417/14/7/3116}"
}

@article{ml_insect_bioacoustics,
    title = {Application of Machine Learning for Insect Bioacoustics},
    note = {Retrieved December 4, 2024},
    howpublished = "Available: \url{https://www.researchgate.net/publication/335642331}"
}

@article{framework_insect_sound_analysis,
    title = {A Framework for Insect Sound Analysis and Identification},
    journal = {MDPI Journal},
    note = {Retrieved December 4, 2024},
    howpublished = "Available: \url{https://www.mdpi.com}"
}

@article{kim2020understanding,
    author = {Kim, Yugyeong and Vhaduri, Sudip and Poellabauer, Christian},
    title = {Understanding College Students' Phone Call Behaviors Towards a Sustainable Mobile Health and Wellbeing Solution},
    journal = {arXiv preprint arXiv:2011.06007},
    year = {2020}
}

@inproceedings{cheung2020continuous,
    author = {Cheung, William and Vhaduri, Sudip},
    title = {Continuous Authentication of Wearable Device Users from Heart Rate, Gait, and Breathing Data},
    booktitle = {2020 8th IEEE RAS/EMBS International Conference for Biomedical Robotics and Biomechatronics (BioRob)},
    pages = {587–592},
    year = {2020},
    publisher = {IEEE}
}

@inproceedings{chen2020estimating,
    author = {Chen, Chih-You and Vhaduri, Sudip and Poellabauer, Christian},
    title = {Estimating Sleep Duration from Temporal Factors, Daily Activities, and Smartphone Use},
    booktitle = {2020 IEEE 44th Annual Computers, Software, and Applications Conference (COMPSAC)},
    year = {2020},
    publisher = {IEEE}
}

@inproceedings{vhaduri2020nocturnal,
    author = {Vhaduri, Sudip},
    title = {Nocturnal Cough and Snore Detection Using Smartphones in Presence of Multiple Background-Noises},
    booktitle = {Proceedings of the 3rd ACM SIGCAS Conference on Computing and Sustainable Societies},
    pages = {174–186},
    year = {2020}
}

@inproceedings{vhaduri2019towards,
    author = {Vhaduri, Sudip and Brunschwiler, Thomas},
    title = {Towards Automatic Cough and Snore Detection},
    booktitle = {2019 IEEE International Conference on Healthcare Informatics (ICHI)},
    pages = {1},
    year = {2019},
    publisher = {IEEE}
}

@inproceedings{vhaduri2018impact,
    author = {Vhaduri, Sudip and Poellabauer, Christian},
    title = {Impact of Different Pre-Sleep Phone Use Patterns on Sleep Quality},
    booktitle = {2018 IEEE 15th International Conference on Wearable and Implantable Body Sensor Networks (BSN)},
    pages = {94–97},
    year = {2018},
    publisher = {IEEE}
}

@inproceedings{dibbo2022phone,
    author = {Dibbo, Sayanton V. and Cheung, William and Vhaduri, Sudip},
    title = {On-Phone CNN Model-Based Implicit Authentication to Secure IoT Wearables},
    booktitle = {The Fifth International Conference on Safety and Security with IoT: SaSeIoT 2021},
    pages = {19–34},
    year = {2022},
    publisher = {Springer}
}

@inproceedings{dibbo2021effect,
    author = {Dibbo, Sayanton V. and Kim, Yugyeong and Vhaduri, Sudip},
    title = {Effect of Noise on Generic Cough Models},
    booktitle = {2021 IEEE 17th International Conference on Wearable and Implantable Body Sensor Networks (BSN)},
    pages = {1–4},
    year = {2021},
    publisher = {IEEE}
}

@article{vhaduri2021deriving,
    author = {Vhaduri, Sudip and Dibbo, Sayanton Vhaduri and Kim, Yugyeong},
    title = {Deriving College Students’ Phone Call Patterns to Improve Student Life},
    journal = {IEEE Access},
    volume = {9},
    pages = {96453–96465},
    year = {2021}
}

@inproceedings{vhaduri2021predicting,
    author = {Vhaduri, Sudip and Dibbo, Sayanton V. and Chen, Chih-You and Poellabauer, Christian},
    title = {Predicting Next Call Duration: A Future Direction to Promote Mental Health in the Age of Lockdown},
    booktitle = {2021 IEEE 45th Annual Computers, Software, and Applications Conference (COMPSAC)},
    pages = {804–811},
    year = {2021},
    publisher = {IEEE}
}
