@article{achiam2023gpt,
  title={Gpt-4 technical report},
  author={Achiam, Josh and Adler, Steven and Agarwal, Sandhini and Ahmad, Lama and Akkaya, Ilge and Aleman, Florencia Leoni and Almeida, Diogo and Altenschmidt, Janko and Altman, Sam and Anadkat, Shyamal and others},
  journal={arXiv preprint arXiv:2303.08774},
  year={2023}
}

@article{anthropic2024claude,
  title={The claude 3 model family: Opus, sonnet, haiku},
  author={Anthropic, AI},
  journal={Claude-3 Model Card},
  volume={1},
  year={2024}
}

@inproceedings{arawjo2024chainforge,
  title={ChainForge: A Visual Toolkit for Prompt Engineering and LLM Hypothesis Testing},
  author={Arawjo, Ian and Swoopes, Chelse and Vaithilingam, Priyan and Wattenberg, Martin and Glassman, Elena L},
  booktitle={Proceedings of the CHI Conference on Human Factors in Computing Systems},
  pages={1--18},
  year={2024}
}

@article{brown2020language,
  title={Language models are few-shot learners},
  author={Brown, Tom and Mann, Benjamin and Ryder, Nick and Subbiah, Melanie and Kaplan, Jared D and Dhariwal, Prafulla and Neelakantan, Arvind and Shyam, Pranav and Sastry, Girish and Askell, Amanda and others},
  journal={Advances in neural information processing systems},
  volume={33},
  pages={1877--1901},
  year={2020}
}
@inproceedings{cai2021aspect,
  title={Aspect-category-opinion-sentiment quadruple extraction with implicit aspects and opinions},
  author={Cai, Hongjie and Xia, Rui and Yu, Jianfei},
  booktitle={Proceedings of the 59th Annual Meeting of the Association for Computational Linguistics and the 11th International Joint Conference on Natural Language Processing (Volume 1: Long Papers)},
  pages={340--350},
  year={2021}
}

@inproceedings{chebolu2024oats,
  title={OATS: A Challenge Dataset for Opinion Aspect Target Sentiment Joint Detection for Aspect-Based Sentiment Analysis},
  author={Chebolu, Siva Uday Sampreeth and Dernoncourt, Franck and Lipka, Nedim and Solorio, Thamar},
  booktitle={Proceedings of the 2024 Joint International Conference on Computational Linguistics, Language Resources and Evaluation (LREC-COLING 2024)},
  pages={12336--12347},
  year={2024}
}

@inproceedings{chen2024universal,
  title={Universal Self-Consistency for Large Language Models},
  author={Chen, Xinyun and Aksitov, Renat and Alon, Uri and Ren, Jie and Xiao, Kefan and Yin, Pengcheng and Prakash, Sushant and Sutton, Charles and Wang, Xuezhi and Zhou, Denny},
  booktitle={ICML 2024 Workshop on In-Context Learning},
  year={2024}
}

@article{dubey2024llama,
  title={The llama 3 herd of models},
  author={Dubey, Abhimanyu and Jauhri, Abhinav and Pandey, Abhinav and Kadian, Abhishek and Al-Dahle, Ahmad and Letman, Aiesha and Mathur, Akhil and Schelten, Alan and Yang, Amy and Fan, Angela and et al.},
  year={2024},
  eprint={2407.21783},
  archivePrefix={arXiv},
  primaryClass={cs.AI}, 
}

@inproceedings{faggioli2023perspectives,
  title={Perspectives on large language models for relevance judgment},
  author={Faggioli, Guglielmo and Dietz, Laura and Clarke, Charles LA and Demartini, Gianluca and Hagen, Matthias and Hauff, Claudia and Kando, Noriko and Kanoulas, Evangelos and Potthast, Martin and Stein, Benno and others},
  booktitle={Proceedings of the 2023 ACM SIGIR International Conference on Theory of Information Retrieval},
  pages={39--50},
  year={2023}
}

@inproceedings{fehle2023absa,
  title={Aspect-Based Sentiment Analysis as a Multi-Label Classification Task on the Domain of German Hotel Reviews},
  author={Fehle, Jakob and Münster, Leonie and Schmidt, Thomas and Wolff, Christian},
  booktitle={Proceedings of the 19th Conference on Natural Language Processing (KONVENS 2023)},
  pages={202--218},
  year={2023}
}

@article{team2024gemma,
  title={Gemma 2: Improving open language models at a practical size},
  author={Gemma, Team and Riviere, Morgane and Pathak, Shreya and Sessa, Pier Giuseppe and Hardin, Cassidy and Bhupatiraju, Surya and Hussenot, L{\'e}onard and Mesnard, Thomas and Shahriari, Bobak and Ram{\'e}, Alexandre and others},
  journal={arXiv preprint arXiv:2408.00118},
  year={2024}
}

@inproceedings{gretz2023zero,
  title={Zero-shot Topical Text Classification with LLMs-an Experimental Study},
  author={Gretz, Shai and Halfon, Alon and Shnayderman, Ilya and Toledo-Ronen, Orith and Spector, Artem and Dankin, Lena and Katsis, Yannis and Arviv, Ofir and Katz, Yoav and Slonim, Noam and others},
  booktitle={Findings of the Association for Computational Linguistics: EMNLP 2023},
  pages={9647--9676},
  year={2023}
}

@inproceedings{gou2023mvp,
  title={MvP: Multi-view Prompting Improves Aspect Sentiment Tuple Prediction},
  author={Gou, Zhibin and Guo, Qingyan and Yang, Yujiu},
  booktitle={Proceedings of the 61st Annual Meeting of the Association for Computational Linguistics (Volume 1: Long Papers)},
  pages={4380--4397},
  year={2023}
}

@inproceedings{hellwig2024gerestaurant,
  title={GERestaurant: A German Dataset of Annotated Restaurant Reviews for Aspect-Based Sentiment Analysis},
  author={Hellwig, Nils Constantin and Fehle, Jakob and Bink, Markus and Wolff, Christian},
  booktitle={Proceedings of the 20th Conference on Natural Language Processing (KONVENS 2024)},
  pages={123--133},
  year={2024}
}

@inproceedings{hu2022improving,
  title={Improving Aspect Sentiment Quad Prediction via Template-Order Data Augmentation},
  author={Hu, Mengting and Wu, Yike and Gao, Hang and Bai, Yinhao and Zhao, Shiwan},
  booktitle={Proceedings of the 2022 Conference on Empirical Methods in Natural Language Processing},
  pages={7889--7900},
  year={2022}
}

@article{honnibal2017spacy,
  title={spaCy 2: Natural language understanding with Bloom embeddings, convolutional neural networks and incremental parsing},
  author={Honnibal, Matthew and Montani, Ines},
  journal={To appear},
  volume={7},
  number={1},
  pages={411--420},
  year={2017}
}



@article{jiang2024mixtral,
  title={Mixtral of experts},
  author={Jiang, Albert Q and Sablayrolles, Alexandre and Roux, Antoine and Mensch, Arthur and Savary, Blanche and Bamford, Chris and Chaplot, Devendra Singh and Casas, Diego de las and Hanna, Emma Bou and Bressand, Florian and others},
  journal={arXiv preprint arXiv:2401.04088},
  year={2024}
}


@Book{jurafsky2000speech,
  author={Daniel Jurafsky and James H. Martin},
  title={Speech and Language Processing: An Introduction to Natural Language Processing, Computational Linguistics, and Speech Recognition with Language Models},
  year={2024},
  edition={3rd},
}


@article{kojima2022large,
  title={Large language models are zero-shot reasoners},
  author={Kojima, Takeshi and Gu, Shixiang Shane and Reid, Machel and Matsuo, Yutaka and Iwasawa, Yusuke},
  journal={Advances in neural information processing systems},
  volume={35},
  pages={22199--22213},
  year={2022}
}


@article{li2023data,
  title={Data augmentation for aspect-based sentiment analysis},
  author={Li, Guangmin and Wang, Hui and Ding, Yi and Zhou, Kangan and Yan, Xiaowei},
  journal={International Journal of Machine Learning and Cybernetics},
  volume={14},
  number={1},
  pages={125--133},
  year={2023},
  publisher={Springer}
}

@inproceedings{liu2021solving,
  title={Solving Aspect Category Sentiment Analysis as a Text Generation Task},
  author={Liu, Jian and Teng, Zhiyang and Cui, Leyang and Liu, Hanmeng and Zhang, Yue},
  booktitle={Proceedings of the 2021 Conference on Empirical Methods in Natural Language Processing},
  pages={4406--4416},
  year={2021}
}

@inproceedings{lu2022unified,
  title={Unified Structure Generation for Universal Information Extraction},
  author={Lu, Yaojie and Liu, Qing and Dai, Dai and Xiao, Xinyan and Lin, Hongyu and Han, Xianpei and Sun, Le and Wu, Hua},
  booktitle={Proceedings of the 60th Annual Meeting of the Association for Computational Linguistics (Volume 1: Long Papers)},
  pages={5755--5772},
  year={2022}
}

@inproceedings{loper2002nltk,
  title={NLTK: The Natural Language Toolkit},
  author={Loper, Edward and Bird, Steven},
  booktitle={Proceedings of the ACL-02 Workshop on Effective Tools and Methodologies for Teaching Natural Language Processing and Computational Linguistics},
  pages={63--70},
  year={2002}
}


@inproceedings{pontiki2014semeval,
    title = "SemEval-2014 Task 4: Aspect Based Sentiment Analysis",
    author = "Pontiki, Maria  and Galanis, Dimitris  and Pavlopoulos, John  and Papageorgiou, Harris  and Androutsopoulos, Ion  and Manandhar, Suresh",
    booktitle = "Proceedings of the 8th International Workshop on Semantic Evaluation ({S}em{E}val 2014)",
    month = aug,
    year = "2014",
    address = "Dublin, Ireland",
    publisher = "Association for Computational Linguistics",
    pages = "27--35",
}

@inproceedings{pontiki2015semeval,
  title={Semeval-2015 Task 12: Aspect based sentiment analysis},
  author={Pontiki, Maria and Galanis, Dimitrios and Papageorgiou, Harris and Manandhar, Suresh and Androutsopoulos, Ion},
  booktitle={Proceedings of the 9th international workshop on semantic evaluation (SemEval 2015)},
  pages={486--495},
  year={2015}
}

@inproceedings{pontiki2016semeval,
  title={Semeval-2016 task 5: Aspect based sentiment analysis},
  author={Pontiki, Maria and Galanis, Dimitrios and Papageorgiou, Haris and Androutsopoulos, Ion and Manandhar, Suresh and Al-Smadi, Mohammad and Al-Ayyoub, Mahmoud and Zhao, Yanyan and Qin, Bing and De Clercq, Orph{\'e}e and others},
  booktitle={International workshop on semantic evaluation},
  pages={19--30},
  year={2016}
}

@inproceedings{sechidis2011stratification,
  title={On the stratification of multi-label data},
  author={Sechidis, Konstantinos and Tsoumakas, Grigorios and Vlahavas, Ioannis},
  booktitle={Machine Learning and Knowledge Discovery in Databases: European Conference, ECML PKDD 2011, Athens, Greece, September 5-9, 2011, Proceedings, Part III 22},
  pages={145--158},
  year={2011},
  organization={Springer}
}

@article{song2020analyzing,
  title={Analyzing passengers’ emotions following flight delays-a 2011--2019 case study on SKYTRAX comments},
  author={Song, Cen and Guo, Jingquan and Zhuang, Jun},
  journal={Journal of Air Transport Management},
  volume={89},
  pages={101903},
  year={2020},
  publisher={Elsevier}
}

@article{vaswani2017attention,
  title={Attention is all you need},
  author={Vaswani, A},
  journal={Advances in Neural Information Processing Systems},
  year={2017}
}

@inproceedings{wan2020target,
  title={Target-aspect-sentiment joint detection for aspect-based sentiment analysis},
  author={Wan, Hai and Yang, Yufei and Du, Jianfeng and Liu, Yanan and Qi, Kunxun and Pan, Jeff Z},
  booktitle={Proceedings of the AAAI conference on artificial intelligence},
  volume={34},
  number={05},
  pages={9122--9129},
  year={2020}
}

@inproceedings{wang2022self,
  title={Self-Consistency Improves Chain of Thought Reasoning in Language Models},
  author={Wang, Xuezhi and Wei, Jason and Schuurmans, Dale and Le, Quoc V and Chi, Ed H and Narang, Sharan and Chowdhery, Aakanksha and Zhou, Denny},
  booktitle={The Eleventh International Conference on Learning Representations},
  year={2022}
}

@inproceedings{wang2023plan,
  title={Plan-and-Solve Prompting: Improving Zero-Shot Chain-of-Thought Reasoning by Large Language Models},
  author={Wang, Lei and Xu, Wanyu and Lan, Yihuai and Hu, Zhiqiang and Lan, Yunshi and Lee, Roy Ka-Wei and Lim, Ee-Peng},
  booktitle={Proceedings of the 61st Annual Meeting of the Association for Computational Linguistics (Volume 1: Long Papers)},
  pages={2609--2634},
  year={2023}
}

@inproceedings{
  wang2022self,
  title={Self-Consistency Improves Chain of Thought Reasoning in Language Models},
  author={Xuezhi Wang and Jason Wei and Dale Schuurmans and Quoc V Le and Ed H. Chi and Sharan Narang and Aakanksha Chowdhery and Denny Zhou},
  booktitle={The Eleventh International Conference on Learning Representations },
  year={2023},
  url={https://openreview.net/forum?id=1PL1NIMMrw}
}

@article{wang2023large,
  title={Large language models are zero-shot text classifiers},
  author={Wang, Zhiqiang and Pang, Yiran and Lin, Yanbin},
  journal={arXiv preprint arXiv:2312.01044},
  year={2023}
}

@article{wei2022chain,
  title={Chain-of-thought prompting elicits reasoning in large language models},
  author={Wei, Jason and Wang, Xuezhi and Schuurmans, Dale and Bosma, Maarten and Xia, Fei and Chi, Ed and Le, Quoc V and Zhou, Denny and others},
  journal={Advances in neural information processing systems},
  volume={35},
  pages={24824--24837},
  year={2022}
}

@inproceedings{zhang2021towards,
  title={Towards generative aspect-based sentiment analysis},
  author={Zhang, Wenxuan and Li, Xin and Deng, Yang and Bing, Lidong and Lam, Wai},
  booktitle={Proceedings of the 59th Annual Meeting of the Association for Computational Linguistics and the 11th International Joint Conference on Natural Language Processing (Volume 2: Short Papers)},
  pages={504--510},
  year={2021}
}

@inproceedings{zhang2021aspect,
  title={Aspect Sentiment Quad Prediction as Paraphrase Generation},
  author={Zhang, Wenxuan and Deng, Yang and Li, Xin and Yuan, Yifei and Bing, Lidong and Lam, Wai},
  booktitle={Proceedings of the 2021 Conference on Empirical Methods in Natural Language Processing},
  pages={9209--9219},
  year={2021}
}


@inproceedings{zhang2024sentiment,
  title={Sentiment Analysis in the Era of Large Language Models: A Reality Check},
  author={Zhang, Wenxuan and Deng, Yue and Liu, Bing and Pan, Sinno and Bing, Lidong},
  booktitle={Findings of the Association for Computational Linguistics: NAACL 2024},
  pages={3881--3906},
  year={2024}
}


@article{wu2024evaluating,
  title={Evaluating Zero-Shot Multilingual Aspect-Based Sentiment Analysis with Large Language Models},
  author={Wu, Chengyan and Ma, Bolei and Zhang, Zheyu and Deng, Ningyuan and He, Yanqing and Xue, Yun},
  journal={arXiv preprint arXiv:2412.12564},
  year={2024}
}


@article{hellwig2025exploring,
  title={Exploring large language models for the generation of synthetic training samples for aspect-based sentiment analysis in low resource settings},
  author={Hellwig, Nils Constantin and Fehle, Jakob and Wolff, Christian},
  journal={Expert Systems with Applications},
  volume={261},
  pages={125514},
  year={2025},
  publisher={Elsevier}
}

@inproceedings{bai2024compound,
  title={Is Compound Aspect-Based Sentiment Analysis Addressed by LLMs?},
  author={Bai, Yinhao and Han, Zhixin and Zhao, Yuhua and Gao, Hang and Zhang, Zhuowei and Wang, Xunzhi and Hu, Mengting},
  booktitle={Findings of the Association for Computational Linguistics: EMNLP 2024},
  pages={7836--7861},
  year={2024}
}

@inproceedings{agarwal2024many,
  title={Many-shot In-Context Learning},
  author={Agarwal, Rishabh and Singh, Avi and Zhang, Lei M and Bohnet, Bernd and Rosias, Luis and Chan, Stephanie CY and Zhang, Biao and Faust, Aleksandra and Larochelle, Hugo},
  booktitle={ICML 2024 Workshop on In-Context Learning}
}

@article{conneau2019unsupervised,
  title={Unsupervised cross-lingual representation learning at scale},
  author={Conneau, A},
  journal={arXiv preprint arXiv:1911.02116},
  year={2019}
}

@article{zhang2022survey,
  title={A survey on aspect-based sentiment analysis: Tasks, methods, and challenges},
  author={Zhang, Wenxuan and Li, Xin and Deng, Yang and Bing, Lidong and Lam, Wai},
  journal={IEEE Transactions on Knowledge and Data Engineering},
  volume={35},
  number={11},
  pages={11019--11038},
  year={2022},
  publisher={IEEE}
}


@article{raffel2020exploring,
  title={Exploring the limits of transfer learning with a unified text-to-text transformer},
  author={Raffel, Colin and Shazeer, Noam and Roberts, Adam and Lee, Katherine and Narang, Sharan and Matena, Michael and Zhou, Yanqi and Li, Wei and Liu, Peter J},
  journal={Journal of machine learning research},
  volume={21},
  number={140},
  pages={1--67},
  year={2020}
}

@inproceedings{wang2022recognizing,
  title={Recognizing medical search query intent by few-shot learning},
  author={Wang, Yaqing and Wang, Song and Li, Yanyan and Dou, Dejing},
  booktitle={Proceedings of the 45th International ACM SIGIR Conference on Research and Development in Information Retrieval},
  pages={502--512},
  year={2022}
}

@article{cheng2024novel,
  title={A novel prompting method for few-shot NER via LLMs},
  author={Cheng, Qi and Chen, Liqiong and Hu, Zhixing and Tang, Juan and Xu, Qiang and Ning, Binbin},
  journal={Natural Language Processing Journal},
  volume={8},
  pages={100099},
  year={2024},
  publisher={Elsevier}
}

@article{wang2023gpt,
  title={Gpt-ner: Named entity recognition via large language models},
  author={Wang, Shuhe and Sun, Xiaofei and Li, Xiaoya and Ouyang, Rongbin and Wu, Fei and Zhang, Tianwei and Li, Jiwei and Wang, Guoyin},
  journal={arXiv preprint arXiv:2304.10428},
  year={2023}
}

@article{chada2021fewshotqa,
  title={Fewshotqa: A simple framework for few-shot learning of question answering tasks using pre-trained text-to-text models},
  author={Chada, Rakesh and Natarajan, Pradeep},
  journal={arXiv preprint arXiv:2109.01951},
  year={2021}
}