@inproceedings{bai2024compound,
  title={Is Compound Aspect-Based Sentiment Analysis Addressed by LLMs?},
  author={Bai, Yinhao and Han, Zhixin and Zhao, Yuhua and Gao, Hang and Zhang, Zhuowei and Wang, Xunzhi and Hu, Mengting},
  booktitle={Findings of the Association for Computational Linguistics: EMNLP 2024},
  pages={7836--7861},
  year={2024}
}

@article{brown2020language,
  title={Language models are few-shot learners},
  author={Brown, Tom and Mann, Benjamin and Ryder, Nick and Subbiah, Melanie and Kaplan, Jared D and Dhariwal, Prafulla and Neelakantan, Arvind and Shyam, Pranav and Sastry, Girish and Askell, Amanda and others},
  journal={Advances in neural information processing systems},
  volume={33},
  pages={1877--1901},
  year={2020}
}

@inproceedings{cai2021aspect,
  title={Aspect-category-opinion-sentiment quadruple extraction with implicit aspects and opinions},
  author={Cai, Hongjie and Xia, Rui and Yu, Jianfei},
  booktitle={Proceedings of the 59th Annual Meeting of the Association for Computational Linguistics and the 11th International Joint Conference on Natural Language Processing (Volume 1: Long Papers)},
  pages={340--350},
  year={2021}
}

@article{chada2021fewshotqa,
  title={Fewshotqa: A simple framework for few-shot learning of question answering tasks using pre-trained text-to-text models},
  author={Chada, Rakesh and Natarajan, Pradeep},
  journal={arXiv preprint arXiv:2109.01951},
  year={2021}
}

@article{cheng2024novel,
  title={A novel prompting method for few-shot NER via LLMs},
  author={Cheng, Qi and Chen, Liqiong and Hu, Zhixing and Tang, Juan and Xu, Qiang and Ning, Binbin},
  journal={Natural Language Processing Journal},
  volume={8},
  pages={100099},
  year={2024},
  publisher={Elsevier}
}

@article{conneau2019unsupervised,
  title={Unsupervised cross-lingual representation learning at scale},
  author={Conneau, A},
  journal={arXiv preprint arXiv:1911.02116},
  year={2019}
}

@inproceedings{faggioli2023perspectives,
  title={Perspectives on large language models for relevance judgment},
  author={Faggioli, Guglielmo and Dietz, Laura and Clarke, Charles LA and Demartini, Gianluca and Hagen, Matthias and Hauff, Claudia and Kando, Noriko and Kanoulas, Evangelos and Potthast, Martin and Stein, Benno and others},
  booktitle={Proceedings of the 2023 ACM SIGIR International Conference on Theory of Information Retrieval},
  pages={39--50},
  year={2023}
}

@inproceedings{gou2023mvp,
  title={MvP: Multi-view Prompting Improves Aspect Sentiment Tuple Prediction},
  author={Gou, Zhibin and Guo, Qingyan and Yang, Yujiu},
  booktitle={Proceedings of the 61st Annual Meeting of the Association for Computational Linguistics (Volume 1: Long Papers)},
  pages={4380--4397},
  year={2023}
}

@inproceedings{hu2022improving,
  title={Improving Aspect Sentiment Quad Prediction via Template-Order Data Augmentation},
  author={Hu, Mengting and Wu, Yike and Gao, Hang and Bai, Yinhao and Zhao, Shiwan},
  booktitle={Proceedings of the 2022 Conference on Empirical Methods in Natural Language Processing},
  pages={7889--7900},
  year={2022}
}

@inproceedings{liu2021solving,
  title={Solving Aspect Category Sentiment Analysis as a Text Generation Task},
  author={Liu, Jian and Teng, Zhiyang and Cui, Leyang and Liu, Hanmeng and Zhang, Yue},
  booktitle={Proceedings of the 2021 Conference on Empirical Methods in Natural Language Processing},
  pages={4406--4416},
  year={2021}
}

@inproceedings{lu2022unified,
  title={Unified Structure Generation for Universal Information Extraction},
  author={Lu, Yaojie and Liu, Qing and Dai, Dai and Xiao, Xinyan and Lin, Hongyu and Han, Xianpei and Sun, Le and Wu, Hua},
  booktitle={Proceedings of the 60th Annual Meeting of the Association for Computational Linguistics (Volume 1: Long Papers)},
  pages={5755--5772},
  year={2022}
}

@inproceedings{pontiki2014semeval,
    title = "SemEval-2014 Task 4: Aspect Based Sentiment Analysis",
    author = "Pontiki, Maria  and Galanis, Dimitris  and Pavlopoulos, John  and Papageorgiou, Harris  and Androutsopoulos, Ion  and Manandhar, Suresh",
    booktitle = "Proceedings of the 8th International Workshop on Semantic Evaluation ({S}em{E}val 2014)",
    month = aug,
    year = "2014",
    address = "Dublin, Ireland",
    publisher = "Association for Computational Linguistics",
    pages = "27--35",
}

@inproceedings{pontiki2015semeval,
  title={Semeval-2015 Task 12: Aspect based sentiment analysis},
  author={Pontiki, Maria and Galanis, Dimitrios and Papageorgiou, Harris and Manandhar, Suresh and Androutsopoulos, Ion},
  booktitle={Proceedings of the 9th international workshop on semantic evaluation (SemEval 2015)},
  pages={486--495},
  year={2015}
}

@inproceedings{pontiki2016semeval,
  title={Semeval-2016 task 5: Aspect based sentiment analysis},
  author={Pontiki, Maria and Galanis, Dimitrios and Papageorgiou, Haris and Androutsopoulos, Ion and Manandhar, Suresh and Al-Smadi, Mohammad and Al-Ayyoub, Mahmoud and Zhao, Yanyan and Qin, Bing and De Clercq, Orph{\'e}e and others},
  booktitle={International workshop on semantic evaluation},
  pages={19--30},
  year={2016}
}

@article{raffel2020exploring,
  title={Exploring the limits of transfer learning with a unified text-to-text transformer},
  author={Raffel, Colin and Shazeer, Noam and Roberts, Adam and Lee, Katherine and Narang, Sharan and Matena, Michael and Zhou, Yanqi and Li, Wei and Liu, Peter J},
  journal={Journal of machine learning research},
  volume={21},
  number={140},
  pages={1--67},
  year={2020}
}

@article{vaswani2017attention,
  title={Attention is all you need},
  author={Vaswani, A},
  journal={Advances in Neural Information Processing Systems},
  year={2017}
}

@inproceedings{wan2020target,
  title={Target-aspect-sentiment joint detection for aspect-based sentiment analysis},
  author={Wan, Hai and Yang, Yufei and Du, Jianfeng and Liu, Yanan and Qi, Kunxun and Pan, Jeff Z},
  booktitle={Proceedings of the AAAI conference on artificial intelligence},
  volume={34},
  number={05},
  pages={9122--9129},
  year={2020}
}

@inproceedings{wang2022recognizing,
  title={Recognizing medical search query intent by few-shot learning},
  author={Wang, Yaqing and Wang, Song and Li, Yanyan and Dou, Dejing},
  booktitle={Proceedings of the 45th International ACM SIGIR Conference on Research and Development in Information Retrieval},
  pages={502--512},
  year={2022}
}

@article{wang2023gpt,
  title={Gpt-ner: Named entity recognition via large language models},
  author={Wang, Shuhe and Sun, Xiaofei and Li, Xiaoya and Ouyang, Rongbin and Wu, Fei and Zhang, Tianwei and Li, Jiwei and Wang, Guoyin},
  journal={arXiv preprint arXiv:2304.10428},
  year={2023}
}

@article{wu2024evaluating,
  title={Evaluating Zero-Shot Multilingual Aspect-Based Sentiment Analysis with Large Language Models},
  author={Wu, Chengyan and Ma, Bolei and Zhang, Zheyu and Deng, Ningyuan and He, Yanqing and Xue, Yun},
  journal={arXiv preprint arXiv:2412.12564},
  year={2024}
}

@inproceedings{zhang2021aspect,
  title={Aspect Sentiment Quad Prediction as Paraphrase Generation},
  author={Zhang, Wenxuan and Deng, Yang and Li, Xin and Yuan, Yifei and Bing, Lidong and Lam, Wai},
  booktitle={Proceedings of the 2021 Conference on Empirical Methods in Natural Language Processing},
  pages={9209--9219},
  year={2021}
}

@inproceedings{zhang2021towards,
  title={Towards generative aspect-based sentiment analysis},
  author={Zhang, Wenxuan and Li, Xin and Deng, Yang and Bing, Lidong and Lam, Wai},
  booktitle={Proceedings of the 59th Annual Meeting of the Association for Computational Linguistics and the 11th International Joint Conference on Natural Language Processing (Volume 2: Short Papers)},
  pages={504--510},
  year={2021}
}

@inproceedings{zhang2024sentiment,
  title={Sentiment Analysis in the Era of Large Language Models: A Reality Check},
  author={Zhang, Wenxuan and Deng, Yue and Liu, Bing and Pan, Sinno and Bing, Lidong},
  booktitle={Findings of the Association for Computational Linguistics: NAACL 2024},
  pages={3881--3906},
  year={2024}
}

