@Article{Einstein,
  author =       "Albert Einstein",
  title =        "{Zur Elektrodynamik bewegter K{\"o}rper}. ({German})
                 [{On} the electrodynamics of moving bodies]",
  journal =      "Annalen der Physik",
  volume =       "322",
  number =       "10",
  pages =        "891--921",
  year =         "1905",
  DOI =          "http://dx.doi.org/10.1002/andp.19053221004"
}

@inproceedings{wang2024smartinv,
  title={Smartinv: Multimodal learning for smart contract invariant inference},
  author={Wang, Sally Junsong and Pei, Kexin and Yang, Junfeng},
  booktitle={2024 IEEE Symposium on Security and Privacy (SP)},
  pages={126--126},
  year={2024},
  organization={IEEE Computer Society}
}

@article{zhang2024acfix,
  title={Acfix: Guiding llms with mined common rbac practices for context-aware repair of access control vulnerabilities in smart contracts},
  author={Zhang, Lyuye and Li, Kaixuan and Sun, Kairan and Wu, Daoyuan and Liu, Ye and Tian, Haoye and Liu, Yang},
  journal={arXiv preprint arXiv:2403.06838},
  year={2024}
}

@inproceedings{liu2024propertygpt,
  title={PropertyGPT: LLM-driven Formal Verification of Smart Contracts through Retrieval-Augmented Property Generation},
  author={Liu, Ye and Xue, Yue and Wu, Daoyuan and Sun, Yuqiang and Li, Yi and Shi, Miaolei and Liu, Yang},
  booktitle={Proceedings of the Network and Distributed System Security Symposium (NDSS)},
  year={2025}
}


@inproceedings{DeFiTainter23,
  title={{DefiTainter: Detecting Price Manipulation Vulnerabilities in DeFi Protocols}},
  author={Kong, Queping and Chen, Jiachi and Wang, Yanlin and Jiang, Zigui and Zheng, Zibin},
  booktitle={Proc. ACM ISSTA},
  year={2023}
}

@inproceedings{chen2024flashsyn,
  title={Flashsyn: Flash loan attack synthesis via counter example driven approximation},
  author={Chen, Zhiyang and Beillahi, Sidi Mohamed and Long, Fan},
  booktitle={Proceedings of the IEEE/ACM 46th International Conference on Software Engineering},
  pages={1--13},
  year={2024}
}

@inproceedings{DeFort24,
  title={DeFort: Automatic Detection and Analysis of Price Manipulation Attacks in DeFi Applications},
  author={Xie, Maoyi and Hu, Ming and Kong, Ziqiao and Zhang, Cen and Feng, Yebo and Wang, Haijun and Xue, Yue and Zhang, Hao and Liu, Ye and Liu, Yang},
  booktitle={Proceedings of the 33rd ACM SIGSOFT International Symposium on Software Testing and Analysis},
  pages={402--414},
  year={2024}
}

@inproceedings{qin2021attacking,
  title={Attacking the defi ecosystem with flash loans for fun and profit},
  author={Qin, Kaihua and Zhou, Liyi and Livshits, Benjamin and Gervais, Arthur},
  booktitle={International conference on financial cryptography and data security},
  pages={3--32},
  year={2021},
  organization={Springer}
}

@inproceedings{wang2021promutator,
  title={ProMutator: Detecting vulnerable price oracles in DeFi by mutated transactions},
  author={Wang, Shih-Hung and Wu, Chia-Chien and Liang, Yu-Chuan and Hsieh, Li-Hsun and Hsiao, Hsu-Chun},
  booktitle={2021 IEEE European Symposium on Security and Privacy Workshops (EuroS\&PW)},
  pages={380--385},
  year={2021},
  organization={IEEE}
}

@inproceedings{xu2019anatomy,
  title={The anatomy of a cryptocurrency $\{$Pump-and-Dump$\}$ scheme},
  author={Xu, Jiahua and Livshits, Benjamin},
  booktitle={28th USENIX Security Symposium (USENIX Security 19)},
  pages={1609--1625},
  year={2019}
}

@inproceedings{zhou2021high,
  title={High-frequency trading on decentralized on-chain exchanges},
  author={Zhou, Liyi and Qin, Kaihua and Torres, Christof Ferreira and Le, Duc V and Gervais, Arthur},
  booktitle={2021 IEEE Symposium on Security and Privacy (SP)},
  pages={428--445},
  year={2021},
  organization={IEEE}
}

@inproceedings{ouyang2022, 
    title = {Training language models to follow instructions with human feedback}, 
    author = {Ouyang, Long and Wu, Jeff and Jiang, Xu and Almeida, Diogo and Wainwright, Carroll L. and Mishkin, Pamela and Zhang, Chong and Agarwal, Sandhini and Slama, Katarina and Ray, Alex and Schulman, John and Hilton, Jacob and Kelton, Fraser and Miller, Luke and Simens, Maddie and Askell, Amanda and Welinder, Peter and Christiano, Paul and Leike, Jan and Lowe, Ryan},
    booktitle = {Proceedings of the 36th International Conference on Neural Information Processing Systems},
    numpages = {15},
    year = {2024}, 
    series = {NIPS '22} 
}

@inproceedings{pang2024language,
    title={Language Model Self-improvement by Reinforcement Learning Contemplation},
    author={Jing-Cheng Pang and Pengyuan Wang and Kaiyuan Li and Xiong-Hui Chen and Jiacheng Xu and Zongzhang Zhang and Yang Yu},
    booktitle={The Twelfth International Conference on Learning Representations},
    year={2024},
    url={https://openreview.net/forum?id=38E4yUbrgr}
}

@inproceedings{li2024extracting,
  title={On extracting specialized code abilities from large language models: A feasibility study},
  author={Li, Zongjie and Wang, Chaozheng and Ma, Pingchuan and Liu, Chaowei and Wang, Shuai and Wu, Daoyuan and Gao, Cuiyun and Liu, Yang},
  booktitle={Proceedings of the IEEE/ACM 46th International Conference on Software Engineering},
  pages={1--13},
  year={2024}
}

@inproceedings{gao2023pal,
  title={Pal: Program-aided language models},
  author={Gao, Luyu and Madaan, Aman and Zhou, Shuyan and Alon, Uri and Liu, Pengfei and Yang, Yiming and Callan, Jamie and Neubig, Graham},
  booktitle={International Conference on Machine Learning},
  pages={10764--10799},
  year={2023},
  organization={PMLR}
}

@inproceedings{grech2019gigahorse,
  title={Gigahorse: thorough, declarative decompilation of smart contracts},
  author={Grech, Neville and Brent, Lexi and Scholz, Bernhard and Smaragdakis, Yannis},
  booktitle={2019 IEEE/ACM 41st International Conference on Software Engineering (ICSE)},
  pages={1176--1186},
  year={2019},
  organization={IEEE}
}

@inproceedings{feist2019slither,
  title={Slither: a static analysis framework for smart contracts},
  author={Feist, Josselin and Grieco, Gustavo and Groce, Alex},
  booktitle={2019 IEEE/ACM 2nd International Workshop on Emerging Trends in Software Engineering for Blockchain (WETSEB)},
  pages={8--15},
  year={2019},
  organization={IEEE}
}

@inproceedings{kalra2018zeus,
  title={Zeus: analyzing safety of smart contracts.},
  author={Kalra, Sukrit and Goel, Seep and Dhawan, Mohan and Sharma, Subodh},
  booktitle={Proceedings of the Network and Distributed System Security Symposium (NDSS)},
  pages={1--12},
  year={2018}
}

@inproceedings{tsankov2018securify,
  title={Securify: Practical security analysis of smart contracts},
  author={Tsankov, Petar and Dan, Andrei and Drachsler-Cohen, Dana and Gervais, Arthur and Buenzli, Florian and Vechev, Martin},
  booktitle={Proceedings of the 2018 ACM SIGSAC conference on computer and communications security},
  pages={67--82},
  year={2018}
}

@inproceedings{luu2016making,
  title={Making smart contracts smarter},
  author={Luu, Loi and Chu, Duc-Hiep and Olickel, Hrishi and Saxena, Prateek and Hobor, Aquinas},
  booktitle={Proceedings of the 2016 ACM SIGSAC conference on computer and communications security},
  pages={254--269},
  year={2016}
}

@inproceedings{mossberg2019manticore,
  title={Manticore: A user-friendly symbolic execution framework for binaries and smart contracts},
  author={Mossberg, Mark and Manzano, Felipe and Hennenfent, Eric and Groce, Alex and Grieco, Gustavo and Feist, Josselin and Brunson, Trent and Dinaburg, Artem},
  booktitle={2019 34th IEEE/ACM International Conference on Automated Software Engineering (ASE)},
  pages={1186--1189},
  year={2019},
  organization={IEEE}
}

@inproceedings{jiang2018contractfuzzer,
  title={Contractfuzzer: Fuzzing smart contracts for vulnerability detection},
  author={Jiang, Bo and Liu, Ye and Chan, Wing Kwong},
  booktitle={Proceedings of the 33rd ACM/IEEE international conference on automated software engineering},
  pages={259--269},
  year={2018}
}

@inproceedings{liu2018reguard,
  title={Reguard: finding reentrancy bugs in smart contracts},
  author={Liu, Chao and Liu, Han and Cao, Zhao and Chen, Zhong and Chen, Bangdao and Roscoe, Bill},
  booktitle={Proceedings of the 40th International Conference on Software Engineering: Companion Proceeedings},
  pages={65--68},
  year={2018}
}

@inproceedings{shou2023ityfuzz,
  title={Ityfuzz: Snapshot-based fuzzer for smart contract},
  author={Shou, Chaofan and Tan, Shangyin and Sen, Koushik},
  booktitle={Proceedings of the 32nd ACM SIGSOFT International Symposium on Software Testing and Analysis},
  pages={322--333},
  year={2023}
}

@inproceedings{sun2024gptscan,
  title={Gptscan: Detecting logic vulnerabilities in smart contracts by combining gpt with program analysis},
  author={Sun, Yuqiang and Wu, Daoyuan and Xue, Yue and Liu, Han and Wang, Haijun and Xu, Zhengzi and Xie, Xiaofei and Liu, Yang},
  booktitle={Proceedings of the IEEE/ACM 46th International Conference on Software Engineering},
  pages={1--13},
  year={2024}
}

@inproceedings{duan2022towards,
  title={Towards automated safety vetting of smart contracts in decentralized applications},
  author={Duan, Yue and Zhao, Xin and Pan, Yu and Li, Shucheng and Li, Minghao and Xu, Fengyuan and Zhang, Mu},
  booktitle={Proceedings of the 2022 ACM SIGSAC Conference on Computer and Communications Security},
  pages={921--935},
  year={2022}
}

@inproceedings{pan2023automated,
  title={Automated generation of security-centric descriptions for smart contract bytecode},
  author={Pan, Yu and Xu, Zhichao and Li, Levi Taiji and Yang, Yunhe and Zhang, Mu},
  booktitle={Proceedings of the 32nd ACM SIGSOFT International Symposium on Software Testing and Analysis},
  pages={1244--1256},
  year={2023}
}

@inproceedings{li2023double,
  title={VETEOS: Statically Vetting EOSIO Contracts for the “Groundhog Day” Vulnerabilities},
  author={Li, Levi Taiji and He, Ningyu and Wang, Haoyu and Zhang, Mu},
  booktitle={Proceedings of the Network and Distributed System Security Symposium (NDSS)},
  year={2024}
}

@inproceedings{bose2022sailfish,
  title={Sailfish: Vetting smart contract state-inconsistency bugs in seconds},
  author={Bose, Priyanka and Das, Dipanjan and Chen, Yanju and Feng, Yu and Kruegel, Christopher and Vigna, Giovanni},
  booktitle={2022 IEEE Symposium on Security and Privacy (SP)},
  pages={161--178},
  year={2022},
  organization={IEEE}
}

@inproceedings{gritti2023confusum,
  title={Confusum contractum: confused deputy vulnerabilities in ethereum smart contracts},
  author={Gritti, Fabio and Ruaro, Nicola and McLaughlin, Robert and Bose, Priyanka and Das, Dipanjan and Grishchenko, Ilya and Kruegel, Christopher and Vigna, Giovanni},
  booktitle={32nd USENIX Security Symposium (USENIX Security 23)},
  pages={1793--1810},
  year={2023}
}

@inproceedings{zhou2021just,
  title={On the just-in-time discovery of profit-generating transactions in defi protocols},
  author={Zhou, Liyi and Qin, Kaihua and Cully, Antoine and Livshits, Benjamin and Gervais, Arthur},
  booktitle={2021 IEEE Symposium on Security and Privacy (SP)},
  pages={919--936},
  year={2021},
  organization={IEEE}
}

@inproceedings{qin2023blockchain,
  title={The blockchain imitation game},
  author={Qin, Kaihua and Chaliasos, Stefanos and Zhou, Liyi and Livshits, Benjamin and Song, Dawn and Gervais, Arthur},
  booktitle={32nd USENIX Security Symposium (USENIX Security 23)},
  pages={3961--3978},
  year={2023}
}

@inproceedings{he2023txphishscope,
  title={TxPhishScope: Towards Detecting and Understanding Transaction-based Phishing on Ethereum},
  author={He, Bowen and Chen, Yuan and Chen, Zhuo and Hu, Xiaohui and Hu, Yufeng and Wu, Lei and Chang, Rui and Wang, Haoyu and Zhou, Yajin},
  booktitle={Proceedings of the 2023 ACM SIGSAC Conference on Computer and Communications Security},
  pages={120--134},
  year={2023}
}

@inproceedings{so2021smartest,
  title={$\{$SmarTest$\}$: Effectively hunting vulnerable transaction sequences in smart contracts through language $\{$Model-Guided$\}$ symbolic execution},
  author={So, Sunbeom and Hong, Seongjoon and Oh, Hakjoo},
  booktitle={30th USENIX Security Symposium (USENIX Security 21)},
  pages={1361--1378},
  year={2021}
}

@inproceedings{zhang2020txspector,
  title={$\{$TXSPECTOR$\}$: Uncovering attacks in ethereum from transactions},
  author={Zhang, Mengya and Zhang, Xiaokuan and Zhang, Yinqian and Lin, Zhiqiang},
  booktitle={29th USENIX Security Symposium (USENIX Security 20)},
  pages={2775--2792},
  year={2020}
}

@inproceedings{bar2022werlman,
  title={WeRLman: to tackle whale (transactions), go deep (RL)},
  author={Bar-Zur, Roi and Abu-Hanna, Ameer and Eyal, Ittay and Tamar, Aviv},
  booktitle={Proceedings of the 15th ACM International Conference on Systems and Storage},
  pages={148--148},
  year={2022}
}

@inproceedings{daian2020flash,
  title={Flash boys 2.0: Frontrunning in decentralized exchanges, miner extractable value, and consensus instability},
  author={Daian, Philip and Goldfeder, Steven and Kell, Tyler and Li, Yunqi and Zhao, Xueyuan and Bentov, Iddo and Breidenbach, Lorenz and Juels, Ari},
  booktitle={2020 IEEE symposium on security and privacy (SP)},
  pages={910--927},
  year={2020},
  organization={IEEE}
}

@inproceedings{qin2022quantifying,
  title={Quantifying blockchain extractable value: How dark is the forest?},
  author={Qin, Kaihua and Zhou, Liyi and Gervais, Arthur},
  booktitle={2022 IEEE Symposium on Security and Privacy (SP)},
  pages={198--214},
  year={2022},
  organization={IEEE}
}

@inproceedings{zhou2023sok,
  title={Sok: Decentralized finance (defi) attacks},
  author={Zhou, Liyi and Xiong, Xihan and Ernstberger, Jens and Chaliasos, Stefanos and Wang, Zhipeng and Wang, Ye and Qin, Kaihua and Wattenhofer, Roger and Song, Dawn and Gervais, Arthur},
  booktitle={2023 IEEE Symposium on Security and Privacy (SP)},
  pages={2444--2461},
  year={2023},
  organization={IEEE}
}

@article{zou2019smart,
  title={Smart contract development: Challenges and opportunities},
  author={Zou, Weiqin and Lo, David and Kochhar, Pavneet Singh and Le, Xuan-Bach Dinh and Xia, Xin and Feng, Yang and Chen, Zhenyu and Xu, Baowen},
  journal={IEEE transactions on software engineering},
  volume={47},
  number={10},
  pages={2084--2106},
  year={2019},
  publisher={IEEE}
}

@article{dinh2018untangling,
  title={Untangling blockchain: A data processing view of blockchain systems},
  author={Dinh, Tien Tuan Anh and Liu, Rui and Zhang, Meihui and Chen, Gang and Ooi, Beng Chin and Wang, Ji},
  journal={IEEE transactions on knowledge and data engineering},
  volume={30},
  number={7},
  pages={1366--1385},
  year={2018},
  publisher={IEEE}
}

@article{DeFiRanger23,
  title={{DeFiRanger: Detecting DeFi Price Manipulation Attacks}},
  author={Wu, Siwei and Yu, Zhou and Wang, Dabao and Zhou, Yajin and Wu, Lei and Wang, Haoyu and Yuan, Xingliang},
  journal={IEEE Transactions on Dependable and Secure Computing},
  year={2023}
}

@article{GCG23,
  title={Universal and Transferable Adversarial Attacks on Aligned Language Models},
  author={Andy Zou and Zifan Wang and J. Zico Kolter and Matt Fredrikson},
  journal={arXiv preprint arXiv:2307.15043},
  year={2023}
}

@article{gogol2024sok,
  title={SoK: Decentralized Finance (DeFi)--Fundamentals, Taxonomy and Risks},
  author={Gogol, Krzysztof and Killer, Christian and Schlosser, Malte and Bocek, Thomas and Stiller, Burkhard and Tessone, Claudio},
  journal={arXiv preprint arXiv:2404.11281},
  year={2024}
}

@article{hu2021lora,
  title={Lora: Low-rank adaptation of large language models},
  author={Hu, Edward J and Shen, Yelong and Wallis, Phillip and Allen-Zhu, Zeyuan and Li, Yuanzhi and Wang, Shean and Wang, Lu and Chen, Weizhu},
  journal={arXiv preprint arXiv:2106.09685},
  year={2021}
}

@inproceedings{ma2024combining,
  title={Combining Fine-Tuning and LLM-based Agents for Intuitive Smart Contract Auditing with Justifications},
  author = { Ma, Wei and Wu, Daoyuan and Sun, Yuqiang and Wang, Tianwen and Liu, Shangqing and Zhang, Jian and Xue, Yue and Liu, Yang },
  booktitle = {2025 IEEE/ACM 47th International Conference on Software Engineering (ICSE)},
  pages = {330-342},
  year = {2025},
  organization={IEEE}
}

@article{sun2024llm4vuln,
  title={LLM4Vuln: A Unified Evaluation Framework for Decoupling and Enhancing LLMs' Vulnerability Reasoning},
  author={Sun, Yuqiang and Wu, Daoyuan and Xue, Yue and Liu, Han and Ma, Wei and Zhang, Lyuye and Shi, Miaolei and Liu, Yang},
  journal={arXiv preprint arXiv:2401.16185},
  year={2024}
}

@article{grech2022elipmoc,
  title={Elipmoc: Advanced decompilation of ethereum smart contracts},
  author={Grech, Neville and Lagouvardos, Sifis and Tsatiris, Ilias and Smaragdakis, Yannis},
  journal={Proceedings of the ACM on Programming Languages},
  volume={6},
  number={OOPSLA1},
  pages={1--27},
  year={2022},
  publisher={ACM New York, NY, USA}
}

@article{suiche2017porosity,
  title={Porosity: A decompiler for blockchain-based smart contracts bytecode},
  author={Suiche, Matt},
  journal={DEF con},
  volume={25},
  number={11},
  year={2017}
}

@article{gai2023blockchain,
  title={Blockchain large language models},
  author={Gai, Yu and Zhou, Liyi and Qin, Kaihua and Song, Dawn and Gervais, Arthur},
  journal={arXiv preprint arXiv:2304.12749},
  year={2023}
}

@article{qin2023towards,
  title={Towards automated security analysis of smart contracts based on execution property graph},
  author={Qin, Kaihua and Ye, Zhe and Wang, Zhun and Li, Weilin and Zhou, Liyi and Zhang, Chao and Song, Dawn and Gervais, Arthur},
  journal={arXiv preprint arXiv:2305.14046},
  year={2023}
}

@misc{MotivationAnalysis,
    title = {UwULend attack incident analysis Attack Brief},
    author = {Exvul},
    howpublished = {\url{https://medium.com/@exvul/uwu-lend-attack-incident-analysisattack-brief-3db51082ec5c}},
    year = {2024}
}

@misc{MotivationTrax,
    title = {Transaction Details of UwULend},
    author = {Etherscan},
    howpublished = {\url{https://etherscan.io/tx/0xca1bbf3b320662c89232006f1ec6624b56242850f07e0f1dadbe4f69ba0d6ac3}},
    year = {2024}
}

@misc{FRAXUSDe,
    title = {Contract of pool FRAXUSDe},
    author = {Etherscan},
    howpublished ={\url{https://etherscan.io/address/0x5dc1bf6f1e983c0b21efb003c105133736fa0743}},
    year = {2024}
}

@misc{USDeUSDC,
    title = {Contract of pool USDeUSDC},
    author = {Etherscan},
    howpublished ={\url{https://etherscan.io/address/0x02950460e2b9529d0e00284a5fa2d7bdf3fa4d72}},
    year = {2024}
}

@misc{USDeDAI,
    title = {Contract of pool USDeDAI},
    author = {Etherscan},
    howpublished ={\url{https://etherscan.io/address/0xf36a4ba50c603204c3fc6d2da8b78a7b69cbc67d}},
    year = {2024}
}

@misc{USDecrvUSD,
    title = {Contract of pool USDecrvUSD},
    author = {Etherscan},
    howpublished ={\url{https://etherscan.io/address/0xf55b0f6f2da5ffddb104b58a60f2862745960442}},
    year = {2024}
}

@misc{GHOUSDe,
    title = {Contract of pool GHOUSDe},
    author = {Etherscan},
    howpublished ={\url{https://etherscan.io/address/0x670a72e6d22b0956c0d2573288f82dcc5d6e3a61}},
    year = {2024}
}

@misc{EMA,
    title = {Exponential Moving Average},
    author = {Curve.fi},
    howpublished ={\url{https://resources.curve.fi/factory-pools/understanding-oracles/\#exponential-moving-average}},
    year = {2024}
}

@misc{Chainlink,
    title = {Chainlink Price Feeds},
    author = {Chainlink},
    howpublished = {\url{https://docs.chain.link/data-feeds/price-feeds#overview}},
    year = {2024}
}

@misc{cointelegraph,
    title = {What is market manipulation in cryptocurrency},
    author = {Cointelegraph},
    howpublished = {\url{https://cointelegraph.com/explained/what-is-market-manipulation-in-cryptocurrency}},
    year = {2024}
}

@misc{DEX_Intro_1,
    title = {What Is a DEX (Decentralized Exchange)?},
    author = {Chainlink},
    howpublished = {\url{https://chain.link/education-hub/what-is-decentralized-exchange-dex}},
    year = {2024}
}

@misc{DEX_Intro_2,
    title = {What is an Automated Market Maker (AMM)?},
    author = {coinbase},
    howpublished = {\url{https://www.coinbase.com/en-sg/learn/advanced-trading/what-is-an-automated-market-maker-amm}},
    year = {2024}
}

@misc{Lending_Intro_2,
    title = {[DeFi 101] Lending and Borrowing in DeFi},
    author = {moai finance},
    howpublished = {\url{https://medium.com/@moai-finance/defi-101-lending-and-borrowing-a5974b6c3e51}},
    year = {2024}
}

@misc{Game_Intro_2,
    title = {Know Everything About GameFi},
    author = {101blockchains},
    howpublished = {\url{https://101blockchains.com/gamefi/}},
    year = {2024}
}

@misc{Uniswap,
    title = {Uniswap},
    author = {Uniswap},
    howpublished = {\url{https://app.uniswap.org}},
    year = {2024}
}

@misc{UniswapCore,
    title = {Uniswap v2 Core},
    author = {Uniswap},
    howpublished = {\url{https://docs.uniswap.org/whitepaper.pdf}},
    year = {2024}
}

@misc{PancakeSwap,
    title = {PancakeSwap},
    author = {PancakeSwap},
    howpublished = {\url{https://pancakeswap.finance/swap}},
    year = {2024}
}

@misc{Curve,
    title = {Curve},
    author = {Curve.fi},
    howpublished = {\url{https://curve.fi/\#/ethereum/swap}},
    year = {2024}
}

@misc{StableSwap,
    title = {StableSwap - efficient mechanism for Stablecoin liquidity},
    author = {Curve.fi},
    howpublished = {\url{https://docs.curve.fi/assets/pdf/stableswap-paper.pdf}},
    year = {2024}
}

@misc{LUSD,
    title = {Contract of LUSD},
    author = {Bscscan},
    howpublished = {\url{https://bscscan.com/address/0xdec12a1dcbc1f741ccd02dfd862ab226f6383003}},
    year = {2024}
}

@misc{Cheesebank,
    title = {Contract of Cheese Bank},
    author = {Etherscan},
    howpublished = {\url{https://etherscan.io/address/0x833e440332caa07597a5116fbb6163f0e15f743d}},
    year = {2024}
}

@misc{Foundry,
    title = {Foundry},
    author = {Github},
    howpublished = {\url{https://github.com/foundry-rs/foundry/tree/master}},
    year = {2024}
}

@misc{UniswapBTC20,
    title = {Uniswap V2 BTC20 liquidity pool},
    author = {Etherscan},
    howpublished = {\url{https://etherscan.io/address/0xd50c5b8f04587d67298915e099e170af3cd6909a}},
    year = {2024}
}

@misc{UniswapRouter,
    title = {Uniswap V2:Router},
    author = {Etherscan},
    howpublished = {\url{https://etherscan.io/address/0x7a250d5630B4cF539739dF2C5dAcb4c659F2488D\#code}},
    year = {2024}
}

@misc{OpenAI_Price,
    title = {OpenAi Pricing},
    author = {OpenAi},
    howpublished = {\url{https://openai.com/api/pricing/}},
    year = {2024}
}

@misc{OpenAI_Fine-tuning,
    title = {OpenAi Fine-tuning Guideline},
    author = {OpenAi},
    howpublished = {\url{https://platform.openai.com/docs/guides/fine-tuning}},
    year = {2024}
}

@misc{PancakeBunny,
    title = {PancakeBunny Incident: Root Cause Analysis},
    author = {Peckshield},
    howpublished = {\url{https://peckshield.medium.com/pancakebunny-incident-root-cause-analysis-7099f413cc9b}},
    year = {2024}
}

@misc{CreamFinance,
    title = {Hack Analysis: Cream Finance Oct 2021},
    author = {Immunefi},
    howpublished = {\url{https://medium.com/immunefi/hack-analysis-cream-finance-oct-2021-fc222d913fc5}},
    year = {2024}
}

@misc{ATK,
    title = {Journey of Awakening Incident Analysis},
    author = {Certik},
    howpublished = {\url{https://www.certik.com/zh-CN/resources/blog/1YsQo8TnxCvwalqvtkFLtC-journey-of-awakening-incident-analysis}},
    year = {2024}
}

@misc{Harvest,
    title = {Slow Mist: Analysis of Harvest.Finance’s Hacked Event},
    author = {SlowMist},
    howpublished = {\url{https://slowmist.medium.com/slow-mist-analysis-of-harvest-finances-hacked-event-63450b49e6a5}},
    year = {2024}
}

@misc{PancakeRouter,
    title = {Contract of PancakeRouter},
    author = {bscscan},
    howpublished = {\url{https://bscscan.com/address/0x10ed43c718714eb63d5aa57b78b54704e256024e#code}},
    year = {2024}
}

@misc{SVT,
    title = {BlockSec. 2023. SVT attack analysis},
    author = {BlockSec},
    howpublished = {\url{https://x.com/Phalcon_xyz/status/1695285435671392504?s=20}},
    year = {2024}
}

@misc{defillama,
    title = {DefiLlama: Category of DeFi apps},
    author = {DefiLlama},
    howpublished = {\url{https://defillama.com/categories}},
    year = {2024}
}

@misc{convex_fi,
    title = {Contract of Convex Finance},
    author = {Etherscan},
    howpublished = {\url{https://etherscan.io/address/0xd600A3E4F57E718A7ad6A0cbb10c2A92c57827e6}},
    year = {2024}
}

@misc{ethereum,
    title = {Ethereum},
    author = {Ethereum},
    howpublished = {\url{https://ethereum.org/en/}},
    year = {2024}
}

@misc{bsc,
    title = {Binance Smart Chain},
    author = {Binance Smart Chain},
    howpublished = {\url{https://www.bnbchain.org/en/smartChain}},
    year = {2024}
}

@misc{quicknode,
    title = {QuickNode},
    author = {QuickNode},
    howpublished = {\url{https://www.quicknode.com}},
    year = {2024}
}

@misc{defillama_chains,
    title = {DeFiLlama: All chains},
    author = {DeFiLlama},
    howpublished = {\url{https://defillama.com/chains}},
    year = {2024}
}

@misc{uwulend_official,
    title = {UwULend: Decentralized Smart Lending},
    author = {UwULend},
    howpublished = {\url{https://uwulend.fi}},
    year = {2024}
}

@misc{Metatrust,
    title = {MetaTrust: MetaTrust Labs},
    author = {MetaTrust},
    howpublished = {\url{https://metatrust.io}},
    year = {2024}
}

@misc{DeFiHackLabs,
    title = {DeFiHackLabs},
    author = {SunWeb3Sec},
    howpublished = {\url{https://github.com/SunWeb3Sec/DeFiHackLabs}},
    year = {2024}
}

@misc{DeFiTainter_github,
    title = {DeFiTainter github repository},
    author = {kongqp},
    howpublished = {\url{https://github.com/kongqp/DeFiTainter}},
    year = {2024}
}

@misc{slither,
    title = {Slither: the smart contract static analyzer},
    author = {crytic},
    howpublished = {\url{https://github.com/crytic/slither}},
    year = {2024}
}

@misc{blocksec_twi,
    title = {BlockSec Phalcon},
    author = {BlockSec},
    howpublished = {\url{https://x.com/Phalcon_xyz}},
    year = {2024}
}

@misc{slowMist_twi,
    title = {SlowMist},
    author = {SlowMist},
    howpublished = {\url{https://x.com/SlowMist_Team}},
    year = {2024}
}

@misc{ancilia_twi,
    title = {Ancilia},
    author = {Ancilia},
    howpublished = {\url{https://x.com/AnciliaInc}},
    year = {2024}
}

@misc{beosin_twi,
    title = {Beosin Alert},
    author = {Beosin},
    howpublished = {\url{https://x.com/BeosinAlert}},
    year = {2024}
}

@misc{bscscan,
    title = {BscScan},
    author = {BscScan},
    howpublished = {\url{https://bscscan.com}},
    year = {2024}
}

@misc{etherscan,
    title = {EtherScan},
    author = {EtherScan},
    howpublished = {\url{https://etherscan.io}},
    year = {2024}
}

@misc{oklink,
    title = {OKLink},
    author = {OKLink},
    howpublished = {\url{https://www.oklink.com}},
    year = {2024}
}

@misc{elephantMoney,
    title = {ElephantMoney analysis},
    author = {BlockSec},
    howpublished = {\url{https://x.com/BlockSecTeam/status/1513966074357698563}},
    year = {2024}
}

@misc{AAVE,
    title = {Aave Lending Pool V2},
    author = {Etherscan},
    howpublished = {\url{https://etherscan.io/address/0x7d2768de32b0b80b7a3454c06bdac94a69ddc7a9}},
    year = {2024}
}

@misc{Inuko,
    title = {Inuko Finance exploit analysis},
    author = {Ancilia},
    howpublished = {\url{https://medium.com/@Ancilia/inuko-finance-exploited-and-lost-60k-bond-89a285221e33}},
    year = {2024}
}

@misc{Mythril,
    title = {Mythril},
    author = {Consensys},
    howpublished = {\url{https://github.com/Consensys/mythril}},
    year = {2024}
}

@misc{ARK,
    title = {ARK attack analysis},
    author = {BlockSec Phalcon},
    howpublished = {\url{https://x.com/Phalcon_xyz/status/1771728823534375249}},
    year = {2024}
}

@misc{Inverse,
    title = {Inverse Finance’s Incident Analysis},
    author = {Inspex},
    howpublished = {\url{https://inspexco.medium.com/inverse-finances-incident-analysis-inv-price-manipulation-b15c2e917888}},
    year = {2024}
}

@misc{SanshuInu,
    title = {Memestake Deflation Model Lightning Loan Attack Analysis},
    author = {Knownsec},
    howpublished = {\url{https://medium.com/@Knownsec_Blockchain_Lab/memestake-deflation-model-lightning-loan-attack-analysis-8706b59bc9da}},
    year = {2024}
}

@misc{StarWallets,
    title = {StartWallets attack analysis},
    author = {Ancilia},
    howpublished = {\url{https://x.com/AnciliaInc/status/1781102805010550911}},
    year = {2024}
}

@misc{SwapX,
    title = {SwapX attack analysis},
    author = {BlockSec},
    howpublished = {\url{https://x.com/BlockSecTeam/status/1630111965942018049}},
    year = {2024}
}

@misc{Vesperfinance,
    title = {On the Vesper Lend Beta / Rari Fuse Pool Exploit},
    author = {Vesper Finance},
    howpublished = {\url{https://medium.com/vesperfinance/on-the-vesper-lend-beta-rari-fuse-pool-23-exploit-9043ccd40ac9}},
    year = {2024}
}

@misc{repo_openLeverage,
    title = {OpenLeverage attack analysis},
    author = {Nick L. Franklin},
    howpublished = {\url{https://x.com/0xNickLFranklin/status/1774727539975672136}},
    year = {2024}
}

@misc{repo_yield,
    title = {YIELD attack analysis},
    author = {BlockSec},
    howpublished = {\url{https://x.com/Phalcon_xyz/status/1782966561726156945}},
    year = {2024}
}

@misc{repo_safeMoon,
    title = {SafeMoon attack analysis},
    author = {zokyo},
    howpublished = {\url{https://x.com/zokyo_io/status/1641014520041840640}},
    year = {2024}
}

@misc{tunstall2023zephyrdirectdistillationlm,
      title={Zephyr: Direct Distillation of LM Alignment}, 
      author={Lewis Tunstall and Edward Beeching and Nathan Lambert and Nazneen Rajani and Kashif Rasul and Younes Belkada and Shengyi Huang and Leandro von Werra and Clémentine Fourrier and Nathan Habib and Nathan Sarrazin and Omar Sanseviero and Alexander M. Rush and Thomas Wolf},
      year={2023},
      eprint={2310.16944},
      archivePrefix={arXiv},
      primaryClass={cs.LG},
      url={https://arxiv.org/abs/2310.16944}, 
}


@article{chen2024demystifying,
  title={Demystifying Invariant Effectiveness for Securing Smart Contracts},
  author={Chen, Zhiyang and Liu, Ye and Beillahi, Sidi Mohamed and Li, Yi and Long, Fan},
  journal={Proceedings of the ACM on Software Engineering},
  volume={1},
  number={FSE},
  pages={1772--1795},
  year={2024},
  publisher={ACM New York, NY, USA}
}

@article{holtzman2019curious,
  title={The curious case of neural text degeneration},
  author={Holtzman, Ari and Buys, Jan and Du, Li and Forbes, Maxwell and Choi, Yejin},
  journal={arXiv preprint arXiv:1904.09751},
  year={2019}
}

@inproceedings{mclaughlin2023large,
  title={A large scale study of the ethereum arbitrage ecosystem},
  author={McLaughlin, Robert and Kruegel, Christopher and Vigna, Giovanni},
  booktitle={32nd USENIX Security Symposium (USENIX Security 23)},
  pages={3295--3312},
  year={2023}
}

@misc{anon_github_repo,
    title = {DeFiScope},
    author = {Anonymous},
    howpublished = {\url{https://github.com/RepoForPaper/DeFiScope}},
    year = {2024}
}

@article{chung2024scaling,
  title={Scaling instruction-finetuned language models},
  author={Chung, Hyung Won and Hou, Le and Longpre, Shayne and Zoph, Barret and Tay, Yi and Fedus, William and Li, Yunxuan and Wang, Xuezhi and Dehghani, Mostafa and Brahma, Siddhartha and others},
  journal={Journal of Machine Learning Research},
  volume={25},
  number={70},
  pages={1--53},
  year={2024}
}

@misc{LLM_Leaderboard,
    title = {LLM Leaderboard},
    author = {Artificial Analysis},
    howpublished = {\url{https://artificialanalysis.ai/leaderboards/models}},
    year = {2024}
}