@article{DeFiRanger23,
  title={{DeFiRanger: Detecting DeFi Price Manipulation Attacks}},
  author={Wu, Siwei and Yu, Zhou and Wang, Dabao and Zhou, Yajin and Wu, Lei and Wang, Haoyu and Yuan, Xingliang},
  journal={IEEE Transactions on Dependable and Secure Computing},
  year={2023}
}

@inproceedings{DeFiTainter23,
  title={{DefiTainter: Detecting Price Manipulation Vulnerabilities in DeFi Protocols}},
  author={Kong, Queping and Chen, Jiachi and Wang, Yanlin and Jiang, Zigui and Zheng, Zibin},
  booktitle={Proc. ACM ISSTA},
  year={2023}
}

@inproceedings{DeFort24,
  title={DeFort: Automatic Detection and Analysis of Price Manipulation Attacks in DeFi Applications},
  author={Xie, Maoyi and Hu, Ming and Kong, Ziqiao and Zhang, Cen and Feng, Yebo and Wang, Haijun and Xue, Yue and Zhang, Hao and Liu, Ye and Liu, Yang},
  booktitle={Proceedings of the 33rd ACM SIGSOFT International Symposium on Software Testing and Analysis},
  pages={402--414},
  year={2024}
}

@misc{Mythril,
    title = {Mythril},
    author = {Consensys},
    howpublished = {\url{https://github.com/Consensys/mythril}},
    year = {2024}
}

@inproceedings{bose2022sailfish,
  title={Sailfish: Vetting smart contract state-inconsistency bugs in seconds},
  author={Bose, Priyanka and Das, Dipanjan and Chen, Yanju and Feng, Yu and Kruegel, Christopher and Vigna, Giovanni},
  booktitle={2022 IEEE Symposium on Security and Privacy (SP)},
  pages={161--178},
  year={2022},
  organization={IEEE}
}

@inproceedings{chen2024flashsyn,
  title={Flashsyn: Flash loan attack synthesis via counter example driven approximation},
  author={Chen, Zhiyang and Beillahi, Sidi Mohamed and Long, Fan},
  booktitle={Proceedings of the IEEE/ACM 46th International Conference on Software Engineering},
  pages={1--13},
  year={2024}
}

@inproceedings{daian2020flash,
  title={Flash boys 2.0: Frontrunning in decentralized exchanges, miner extractable value, and consensus instability},
  author={Daian, Philip and Goldfeder, Steven and Kell, Tyler and Li, Yunqi and Zhao, Xueyuan and Bentov, Iddo and Breidenbach, Lorenz and Juels, Ari},
  booktitle={2020 IEEE symposium on security and privacy (SP)},
  pages={910--927},
  year={2020},
  organization={IEEE}
}

@inproceedings{duan2022towards,
  title={Towards automated safety vetting of smart contracts in decentralized applications},
  author={Duan, Yue and Zhao, Xin and Pan, Yu and Li, Shucheng and Li, Minghao and Xu, Fengyuan and Zhang, Mu},
  booktitle={Proceedings of the 2022 ACM SIGSAC Conference on Computer and Communications Security},
  pages={921--935},
  year={2022}
}

@inproceedings{feist2019slither,
  title={Slither: a static analysis framework for smart contracts},
  author={Feist, Josselin and Grieco, Gustavo and Groce, Alex},
  booktitle={2019 IEEE/ACM 2nd International Workshop on Emerging Trends in Software Engineering for Blockchain (WETSEB)},
  pages={8--15},
  year={2019},
  organization={IEEE}
}

@article{gai2023blockchain,
  title={Blockchain large language models},
  author={Gai, Yu and Zhou, Liyi and Qin, Kaihua and Song, Dawn and Gervais, Arthur},
  journal={arXiv preprint arXiv:2304.12749},
  year={2023}
}

@inproceedings{gritti2023confusum,
  title={Confusum contractum: confused deputy vulnerabilities in ethereum smart contracts},
  author={Gritti, Fabio and Ruaro, Nicola and McLaughlin, Robert and Bose, Priyanka and Das, Dipanjan and Grishchenko, Ilya and Kruegel, Christopher and Vigna, Giovanni},
  booktitle={32nd USENIX Security Symposium (USENIX Security 23)},
  pages={1793--1810},
  year={2023}
}

@inproceedings{he2023txphishscope,
  title={TxPhishScope: Towards Detecting and Understanding Transaction-based Phishing on Ethereum},
  author={He, Bowen and Chen, Yuan and Chen, Zhuo and Hu, Xiaohui and Hu, Yufeng and Wu, Lei and Chang, Rui and Wang, Haoyu and Zhou, Yajin},
  booktitle={Proceedings of the 2023 ACM SIGSAC Conference on Computer and Communications Security},
  pages={120--134},
  year={2023}
}

@inproceedings{jiang2018contractfuzzer,
  title={Contractfuzzer: Fuzzing smart contracts for vulnerability detection},
  author={Jiang, Bo and Liu, Ye and Chan, Wing Kwong},
  booktitle={Proceedings of the 33rd ACM/IEEE international conference on automated software engineering},
  pages={259--269},
  year={2018}
}

@inproceedings{kalra2018zeus,
  title={Zeus: analyzing safety of smart contracts.},
  author={Kalra, Sukrit and Goel, Seep and Dhawan, Mohan and Sharma, Subodh},
  booktitle={Proceedings of the Network and Distributed System Security Symposium (NDSS)},
  pages={1--12},
  year={2018}
}

@inproceedings{liu2018reguard,
  title={Reguard: finding reentrancy bugs in smart contracts},
  author={Liu, Chao and Liu, Han and Cao, Zhao and Chen, Zhong and Chen, Bangdao and Roscoe, Bill},
  booktitle={Proceedings of the 40th International Conference on Software Engineering: Companion Proceeedings},
  pages={65--68},
  year={2018}
}

@inproceedings{liu2024propertygpt,
  title={PropertyGPT: LLM-driven Formal Verification of Smart Contracts through Retrieval-Augmented Property Generation},
  author={Liu, Ye and Xue, Yue and Wu, Daoyuan and Sun, Yuqiang and Li, Yi and Shi, Miaolei and Liu, Yang},
  booktitle={Proceedings of the Network and Distributed System Security Symposium (NDSS)},
  year={2025}
}

@inproceedings{luu2016making,
  title={Making smart contracts smarter},
  author={Luu, Loi and Chu, Duc-Hiep and Olickel, Hrishi and Saxena, Prateek and Hobor, Aquinas},
  booktitle={Proceedings of the 2016 ACM SIGSAC conference on computer and communications security},
  pages={254--269},
  year={2016}
}

@inproceedings{ma2024combining,
  title={Combining Fine-Tuning and LLM-based Agents for Intuitive Smart Contract Auditing with Justifications},
  author = { Ma, Wei and Wu, Daoyuan and Sun, Yuqiang and Wang, Tianwen and Liu, Shangqing and Zhang, Jian and Xue, Yue and Liu, Yang },
  booktitle = {2025 IEEE/ACM 47th International Conference on Software Engineering (ICSE)},
  pages = {330-342},
  year = {2025},
  organization={IEEE}
}

@inproceedings{mossberg2019manticore,
  title={Manticore: A user-friendly symbolic execution framework for binaries and smart contracts},
  author={Mossberg, Mark and Manzano, Felipe and Hennenfent, Eric and Groce, Alex and Grieco, Gustavo and Feist, Josselin and Brunson, Trent and Dinaburg, Artem},
  booktitle={2019 34th IEEE/ACM International Conference on Automated Software Engineering (ASE)},
  pages={1186--1189},
  year={2019},
  organization={IEEE}
}

@inproceedings{qin2021attacking,
  title={Attacking the defi ecosystem with flash loans for fun and profit},
  author={Qin, Kaihua and Zhou, Liyi and Livshits, Benjamin and Gervais, Arthur},
  booktitle={International conference on financial cryptography and data security},
  pages={3--32},
  year={2021},
  organization={Springer}
}

@inproceedings{qin2022quantifying,
  title={Quantifying blockchain extractable value: How dark is the forest?},
  author={Qin, Kaihua and Zhou, Liyi and Gervais, Arthur},
  booktitle={2022 IEEE Symposium on Security and Privacy (SP)},
  pages={198--214},
  year={2022},
  organization={IEEE}
}

@inproceedings{qin2023blockchain,
  title={The blockchain imitation game},
  author={Qin, Kaihua and Chaliasos, Stefanos and Zhou, Liyi and Livshits, Benjamin and Song, Dawn and Gervais, Arthur},
  booktitle={32nd USENIX Security Symposium (USENIX Security 23)},
  pages={3961--3978},
  year={2023}
}

@article{qin2023towards,
  title={Towards automated security analysis of smart contracts based on execution property graph},
  author={Qin, Kaihua and Ye, Zhe and Wang, Zhun and Li, Weilin and Zhou, Liyi and Zhang, Chao and Song, Dawn and Gervais, Arthur},
  journal={arXiv preprint arXiv:2305.14046},
  year={2023}
}

@inproceedings{shou2023ityfuzz,
  title={Ityfuzz: Snapshot-based fuzzer for smart contract},
  author={Shou, Chaofan and Tan, Shangyin and Sen, Koushik},
  booktitle={Proceedings of the 32nd ACM SIGSOFT International Symposium on Software Testing and Analysis},
  pages={322--333},
  year={2023}
}

@inproceedings{so2021smartest,
  title={$\{$SmarTest$\}$: Effectively hunting vulnerable transaction sequences in smart contracts through language $\{$Model-Guided$\}$ symbolic execution},
  author={So, Sunbeom and Hong, Seongjoon and Oh, Hakjoo},
  booktitle={30th USENIX Security Symposium (USENIX Security 21)},
  pages={1361--1378},
  year={2021}
}

@inproceedings{sun2024gptscan,
  title={Gptscan: Detecting logic vulnerabilities in smart contracts by combining gpt with program analysis},
  author={Sun, Yuqiang and Wu, Daoyuan and Xue, Yue and Liu, Han and Wang, Haijun and Xu, Zhengzi and Xie, Xiaofei and Liu, Yang},
  booktitle={Proceedings of the IEEE/ACM 46th International Conference on Software Engineering},
  pages={1--13},
  year={2024}
}

@article{sun2024llm4vuln,
  title={LLM4Vuln: A Unified Evaluation Framework for Decoupling and Enhancing LLMs' Vulnerability Reasoning},
  author={Sun, Yuqiang and Wu, Daoyuan and Xue, Yue and Liu, Han and Ma, Wei and Zhang, Lyuye and Shi, Miaolei and Liu, Yang},
  journal={arXiv preprint arXiv:2401.16185},
  year={2024}
}

@inproceedings{tsankov2018securify,
  title={Securify: Practical security analysis of smart contracts},
  author={Tsankov, Petar and Dan, Andrei and Drachsler-Cohen, Dana and Gervais, Arthur and Buenzli, Florian and Vechev, Martin},
  booktitle={Proceedings of the 2018 ACM SIGSAC conference on computer and communications security},
  pages={67--82},
  year={2018}
}

@inproceedings{wang2024smartinv,
  title={Smartinv: Multimodal learning for smart contract invariant inference},
  author={Wang, Sally Junsong and Pei, Kexin and Yang, Junfeng},
  booktitle={2024 IEEE Symposium on Security and Privacy (SP)},
  pages={126--126},
  year={2024},
  organization={IEEE Computer Society}
}

@inproceedings{zhang2020txspector,
  title={$\{$TXSPECTOR$\}$: Uncovering attacks in ethereum from transactions},
  author={Zhang, Mengya and Zhang, Xiaokuan and Zhang, Yinqian and Lin, Zhiqiang},
  booktitle={29th USENIX Security Symposium (USENIX Security 20)},
  pages={2775--2792},
  year={2020}
}

@article{zhang2024acfix,
  title={Acfix: Guiding llms with mined common rbac practices for context-aware repair of access control vulnerabilities in smart contracts},
  author={Zhang, Lyuye and Li, Kaixuan and Sun, Kairan and Wu, Daoyuan and Liu, Ye and Tian, Haoye and Liu, Yang},
  journal={arXiv preprint arXiv:2403.06838},
  year={2024}
}

@inproceedings{zhou2021high,
  title={High-frequency trading on decentralized on-chain exchanges},
  author={Zhou, Liyi and Qin, Kaihua and Torres, Christof Ferreira and Le, Duc V and Gervais, Arthur},
  booktitle={2021 IEEE Symposium on Security and Privacy (SP)},
  pages={428--445},
  year={2021},
  organization={IEEE}
}

@inproceedings{zhou2021just,
  title={On the just-in-time discovery of profit-generating transactions in defi protocols},
  author={Zhou, Liyi and Qin, Kaihua and Cully, Antoine and Livshits, Benjamin and Gervais, Arthur},
  booktitle={2021 IEEE Symposium on Security and Privacy (SP)},
  pages={919--936},
  year={2021},
  organization={IEEE}
}

@inproceedings{zhou2023sok,
  title={Sok: Decentralized finance (defi) attacks},
  author={Zhou, Liyi and Xiong, Xihan and Ernstberger, Jens and Chaliasos, Stefanos and Wang, Zhipeng and Wang, Ye and Qin, Kaihua and Wattenhofer, Roger and Song, Dawn and Gervais, Arthur},
  booktitle={2023 IEEE Symposium on Security and Privacy (SP)},
  pages={2444--2461},
  year={2023},
  organization={IEEE}
}

