@inproceedings{chang2021ilflow,
  author    = {{Wei-Di} Chang and Juan Camilo Gamboa Higuera and Scott Fujimoto and David Meger and Gregory Dudek},
  title     = {{IL-flOw: Imitation Learning from Observation using Normalizing Flows}},
  booktitle = {Proceedings of the 4th Robot Learning Workshop at NeurIPS 2021},
  year      = {2021},
}

@article{chi2023diffusion,
	author = {Cheng Chi and Zhenjia Xu and Siyuan Feng and Eric Cousineau and Yilun Du and Benjamin Burchfiel and Russ Tedrake and Shuran Song},
	title ={Diffusion Policy: Visuomotor Policy Learning via Action Diffusion},
	journal = {The International Journal of Robotics Research},
	year = {2024},
}

@article{chisari2024learning,
  title={Learning Robotic Manipulation Policies from Point Clouds with Conditional Flow Matching},
  shorttile={PointFlowMatch},
  author={Chisari, Eugenio and Heppert, Nick and Argus, Max and Welschehold, Tim and Brox, Thomas and Valada, Abhinav},
  journal={Conference on Robot Learning (CoRL)},
  year={2024}
}

@article{creswell2018generative,
  title={Generative Adversarial Networks: An Overview},
  author={Creswell, Antonia and White, Tom and Dumoulin, Vincent and Arulkumaran, Kai and Sengupta, Biswa and Bharath, Anil A},
  journal={IEEE Signal Processing Magazine},
  volume={35},
  number={1},
  pages={53--65},
  year={2018},
  publisher={IEEE}
}

@article{deisenroth2013gaussian,
  title={Gaussian processes for data-efficient learning in robotics and control},
  author={Deisenroth, Marc Peter and Fox, Dieter and Rasmussen, Carl Edward},
  journal={IEEE Transactions on Pattern Analysis and Machine Intelligence},
  volume={37},
  number={2},
  pages={408--423},
  year={2013},
  publisher={IEEE}
}

@article{fadel2023contextual,
  author    = {Fadel, Samuel G. and Mair, Sebastian and da Silva Torres, Ricardo and Brefeld, Ulf},
  title     = {Contextual movement models based on normalizing flows},
  journal   = {AStA Advances in Statistical Analysis},
  volume    = {107},
  number    = {1},
  pages     = {51--72},
  year      = {2023},
  issn      = {1863-818X}
}

@inproceedings{florence2022implicit,
  title={Implicit Behavioral Cloning},
  author={Florence, Pete and Lynch, Corey and Zeng, Andy and Ramirez, Oscar A and Wahid, Ayzaan and Downs, Laura and Wong, Adrian and Lee, Johnny and Mordatch, Igor and Tompson, Jonathan},
  booktitle={Conference on Robot Learning (CoRL)},
  pages={158--168},
  year={2022},
}

@inproceedings{hausman2017multi,
author = {Hausman, Karol and Chebotar, Yevgen and Schaal, Stefan and Sukhatme, Gaurav and Lim, Joseph J.},
title = {Multi-modal imitation learning from unstructured demonstrations using generative adversarial nets},
year = {2017},
booktitle = {Neural Information Processing Systems (NeurIPS)},
pages = {1235--1245},
}

@article{sasaki2021variational,
  title={Variational Policy Search Using Sparse Gaussian Process Priors for Learning Multimodal Optimal Actions},
  author={Sasaki, Hikaru and Matsubara, Takamitsu},
  journal={Neural Networks},
  volume={143},
  pages={291--302},
  year={2021},
  publisher={Elsevier}
}

@inproceedings{schreiter2015sparse,
  title={Sparse Gaussian process regression for compliant, real-time robot control},
  author={Schreiter, Jens and Englert, Peter and Nguyen-Tuong, Duy and Toussaint, Marc},
  booktitle={IEEE International Conference on Robotics and Automation (ICRA)},
  pages={2586--2591},
  year={2015},
}

