@article{OH202342,
title = {Bayesian Disturbance Injection: Robust imitation learning of flexible policies for robot manipulation},
journal = {Neural Networks},
volume = {158},
pages = {42-58},
year = {2023},
issn = {0893-6080},
author = {Hanbit Oh and Hikaru Sasaki and Brendan Michael and Takamitsu Matsubara},
}

@article{chisari2024learning,
  title={Learning Robotic Manipulation Policies from Point Clouds with Conditional Flow Matching},
  shorttile={PointFlowMatch},
  author={Chisari, Eugenio and Heppert, Nick and Argus, Max and Welschehold, Tim and Brox, Thomas and Valada, Abhinav},
  journal={Conference on Robot Learning (CoRL)},
  year={2024}
}

@article{franke2012chi,
  title={The chi-square test: Often used and more often misinterpreted},
  author={Franke, Todd Michael and Ho, Timothy and Christie, Christina A},
  journal={American journal of evaluation},
  volume={33},
  number={3},
  pages={448--458},
  year={2012},
  publisher={Sage Publications Sage CA: Los Angeles, CA}
}

@article{fadel2023contextual,
  author    = {Fadel, Samuel G. and Mair, Sebastian and da Silva Torres, Ricardo and Brefeld, Ulf},
  title     = {Contextual movement models based on normalizing flows},
  journal   = {AStA Advances in Statistical Analysis},
  volume    = {107},
  number    = {1},
  pages     = {51--72},
  year      = {2023},
  issn      = {1863-818X}
}


@inproceedings{chisari2024pointflowmatch,
  author    = {Eugenio Chisari and Nick Heppert and Max Argus and Tim Welschehold and Thomas Brox and Abhinav Valada},
  title     = {{Learning Robotic Manipulation Policies from Point Clouds with Conditional Flow Matching}},
  booktitle = {Proceedings of the Conference on Robot Learning (CoRL) 2024},
  year      = {2024},
}


@inproceedings{chang2021ilflow,
  author    = {{Wei-Di} Chang and Juan Camilo Gamboa Higuera and Scott Fujimoto and David Meger and Gregory Dudek},
  title     = {{IL-flOw: Imitation Learning from Observation using Normalizing Flows}},
  booktitle = {Proceedings of the 4th Robot Learning Workshop at NeurIPS 2021},
  year      = {2021},
}


@article{CHEN2020150,
title = {Two-layer fuzzy multiple random forest for speech emotion recognition in human-robot interaction},
journal = {Information Sciences},
volume = {509},
pages = {150-163},
year = {2020},
issn = {0020-0255},
author = {Luefeng Chen and Wanjuan Su and Yu Feng and Min Wu and Jinhua She and Kaoru Hirota},
keywords = {Speech emotion recognition, Fuzzy C-means, Multiple random forest, Human-robot interaction},
}

@article{zhang2021bioinspired,
  title={Bioinspired scene classification by deep active learning with remote sensing applications},
  author={Zhang, Luming and Su, Ge and Yin, Jianwei and Li, Ying and Lin, Qiuru and Zhang, Xiaoqin and Shao, Ling},
  journal={IEEE Transactions on Cybernetics},
  volume={52},
  number={7},
  pages={5682--5694},
  year={2021},
  publisher={IEEE}
}

@article{li2020learning,
  title={Learning a convolutional neural network for propagation-based stereo image segmentation},
  author={Li, Xujie and Huang, Hui and Zhao, Hanli and Wang, Yandan and Hu, Mingxiao},
  journal={The Visual Computer},
  volume={36},
  pages={39--52},
  year={2020},
  publisher={Springer}
}
@article{jin2019multi,
  title={Multi-objective model selection algorithm for online sequential ultimate learning machine},
  author={Jin, Xinyuan and He, Tao and Lin, Yezhi},
  journal={EURASIP Journal on Wireless Communications and Networking},
  volume={2019},
  pages={1--7},
  year={2019},
  publisher={Springer}
}

@inproceedings{sasaki2022gaussian,
  title={Gaussian process self-triggered policy search in weakly observable environments},
  author={Sasaki, Hikaru and Hirabayashi, Terushi and Kawabata, Kaoru and Matsubara, Takamitsu},
  booktitle={International Conference on Robotics and Automation (ICRA)},
  pages={5946--5952},
  year={2022},
}

@inproceedings{schreiter2015sparse,
  title={Sparse Gaussian process regression for compliant, real-time robot control},
  author={Schreiter, Jens and Englert, Peter and Nguyen-Tuong, Duy and Toussaint, Marc},
  booktitle={IEEE International Conference on Robotics and Automation (ICRA)},
  pages={2586--2591},
  year={2015},
}


@article{tsurumine2019deep,
  title={Deep reinforcement learning with smooth policy update: Application to robotic cloth manipulation},
  author={Tsurumine, Yoshihisa and Cui, Yunduan and Uchibe, Eiji and Matsubara, Takamitsu},
  journal={Robotics and Autonomous Systems},
  volume={112},
  pages={72--83},
  year={2019},
  publisher={Elsevier}
}

@inproceedings{shen2020deep,
  title={Deep reinforcement learning with robust and smooth policy},
  author={Shen, Qianli and Li, Yan and Jiang, Haoming and Wang, Zhaoran and Zhao, Tuo},
  booktitle={International Conference on Machine Learning (ICML)},
  pages={8707--8718},
  year={2020},
}

@article{papamakarios2021normalizing,
  title={Normalizing flows for probabilistic modeling and inference},
  author={Papamakarios, George and Nalisnick, Eric and Rezende, Danilo Jimenez and Mohamed, Shakir and Lakshminarayanan, Balaji},
  journal={Journal of Machine Learning Research},
  volume={22},
  number={57},
  pages={1--64},
  year={2021}
}

@article{chi2023diffusion,
	author = {Cheng Chi and Zhenjia Xu and Siyuan Feng and Eric Cousineau and Yilun Du and Benjamin Burchfiel and Russ Tedrake and Shuran Song},
	title ={Diffusion Policy: Visuomotor Policy Learning via Action Diffusion},
	journal = {The International Journal of Robotics Research},
	year = {2024},
}


@inproceedings{ramachandran2017searching,
  title = {Searching for Activation Functions},
  author = {Prajit Ramachandran and Barret Zoph and Quoc V. Le},
  year = {2018},
  booktitle = {International Conference on Learning Representations (ICLR)}
}


@article{elfwing2018sigmoid,
  title={Sigmoid-weighted linear units for neural network function approximation in reinforcement learning},
  author={Elfwing, Stefan and Uchibe, Eiji and Doya, Kenji},
  journal={Neural Networks},
  volume={107},
  pages={3--11},
  year={2018},
  publisher={Elsevier}
}

@book{hairer1993,
    author = {Ernst Hairer , Gerhard Wanner , Syvert P. NÃ¸rsett},
    title = {Solving Ordinary Differential Equations I: Nonstiff Problems},
    publisher = {Springer Berlin},
    year = {1993},
    issn = {0179-3632},
    pages={129--353},
    address={Heidelberg}

}

@book{hu2003numerical,
    author = {Hu, {Jian-Wei} and Tang, {Huai-Min}},
    title = {Numerical Methods for Differential Equations},
    publisher = {City University},
    year = {2003},
    pages={6--9},
    address={Hong Kong}
}

@article{osa2018,
    year = {2018},
    volume = {7},
    journal = {Foundations and Trends in Robotics},
    title = {An Algorithmic Perspective on Imitation Learning},
    issn = {1935-8253},
    number = {1-2},
    pages = {1-179},
    author = {Takayuki Osa and Joni Pajarinen and Gerhard Neumann and J. Andrew Bagnell and Pieter Abbeel and Jan Peters}
}

@article{papamakarios2021normalizing,
  title={Normalizing flows for probabilistic modeling and inference},
  author={Papamakarios, George and Nalisnick, Eric and Rezende, Danilo Jimenez and Mohamed, Shakir and Lakshminarayanan, Balaji},
  journal={Journal of Machine Learning Research},
  volume={22},
  number={57},
  pages={1--64},
  year={2021}
}

@article{pignat2019bayesian,
  title={Bayesian Gaussian mixture model for robotic policy imitation},
  author={Pignat, Emmanuel and Calinon, Sylvain},
  journal={IEEE Robotics and Automation Letters},
  volume={4},
  number={4},
  pages={4452--4458},
  year={2019},
  publisher={IEEE}
}

@inproceedings{grathwohl2019scalable,
  title={Scalable reversible generative models with free-form continuous dynamics},
  author={Grathwohl, Will and Chen, Ricky TQ and Bettencourt, Jesse and Duvenaud, David},
  booktitle={1st Symposium on Advances in Approximate Bayesian Inference},
  pages={1-14},
  year={2018}
}


@InProceedings{ross13a,
  title = 	 {Nonparametric Mixture of Gaussian Processes with Constraints},
  author = 	 {Ross, James and Dy, Jennifer},
  booktitle = 	 {International Conference on Machine Learning (ICML)},
  pages = 	 {1346--1354},
  year = 	 {2013},
  editor = 	 {Dasgupta, Sanjoy and McAllester, David},
  volume = 	 {28},
  number =       {3},
}

@article{jylanki11a,
  author  = {Pasi Jyl{{\"a}}nki and Jarno Vanhatalo and Aki Vehtari},
  title   = {Robust Gaussian Process Regression with a Student-t Likelihood},
  journal = {Journal of Machine Learning Research},
  year    = {2011},
  volume  = {12},
  number  = {99},
  pages   = {3227-3257},
}


@book{wanner1996solving,
  title={Solving Ordinary Differential Equations II},
  author={Wanner, Gerhard and Hairer, Ernst},
  volume={375},
  year={1996},
  publisher={Springer Berlin},
  address={Heidelberg}
}

@article{dallas2017comparison,
  title={A comparison of ordinary differential equation solvers for dynamical systems with impacts},
  author={Dallas, Spyridon and Machairas, Konstantinos and Papadopoulos, Evangelos},
  journal={Journal of Computational and Nonlinear Dynamics},
  volume={12},
  number={6},
  pages={061016},
  year={2017},
  publisher={American Society of Mechanical Engineers}
}


@article{deisenroth2013gaussian,
  title={Gaussian processes for data-efficient learning in robotics and control},
  author={Deisenroth, Marc Peter and Fox, Dieter and Rasmussen, Carl Edward},
  journal={IEEE Transactions on Pattern Analysis and Machine Intelligence},
  volume={37},
  number={2},
  pages={408--423},
  year={2013},
  publisher={IEEE}
}

@book{RasmussenW06,
  author = {Rasmussen, Carl Edward and Williams, Christopher K. I.},
  title = {Gaussian Processes for Machine Learning},
  publisher = {MIT Press},
  address = {Cambridge, MA},
  year = {2006},
  series = {Adaptive Computation and Machine Learning},
}

@inproceedings{sendera2021non,
  title={Non-Gaussian Gaussian Processes for Few-Shot Regression},
  author={Sendera, Marcin and Tabor, Jacek and Nowak, Aleksandra and Bedychaj, Andrzej and Patacchiola, Massimiliano and Trzcinski, Tomasz and Spurek, Przemyslaw and Zieba, Maciej},
  booktitle={Neural Information Processing Systems (NeurIPS)},
  volume={34},
  pages={10285--10298},
  year={2021}
}

@inproceedings{grathwohl2018ffjord,
  title={{FFJORD}: Free-Form Continuous Dynamics for Scalable Reversible Generative Models},
  author={Grathwohl, Will and Chen, Ricky TQ and Bettencourt, Jesse and Sutskever, Ilya and Duvenaud, David},
  booktitle={International Conference on Learning Representations (ICLR)},
  year={2019}
}

@inproceedings{chen2018neural,
  title={Neural ordinary differential equations},
  author={Chen, Ricky TQ and Rubanova, Yulia and Bettencourt, Jesse and Duvenaud, David K},
  booktitle={Neural Information Processing Systems (NeurIPS)},
  volume={31},
  pages={6572--6583},
  year={2018}
}

@inproceedings{6386109,
  author={Todorov, Emanuel and Erez, Tom and Tassa, Yuval},
  booktitle={2012 IEEE/RSJ International Conference on Intelligent Robots and Systems (IROS)}, 
  title={MuJoCo: A Physics Engine for Model-Based Control}, 
  year={2012},
  pages={5026--5033}
}

@article{lazaro2012overlapping,
  title={Overlapping Mixtures of Gaussian Processes for the Data Association Problem},
  author={L{\'a}zaro-Gredilla, Miguel and Van Vaerenbergh, Steven and Lawrence, Neil D},
  journal={Pattern Recognition},
  volume={45},
  number={4},
  pages={1386--1395},
  year={2012},
  publisher={Elsevier}
}

@article{creswell2018generative,
  title={Generative Adversarial Networks: An Overview},
  author={Creswell, Antonia and White, Tom and Dumoulin, Vincent and Arulkumaran, Kai and Sengupta, Biswa and Bharath, Anil A},
  journal={IEEE Signal Processing Magazine},
  volume={35},
  number={1},
  pages={53--65},
  year={2018},
  publisher={IEEE}
}

@article{schulz2018tutorial,
  title={A tutorial on Gaussian process regression: Modelling, exploring, and exploiting functions},
  author={Schulz, Eric and Speekenbrink, Maarten and Krause, Andreas},
  journal={Journal of Mathematical Psychology},
  volume={85},
  pages={1--16},
  year={2018},
  publisher={Elsevier}
}

@inproceedings{hausman2017multi,
author = {Hausman, Karol and Chebotar, Yevgen and Schaal, Stefan and Sukhatme, Gaurav and Lim, Joseph J.},
title = {Multi-modal imitation learning from unstructured demonstrations using generative adversarial nets},
year = {2017},
booktitle = {Neural Information Processing Systems (NeurIPS)},
pages = {1235--1245},
}

@article{sasaki2021variational,
  title={Variational Policy Search Using Sparse Gaussian Process Priors for Learning Multimodal Optimal Actions},
  author={Sasaki, Hikaru and Matsubara, Takamitsu},
  journal={Neural Networks},
  volume={143},
  pages={291--302},
  year={2021},
  publisher={Elsevier}
}

@inproceedings{florence2022implicit,
  title={Implicit Behavioral Cloning},
  author={Florence, Pete and Lynch, Corey and Zeng, Andy and Ramirez, Oscar A and Wahid, Ayzaan and Downs, Laura and Wong, Adrian and Lee, Johnny and Mordatch, Igor and Tompson, Jonathan},
  booktitle={Conference on Robot Learning (CoRL)},
  pages={158--168},
  year={2022},
}

