@article{1731c543-0a2e-3dd1-85c2-3ffc09a485a7,
 ISSN = {00219398, 15375374},
 author = {Eugene F. Fama},
 journal = {The Journal of Business},
 number = {1},
 pages = {34--105},
 publisher = {University of Chicago Press},
 title = {The Behavior of Stock-Market Prices},
 volume = {38},
 year = {1965}
}

@misc{cnbc2021,
  author       = {Patti Domm},
  title        = {One Year Ago, Stocks Dropped 12\% in a Single Day—What Investors Have Learned Since Then},
  year         = {2021},
  month        = mar,
  day          = {16},
  url          = {https://www.cnbc.com/2021/03/16/one-year-ago-stocks-dropped-12percent-in-a-single-day-what-investors-have-learned-since-then.html},
  note         = {Accessed: 2024-10-06},
  publisher    = {CNBC News Press}
}

@inproceedings{zhou-etal-2021-trade,
    title = "Trade the Event: Corporate Events Detection for News-Based Event-Driven Trading",
    author = "Zhou, Zhihan  and
      Ma, Liqian  and
      Liu, Han",
    booktitle = "Findings of the Association for Computational Linguistics: ACL-IJCNLP 2021",
    month = aug,
    year = "2021",
    address = "Online",
    pages = "2114--2124",
}

@inproceedings{10.1145/3155133.3155202,
author = {Huynh, Huy D. and Dang, L. Minh and Duong, Duc},
title = {A New Model for Stock Price Movements Prediction Using Deep Neural Network},
year = {2017},
publisher = {Association for Computing Machinery},
address = {USA},
booktitle = {Proceedings of the 8th International Symposium on Information and Communication Technology},
pages = {57–62},
numpages = {6}
}

@TechReport{RePEc:arx:papers:1811.06173,
  author={Huicheng Liu},
  title={{Leveraging Financial News for Stock Trend Prediction with Attention-Based Recurrent Neural Network}},
  year=2018,
  month=Nov,
  institution={arXiv},
  type={Papers},
  number={1811.06173}
}

@misc{liu2018leveragingfinancialnewsstock,
      title={Leveraging Financial News for Stock Trend Prediction with Attention-Based Recurrent Neural Network}, 
      author={Huicheng Liu},
      year={2018},
      archivePrefix={arXiv},
      primaryClass={q-fin.CP},
}

@article{78bd1d1d-3f88-3c53-ad25-c8ac73767958,
 author = {Eugene F. Fama and Lawrence Fisher and Michael C. Jensen and Richard Roll},
 journal = {International Economic Review},
 number = {1},
 pages = {1--21},
 publisher = {[Economics Department of the University of Pennsylvania, Wiley, Institute of Social and Economic Research, Osaka University]},
 title = {The Adjustment of Stock Prices to New Information},
 urldate = {2024-10-07},
 volume = {10},
 year = {1969}
}

@article{doi:10.1080/14697688.2019.1622314,
author = {Daigo Tashiro, Hiroyasu Matsushima, Kiyoshi Izumi and Hiroki Sakaji},
title = {Encoding of high-frequency order information and prediction of short-term stock price by deep learning},
journal = {Quantitative Finance},
volume = {19},
number = {9},
pages = {1499--1506},
year = {2019},
publisher = {Routledge}
}

@inproceedings{xu-cohen-2018-stock,
    title = "Stock Movement Prediction from Tweets and Historical Prices",
    author = "Xu, Yumo  and
      Cohen, Shay B.",
    booktitle = "Proceedings of the 56th Annual Meeting of the Association for Computational Linguistics (Volume 1: Long Papers)",
    month = jul,
    year = "2018",
    address = "Melbourne, Australia",
    publisher = "Association for Computational Linguistics",
    pages = "1970--1979"
}             


@inproceedings{shah-etal-2023-trillion,
    title = "Trillion Dollar Words: A New Financial Dataset, Task {\&} Market Analysis",
    author = "Shah, Agam  and
      Paturi, Suvan  and
      Chava, Sudheer",
    booktitle = "Proceedings of the 61st Annual Meeting of the Association for Computational Linguistics (Volume 1: Long Papers)",
    month = jul,
    year = "2023",
    pages = "6664--6679"
}

@BOOK{RePEc:wsi:wsbook:6578,
title = {Modelling Financial Time Series},
author = {Taylor, Stephen J},
year = {2007},
publisher = {World Scientific Publishing Co. Pte. Ltd.}
}

@article{https://doi.org/10.1002/jae.3950070512,
author = {Cao, C. Q. and Tsay, R. S.},
title = {Nonlinear time-series analysis of stock volatilities},
journal = {Journal of Applied Econometrics},
volume = {7},
number = {S1},
pages = {S165-S185},
year = {1992}
}

@inproceedings{NIPS2017_3f5ee243,
 author = {Vaswani, Ashish and Shazeer, Noam and Parmar, Niki and Uszkoreit, Jakob and Jones, Llion and Gomez, Aidan N and Kaiser, \L ukasz and Polosukhin, Illia},
 booktitle = {Advances in Neural Information Processing Systems},
 editor = {I. Guyon and U. Von Luxburg and S. Bengio and H. Wallach and R. Fergus and S. Vishwanathan and R. Garnett},
 title = {Attention is All you Need},
 volume = {30},
 year = {2017}
}

@article{Zhou_Zhang_Peng_Zhang_Li_Xiong_Zhang_2021,
title={Informer: Beyond Efficient Transformer for Long Sequence Time-Series Forecasting}, volume={35}, number={12}, 
journal={Proceedings of the AAAI Conference on Artificial Intelligence}, 
author={Zhou, Haoyi and Zhang, Shanghang and Peng, Jieqi and Zhang, Shuai and Li, Jianxin and Xiong, Hui and Zhang, Wancai}, 
year={2021}, 
month={May}, 
pages={11106-11115}
}


@InProceedings{pmlr-v162-zhou22g,
  title = 	 {{FED}former: Frequency Enhanced Decomposed Transformer for Long-term Series Forecasting},
  author =       {Zhou, Tian and Ma, Ziqing and Wen, Qingsong and Wang, Xue and Sun, Liang and Jin, Rong},
  booktitle = 	 {Proceedings of the 39th International Conference on Machine Learning},
  pages = 	 {27268--27286},
  year = 	 {2022},
  volume = 	 {162},
  series = 	 {Proceedings of Machine Learning Research},
  month = 	 {17--23 Jul}
}

@InProceedings{Chen_2021_ICCV,
    author    = {Chen, Minghao and Peng, Houwen and Fu, Jianlong and Ling, Haibin},
    title     = {AutoFormer: Searching Transformers for Visual Recognition},
    booktitle = {Proceedings of the IEEE/CVF International Conference on Computer Vision (ICCV)},
    month     = {October},
    year      = {2021},
    pages     = {12270-12280}
}

@inproceedings{10.1145/3503161.3548380,
author = {Mathur, Puneet and Neerkaje, Atula and Chhibber, Malika and Sawhney, Ramit and Guo, Fuming and Dernoncourt, Franck and Dutta, Sanghamitra and Manocha, Dinesh},
title = {MONOPOLY: Financial Prediction from MONetary POLicY Conference Videos Using Multimodal Cues},
year = {2022},
booktitle = {Proceedings of the 30th ACM International Conference on Multimedia},
pages = {2276–2285},
numpages = {10}
}

@inproceedings{ouyang-etal-2024-modal,
    title = "Modal-adaptive Knowledge-enhanced Graph-based Financial Prediction from Monetary Policy Conference Calls with {LLM}",
    author = "Ouyang, Kun  and
      Liu, Yi  and
      Li, Shicheng  and
      Bao, Ruihan  and
      Harimoto, Keiko  and
      Sun, Xu",
    booktitle = "Proceedings of the Joint Workshop of the 7th FinNLP, the 5th KDF, and the 4th ECONLP",
    year = "2024"
}

@article{https://doi.org/10.1111/jofi.12818,
author = {CIESLAK, ANNA and MORSE, ADAIR and VISSING-JORGENSEN, ANNETTE},
title = {Stock Returns over the FOMC Cycle},
journal = {The Journal of Finance},
volume = {74},
number = {5},
pages = {2201-2248},
year = {2019}
}

@article{GERTLER2018336,
title = {Central bank communication and financial markets: New high-frequency evidence},
journal = {Journal of Financial Stability},
volume = {36},
pages = {336-345},
year = {2018},
issn = {1572-3089},
author = {Pavel Gertler and Roman Horvath}
}

@article{https://doi.org/10.1111/joes.12550,
author = {Masciandaro, Donato and Peia, Oana and Romelli, Davide},
title = {Central bank communication and social media: From silence to Twitter},
journal = {Journal of Economic Surveys},
volume = {38},
number = {2},
pages = {365-388},
year = {2024}
}

@Article{RePEc:ijc:ijcjou:y:2016:q:4:a:6,
  author={Carlo Rosa},
  title={{Fedspeak: Who Moves U.S. Asset Prices?}},
  journal={International Journal of Central Banking},
  year=2016,
  volume={12},
  number={4},
  pages={223-261}
}

@article{TADLE2022106021,
title = {FOMC minutes sentiments and their impact on financial markets},
journal = {Journal of Economics and Business},
volume = {118},
pages = {106021},
year = {2022},
issn = {0148-6195},
author = {Raul Cruz Tadle},
}

@Article{RePEc:fip:fednep:00004,
  author={Carlo Rosa},
  title={{The financial market effect of FOMC minutes}},
  journal={Economic Policy Review},
  year=2013,
  volume={},
  number={Dec},
  pages={67-81}
}


@article{https://doi.org/10.1111/jofi.12196,
author = {LUCCA, DAVID O. and MOENCH, EMANUEL},
title = {The Pre-FOMC Announcement Drift},
journal = {The Journal of Finance},
volume = {70},
number = {1},
pages = {329-371},
year = {2015}
}

@INCOLLECTION{Gilbert2010-dt,
  title     = "Why do certain macroeconomic news announcements have a big
               impact on asset prices?",
  booktitle = "Applied Econometrics and Forecasting in Macroeconomics and
               Finance Workshop",
  author    = "Gilbert, T and Scotti, C and Strasser, G and Vega, C",
  year      =  2010,
  address   = "Federal Reserve Bank of St. Louis"
}

@article{GILBERT201778,
title = {Is the intrinsic value of a macroeconomic news announcement related to its asset price impact?},
journal = {Journal of Monetary Economics},
volume = {92},
pages = {78-95},
year = {2017},
issn = {0304-3932},
doi = {https://doi.org/10.1016/j.jmoneco.2017.09.008},
author = {Thomas Gilbert and Chiara Scotti and Georg Strasser and Clara Vega}
}

@ARTICLE{RePEc:fip:fednci:y:2008:i:aug:n:v.14no.6,
title = {How economic news moves markets},
author = {Bartolini, Leonardo and Goldberg, Linda and Sacarny, Adam},
year = {2008},
journal = {Current Issues in Economics and Finance},
volume = {14},
number = {Aug},
pages = {6}
}

@article{KIM2004217,
title = {Macroeconomic news announcements and the role of expectations: evidence for US bond, stock and foreign exchange markets},
journal = {Journal of Multinational Financial Management},
volume = {14},
number = {3},
pages = {217-232},
year = {2004},
issn = {1042-444X},
author = {Suk-Joong Kim and Michael D. McKenzie and Robert W. Faff},
}

@article{ROSA2011915,
title = {Words that shake traders: The stock market's reaction to central bank communication in real time},
journal = {Journal of Empirical Finance},
volume = {18},
number = {5},
pages = {915-934},
year = {2011},
issn = {0927-5398},
author = {Carlo Rosa}
}

@article{9fdfa12d09ae4792a11e8360a71a356a,
title = "Macroeconomic news announcements and the role of expectations: Evidence for US bond, stock and foreign exchange markets",
author = "Kim, {Suk Joong} and McKenzie, {Michael D.} and Faff, {Robert W.}",
year = "2004",
volume = "14",
pages = "217--232",
journal = "Journal of Multinational Financial Management",
number = "3",
}

@TECHREPORT{RePEc:snb:snbwpa:2013-11,
title = {Time variation in asset price responses to macro announcements},
author = {Goldberg, Linda and Grisse, Christian},
year = {2013},
institution = {Swiss National Bank},
type = {Working Papers},
number = {2013-11}
}

@techreport{NBERw1296,
 title = "Stock Prices and Economic News",
 author = "Pearce, Douglas K and Roley, V. Vance",
 institution = "National Bureau of Economic Research",
 type = "Working Paper",
 series = "Working Paper Series",
 number = "1296",
 year = "1984",
 doi = {10.3386/w1296}
}

@INPROCEEDINGS{7046047,
  author={Ariyo, Adebiyi A. and Adewumi, Adewumi O. and Ayo, Charles K.},
  booktitle={2014 UKSim-AMSS 16th International Conference on Computer Modelling and Simulation}, 
  title={Stock Price Prediction Using the ARIMA Model}, 
  year={2014},
  volume={},
  number={},
  pages={106-112}
}

@book{10.5555/561899,
author = {Box, George Edward Pelham and Jenkins, Gwilym M.},
title = {Time Series Analysis: Forecasting and Control},
year = {1994},
isbn = {0130607746},
publisher = {Prentice Hall PTR},
address = {USA},
edition = {3rd}
}

@article{BOLLERSLEV1986307,
title = {Generalized autoregressive conditional heteroskedasticity},
journal = {Journal of Econometrics},
volume = {31},
number = {3},
pages = {307-327},
year = {1986},
issn = {0304-4076},
author = {Tim Bollerslev}
}

@article{HYUPROH2007916,
title = {Forecasting the volatility of stock price index},
journal = {Expert Systems with Applications},
volume = {33},
number = {4},
pages = {916-922},
year = {2007},
issn = {0957-4174},
author = {Tae {Hyup Roh}}
}

@article{BAO2025102616,
title = {Data-driven stock forecasting models based on neural networks: A review},
journal = {Information Fusion},
volume = {113},
pages = {102616},
year = {2025},
author = {Wuzhida Bao and Yuting Cao and Yin Yang and Hangjun Che and Junjian Huang and Shiping Wen}
}

@INPROCEEDINGS{1196287,
  author={Pui Cheong Fung, G. and Xu Yu, J. and Wai Lam},
  booktitle={2003 IEEE International Conference on Computational Intelligence for Financial Engineering, 2003. Proceedings.}, 
  title={Stock prediction: Integrating text mining approach using real-time news}, 
  year={2003},
  volume={},
  number={},
  pages={395-402}
}


@article{LI2014826,
title = {The effect of news and public mood on stock movements},
journal = {Information Sciences},
volume = {278},
pages = {826-840},
year = {2014},
author = {Qing Li and TieJun Wang and Ping Li and Ling Liu and Qixu Gong and Yuanzhu Chen}
}

@inproceedings{si-etal-2013-exploiting,
    title = "Exploiting Topic based {T}witter Sentiment for Stock Prediction",
    author = "Si, Jianfeng  and
      Mukherjee, Arjun  and
      Liu, Bing  and
      Li, Qing  and
      Li, Huayi  and
      Deng, Xiaotie",
    booktitle = "Proceedings of the 51st Annual Meeting of the Association for Computational Linguistics (Volume 2: Short Papers)",
    year = "2013",
    pages = "24--29",
}

@article{NGUYEN20159603,
title = {Sentiment analysis on social media for stock movement prediction},
journal = {Expert Systems with Applications},
volume = {42},
number = {24},
pages = {9603-9611},
year = {2015},
author = {Thien Hai Nguyen and Kiyoaki Shirai and Julien Velcin}
}

@INPROCEEDINGS{8212716,
  author={Bhuriya, Dinesh and Kaushal, Girish and Sharma, Ashish and Singh, Upendra},
  booktitle={2017 International conference of Electronics, Communication and Aerospace Technology (ICECA)}, 
  title={Stock market predication using a linear regression}, 
  year={2017},
  volume={2},
  number={},
  pages={510-513}
}

@INPROCEEDINGS{8126078,
  author={Selvin, Sreelekshmy and Vinayakumar, R and Gopalakrishnan, E. A and Menon, Vijay Krishna and Soman, K. P.},
  booktitle={2017 International Conference on Advances in Computing, Communications and Informatics (ICACCI)}, 
  title={Stock price prediction using LSTM, RNN and CNN-sliding window model}, 
  year={2017},
  volume={},
  number={},
  pages={1643-1647}
}

@article{HOSEINZADE2019273,
title = {CNNpred: CNN-based stock market prediction using a diverse set of variables},
journal = {Expert Systems with Applications},
volume = {129},
pages = {273-285},
year = {2019},
author = {Ehsan Hoseinzade and Saman Haratizadeh}
}

@Article{Durairaj2022,
author={Durairaj, Dr. M.
and Mohan, B. H. Krishna},
title={A convolutional neural network based approach to financial time series prediction},
journal={Neural Computing and Applications},
year={2022},
month={Aug},
day={01},
volume={34},
number={16},
pages={13319-13337}
}

@inproceedings{
goswami2024moment,
title={{MOMENT}: A Family of Open Time-series Foundation Models},
author={Mononito Goswami and Konrad Szafer and Arjun Choudhry and Yifu Cai and Shuo Li and Artur Dubrawski},
booktitle={Forty-first International Conference on Machine Learning},
year={2024}
}

@inproceedings{
liu2024timer,
title={Timer: Generative Pre-trained Transformers Are Large Time Series Models},
author={Yong Liu and Haoran Zhang and Chenyu Li and Xiangdong Huang and Jianmin Wang and Mingsheng Long},
booktitle={Forty-first International Conference on Machine Learning},
year={2024}
}

@inproceedings{
anonymous2024totem,
title={{TOTEM}: Tokenized Time Series Embeddings for General Time Series Analysis},
author={Anonymous},
booktitle={ICLR 2024 Workshop on Data-centric Machine Learning Research (DMLR): Harnessing Momentum for Science},
year={2024}
}

@inproceedings{qin-yang-2019-say,
    title = "What You Say and How You Say It Matters: Predicting Stock Volatility Using Verbal and Vocal Cues",
    author = "Qin, Yu  and
      Yang, Yi",
    booktitle = "Proceedings of the 57th Annual Meeting of the Association for Computational Linguistics",
    year = "2019",
    pages = "390--401"
}

@inproceedings{10.1145/3394171.3413752,
author = {Sawhney, Ramit and Mathur, Puneet and Mangal, Ayush and Khanna, Piyush and Shah, Rajiv Ratn and Zimmermann, Roger},
title = {Multimodal Multi-Task Financial Risk Forecasting},
year = {2020},
publisher = {Association for Computing Machinery},
booktitle = {Proceedings of the 28th ACM International Conference on Multimedia},
pages = {456–465},
numpages = {10}
}

@inproceedings{sawhney-etal-2020-deep,
    title = "Deep Attentive Learning for Stock Movement Prediction From Social Media Text and Company Correlations",
    author = "Sawhney, Ramit  and
      Agarwal, Shivam  and
      Wadhwa, Arnav  and
      Shah, Rajiv Ratn",
    booktitle = "Proceedings of the 2020 Conference on Empirical Methods in Natural Language Processing (EMNLP)",
    year = "2020",
    address = "Online",
    pages = "8415--8426"
}

@inproceedings{10.1145/3366423.3380128,
author = {Yang, Linyi and Ng, Tin Lok James and Smyth, Barry and Dong, Riuhai},
title = {HTML: Hierarchical Transformer-based Multi-task Learning for Volatility Prediction},
year = {2020},
booktitle = {Proceedings of The Web Conference 2020},
pages = {441–451},
numpages = {11}
}

@misc{
lee2024moat,
title={Mo{AT}: Multi-Modal Augmented Time Series Forecasting},
author={Geon Lee and Wenchao Yu and Wei Cheng and Haifeng Chen},
year={2024}
}

@article{Jia_Wang_Zheng_Cao_Liu_2024, 
title={GPT4MTS: Prompt-based Large Language Model for Multimodal Time-series Forecasting}, 
volume={38}, 
number={21}, 
journal={Proceedings of the AAAI Conference on Artificial Intelligence}, 
author={Jia, Furong and Wang, Kevin and Zheng, Yixiang and Cao, Defu and Liu, Yan}, 
year={2024}, 
month={Mar.}, 
pages={23343-23351}
}

@misc{ding2024dataaugmentationusinglarge,
      title={Data Augmentation using Large Language Models: Data Perspectives, Learning Paradigms and Challenges}, 
      author={Bosheng Ding and Chengwei Qin and Ruochen Zhao and Tianze Luo and Xinze Li and Guizhen Chen and Wenhan Xia and Junjie Hu and Anh Tuan Luu and Shafiq Joty},
      year={2024},
      archivePrefix={arXiv},
      primaryClass={cs.CL}
}

@inproceedings{
Kaushik2020Learning,
title={Learning The Difference That Makes A Difference With Counterfactually-Augmented Data},
author={Divyansh Kaushik and Eduard Hovy and Zachary Lipton},
booktitle={International Conference on Learning Representations},
year={2020}
}

@inproceedings{wu-etal-2021-polyjuice,
    title = "Polyjuice: Generating Counterfactuals for Explaining, Evaluating, and Improving Models",
    author = "Wu, Tongshuang  and
      Ribeiro, Marco Tulio  and
      Heer, Jeffrey  and
      Weld, Daniel",
    booktitle = "Proceedings of the 59th Annual Meeting of the Association for Computational Linguistics and the 11th International Joint Conference on Natural Language Processing (Volume 1: Long Papers)",
    year = "2021",
    pages = "6707--6723"
}

@inproceedings{ross-etal-2022-tailor,
    title = "Tailor: Generating and Perturbing Text with Semantic Controls",
    author = "Ross, Alexis  and
      Wu, Tongshuang  and
      Peng, Hao  and
      Peters, Matthew  and
      Gardner, Matt",
    booktitle = "Proceedings of the 60th Annual Meeting of the Association for Computational Linguistics (Volume 1: Long Papers)",
    year = "2022",
    pages = "3194--3213"
}

@inproceedings{chen-etal-2023-disco,
    title = "{DISCO}: Distilling Counterfactuals with Large Language Models",
    author = "Chen, Zeming  and
      Gao, Qiyue  and
      Bosselut, Antoine  and
      Sabharwal, Ashish  and
      Richardson, Kyle",
    booktitle = "Proceedings of the 61st Annual Meeting of the Association for Computational Linguistics (Volume 1: Long Papers)",
    year = "2023",
    pages = "5514--5528"
}

@inproceedings{wang-etal-2023-self-instruct,
    title = "Self-Instruct: Aligning Language Models with Self-Generated Instructions",
    author = "Wang, Yizhong  and
      Kordi, Yeganeh  and
      Mishra, Swaroop  and
      Liu, Alisa  and
      Smith, Noah A.  and
      Khashabi, Daniel  and
      Hajishirzi, Hannaneh",
    booktitle = "Proceedings of the 61st Annual Meeting of the Association for Computational Linguistics (Volume 1: Long Papers)",
    year = "2023",
    pages = "13484--13508"
}

@misc{
liu2020roberta,
title={Ro{\{}BERT{\}}a: A Robustly Optimized {\{}BERT{\}} Pretraining Approach},
author={Yinhan Liu and Myle Ott and Naman Goyal and Jingfei Du and Mandar Joshi and Danqi Chen and Omer Levy and Mike Lewis and Luke Zettlemoyer and Veselin Stoyanov},
year={2020}
}

@article{radford2019language,
  title={Language models are unsupervised multitask learners},
  author={Radford, Alec and Wu, Jeffrey and Child, Rewon and Luan, David and Amodei, Dario and Sutskever, Ilya and others},
  journal={OpenAI blog},
  volume={1},
  number={8},
  pages={9},
  year={2019}
}

@article{Zeng_Chen_Zhang_Xu_2023, 
title={Are Transformers Effective for Time Series Forecasting?}, 
volume={37},
number={9}, 
journal={Proceedings of the AAAI Conference on Artificial Intelligence}, 
author={Zeng, Ailing and Chen, Muxi and Zhang, Lei and Xu, Qiang}, 
year={2023}, 
pages={11121-11128}
}


@inproceedings{
sun2024test,
title={{TEST}: Text Prototype Aligned Embedding to Activate {LLM}'s Ability for Time Series},
author={Chenxi Sun and Hongyan Li and Yaliang Li and Shenda Hong},
booktitle={The Twelfth International Conference on Learning Representations},
year={2024}
}

@inproceedings{
liu2024itransformer,
title={iTransformer: Inverted Transformers Are Effective for Time Series Forecasting},
author={Yong Liu and Tengge Hu and Haoran Zhang and Haixu Wu and Shiyu Wang and Lintao Ma and Mingsheng Long},
booktitle={The Twelfth International Conference on Learning Representations},
year={2024}
}

@article{10.1145/3444944,
author = {Yao, Liuyi and Chu, Zhixuan and Li, Sheng and Li, Yaliang and Gao, Jing and Zhang, Aidong},
title = {A Survey on Causal Inference},
year = {2021},
issue_date = {October 2021},
publisher = {Association for Computing Machinery},
address = {New York, NY, USA},
volume = {15},
number = {5},
journal = {ACM Trans. Knowl. Discov. Data},
articleno = {74},
numpages = {46}
}


@inproceedings{devlin-etal-2019-bert,
    title = "{BERT}: Pre-training of Deep Bidirectional Transformers for Language Understanding",
    author = "Devlin, Jacob  and
      Chang, Ming-Wei  and
      Lee, Kenton  and
      Toutanova, Kristina",
    booktitle = "Proceedings of the 2019 Conference of the North {A}merican Chapter of the Association for Computational Linguistics: Human Language Technologies, Volume 1 (Long and Short Papers)",
    year = "2019",
    pages = "4171--4186"
}

@misc{beltagy2020longformerlongdocumenttransformer,
      title={Longformer: The Long-Document Transformer}, 
      author={Iz Beltagy and Matthew E. Peters and Arman Cohan},
      year={2020},
      eprint={2004.05150},
      archivePrefix={arXiv},
      primaryClass={cs.CL}
}