@inproceedings{balakrishnan2013detecting,
  author = {G. Balakrishnan and F. Durand and J. Guttag},
  title = {Detecting Pulse from Head Motions in Video},
  booktitle = {Proceedings of the IEEE Conference on Computer Vision and Pattern Recognition (CVPR)},
  year = {2013},
  pages = {3430--3437},
  address = {Portland, OR, USA},
  publisher = {IEEE}
}

@inproceedings{chen2018deepphys,
  author = {Weixuan Chen and Daniel McDuff},
  title = {Deepphys: Video-based physiological measurement using convolutional attention networks},
  booktitle = {Proceedings of the European Conference on Computer Vision (ECCV)},
  year = {2018},
  pages = {349--365}
}

@inproceedings{fu2023hungry,
  author = {Daniel Y. Fu and Tri Dao and Khaled Kamal Saab and Armin W. Thomas and Atri Rudra and Christopher Ré},
  title = {Hungry Hungry Hippos: Towards Language Modeling with State Space Models},
  booktitle = {Proceedings of the Eleventh International Conference on Learning Representations (ICLR)},
  year = {2023}
}

@inproceedings{gu2022efficiently,
  author = {Albert Gu and Karan Goel and Christopher Ré},
  title = {Efficiently Modeling Long Sequences with Structured State Spaces},
  booktitle = {Proceedings of the Tenth International Conference on Learning Representations (ICLR)},
  year = {2022}
}

@inproceedings{ha2020contactless,
  author = {U. Ha and S. Assana and F. Adib},
  title = {Contactless Seismocardiography via Deep Learning Radars},
  booktitle = {Proceedings of the ACM Annual International Conference on Mobile Computing and Networking (MobiCom)},
  year = {2020},
  pages = {1--14}
}

@article{lin1975noninvasive,
  author = {James C Lin},
  title = {Noninvasive microwave measurement of respiration},
  journal = {Proceedings of the IEEE},
  volume = {63},
  number = {10},
  year = {1975},
  pages = {1530--1530},
  publisher = {IEEE}
}

@inproceedings{luo2024physmamba,
  title={PhysMamba: Efficient Remote Physiological Measurement with SlowFast Temporal Difference Mamba},
  author={Luo, Chaoqi and Xie, Yiping and Yu, Zitong},
  booktitle={Chinese Conference on Biometric Recognition},
  pages={248--259},
  year={2024}
}

@article{matsumura2020rgb,
  author = {Kenta Matsumura and Sogo Toda and Yuji Kato},
  title = {RGB and near-infrared light reflectance/transmittance photoplethysmography for measuring heart rate during motion},
  journal = {IEEE Access},
  volume = {8},
  year = {2020},
  pages = {80233--80242},
  publisher = {IEEE}
}

@inproceedings{mehta2023long,
  author = {Harsh Mehta and Ankit Gupta and Ashok Cutkosky and Behnam Neyshabur},
  title = {Long Range Language Modeling via Gated State Spaces},
  booktitle = {Proceedings of the Eleventh International Conference on Learning Representations (ICLR 2023)},
  year = {2023}
}

@article{monkaresi2014machine,
  author = {H. Monkaresi and R. A. Calvo and H. Yan},
  title = {A Machine Learning Approach to Improve Contactless Heart Rate Monitoring Using a Webcam},
  journal = {IEEE Journal of Biomedical and Health Informatics},
  volume = {18},
  number = {4},
  year = {2014},
  pages = {1153--1160},
  publisher = {IEEE}
}

@article{negishi2020contactless,
  author = {Toshiaki Negishi and Shigeto Abe and Takemi Matsui and He Liu and Masaki Kurosawa and Tetsuo Kirimoto and Guanghao Sun},
  title = {Contactless vital signs measurement system using RGB-thermal image sensors and its clinical screening test on patients with seasonal influenza},
  journal = {Sensors},
  volume = {20},
  number = {8},
  year = {2020},
  pages = {2171},
  publisher = {MDPI}
}

@inproceedings{nowara2021benefit,
  author = {E. M. Nowara and D. McDuff and A. Veeraraghavan},
  title = {The Benefit of Distraction: Denoising Camera-Based Physiological Measurements Using Inverse Attention},
  booktitle = {Proceedings of the IEEE International Conference on Computer Vision (ICCV)},
  year = {2021},
  pages = {4955--4964}
}

@article{park2022self,
  title={Self-supervised rgb-nir fusion video vision transformer framework for rppg estimation},
  author={Park, Soyeon and Kim, Bo-Kyeong and Dong, Suh-Yeon},
  journal={IEEE Transactions on Instrumentation and Measurement},
  volume={71},
  pages={1--10},
  year={2022},
  publisher={IEEE}
}

@article{poh2010noncontact,
  author = {M.-Z. Poh and D. J. McDuff and R. W. Picard},
  title = {Noncontact, automated cardiac pulse measurements using video imaging and blind source separation},
  journal = {Optics Express},
  volume = {18},
  number = {10},
  year = {2010},
  pages = {10762--10774}
}

@inproceedings{smith2023simplified,
  author = {Jimmy T. H. Smith and Andrew Warrington and Scott W. Linderman},
  title = {Simplified State Space Layers for Sequence Modeling},
  booktitle = {Proceedings of the Eleventh International Conference on Learning Representations (ICLR)},
  year = {2023}
}

@article{vilesov2022blending,
  author = {Alexander Vilesov and Pradyumna Chari and Adnan Armouti and Anirudh Bindiganavale Harish and Kimaya Kulkarni and Ananya Deoghare and Laleh Jalilian and Achuta Kadambi},
  title = {Blending Camera and 77 GHz Radar Sensing for Equitable, Robust Plethysmography},
  journal = {ACM Transactions on Graphics},
  volume = {41},
  number = {4},
  article = {36},
  year = {2022},
  pages = {1--14},
  publisher = {ACM},
  doi = {10.1145/3528223.3530161}
}

@inproceedings{wang2019vision,
  author = {Z.-K. Wang and Y. Kao and C.-T. Hsu},
  title = {Vision-Based Heart Rate Estimation Via A Two-Stream CNN},
  booktitle = {Proceedings of the IEEE International Conference on Image Processing (ICIP)},
  year = {2019},
  pages = {3327--3331},
  address = {Taipei, Taiwan},
  publisher = {IEEE}
}

@article{xie2024fusionmamba,
  title={Fusionmamba: Dynamic feature enhancement for multimodal image fusion with mamba},
  author={Xie, Xinyu and Cui, Yawen and Tan, Tao and Zheng, Xubin and Yu, Zitong},
  journal={Visual Intelligence},
  volume={2},
  number={1},
  pages={37},
  year={2024}
}

@inproceedings{yu2019remote,
  author = {Zitong Yu and Xiaobai Li and Guoying Zhao},
  title = {Remote photoplethysmograph signal measurement from facial videos using spatio-temporal networks},
  booktitle = {The British Machine Vision Conference (BMVC)},
  year = {2019}
}

@inproceedings{yu2022physformer,
  author = {Zitong Yu and Yuming Shen and Jingang Shi and Hengshuang Zhao and Philip HS Torr and Guoying Zhao},
  title = {Physformer: Facial video-based physiological measurement with temporal difference transformer},
  booktitle = {Proceedings of the IEEE/CVF Conference on Computer Vision and Pattern Recognition},
  year = {2022},
  pages = {4186--4196}
}

@article{yu2023physformer++,
  title={Physformer++: Facial video-based physiological measurement with slowfast temporal difference transformer},
  author={Yu, Zitong and Shen, Yuming and Shi, Jingang and Zhao, Hengshuang and Cui, Yawen and Zhang, Jiehua and Torr, Philip and Zhao, Guoying},
  journal={International Journal of Computer Vision},
  volume={131},
  number={6},
  pages={1307--1330},
  year={2023}
}

@inproceedings{zheng2021morefi,
  author = {T. Zheng and Z. Chen and S. Zhang and C. Cai and J. Luo},
  title = {MoRe-Fi: Motion-Robust and Fine-Grained Respiration Monitoring via Deep-Learning UWB Radar},
  booktitle = {Proceedings of the ACM Conference on Embedded Networked Sensor Systems (SenSys)},
  year = {2021},
  pages = {111--124},
  address = {New York, NY, USA}
}

@inproceedings{zhu2024vision,
  author = {Lianghui Zhu and Bencheng Liao and Qian Zhang and Xinlong Wang and Wenyu Liu and Xinggang Wang},
  title = {Vision Mamba: Efficient visual representation learning with bidirectional state space model},
  booktitle = {Proceedings of the International Conference on Machine Learning (ICML)},
  year = {2024}
}

@article{zou2024rhythmformer,
  author = {Bochao Zou and Zizheng Guo and Jiansheng Chen and Huimin Ma},
  title = {RhythmFormer: Extracting rPPG Signals Based on Hierarchical Temporal Periodic Transformer},
  journal = {arXiv preprint arXiv:2402.12788},
  year = {2024}
}

