@book{ahad2021contactless,
  author = {Md Atiqur Rahman Ahad and Upal Mahbub and Tauhidur Rahman},
  title = {Contactless Human Activity Analysis},
  year = {2021},
  publisher = {Springer}
}

@article{dehaan2013robust,
  author = {Gerard De Haan and Vincent Jeanne},
  title = {Robust pulse rate from chrominance-based rPPG},
  journal = {IEEE Transactions on Biomedical Engineering},
  volume = {60},
  number = {10},
  year = {2013},
  pages = {2878--2886},
  publisher = {IEEE}
}

@article{verkruysse2008remote,
  author = {Wim Verkruysse and Lars O Svaasand and J Stuart Nelson},
  title = {Remote plethysmographic imaging using ambient light},
  journal = {Optics Express},
  volume = {16},
  number = {26},
  year = {2008},
  pages = {21434--21445}
}

@inproceedings{lewandowska2011measuring,
  author = {Magdalena Lewandowska and Jacek Rumiński and Tomasz Kocejko and Jędrzej Nowak},
  title = {Measuring pulse rate with a webcam—a non-contact method for evaluating cardiac activity},
  booktitle = {2011 Federated Conference on Computer Science and Information Systems (FedCSIS)},
  year = {2011},
  pages = {405--410},
  publisher = {IEEE}
}

@article{poh2010advancements,
  author = {Ming-Zher Poh and Daniel J McDuff and Rosalind W Picard},
  title = {Advancements in noncontact, multiparameter physiological measurements using a webcam},
  journal = {IEEE Transactions on Biomedical Engineering},
  volume = {58},
  number = {1},
  year = {2010},
  pages = {7--11},
  publisher = {IEEE}
}

@inproceedings{yu2019remote,
  author = {Zitong Yu and Xiaobai Li and Guoying Zhao},
  title = {Remote photoplethysmograph signal measurement from facial videos using spatio-temporal networks},
  booktitle = {The British Machine Vision Conference (BMVC)},
  year = {2019}
}

@inproceedings{luo2024physmamba,
  title={PhysMamba: Efficient Remote Physiological Measurement with SlowFast Temporal Difference Mamba},
  author={Luo, Chaoqi and Xie, Yiping and Yu, Zitong},
  booktitle={Chinese Conference on Biometric Recognition},
  pages={248--259},
  year={2024}
}

@article{yu2023physformer++,
  title={Physformer++: Facial video-based physiological measurement with slowfast temporal difference transformer},
  author={Yu, Zitong and Shen, Yuming and Shi, Jingang and Zhao, Hengshuang and Cui, Yawen and Zhang, Jiehua and Torr, Philip and Zhao, Guoying},
  journal={International Journal of Computer Vision},
  volume={131},
  number={6},
  pages={1307--1330},
  year={2023}
}

@inproceedings{nowara2018sparseppg,
  author = {Ewa Magdalena Nowara and Tim K Marks and Hassan Mansour and Ashok Veeraraghavan},
  title = {SparsePPG: Towards driver monitoring using camera-based vital signs estimation in near-infrared},
  booktitle = {Proceedings of the IEEE Conference on Computer Vision and Pattern Recognition Workshops},
  year = {2018},
  pages = {1272--1281},
  publisher = {IEEE}
}

@article{park2019noncontact,
  author = {J.-K. Park and Y. Hong and H. Lee and C. Jang and G.-H. Yun and H.-J. Lee and J.-G. Yook},
  title = {Noncontact RF Vital Sign Sensor for Continuous Monitoring of Driver Status},
  journal = {IEEE Transactions on Biomedical Circuits and Systems},
  volume = {13},
  number = {3},
  year = {2019},
  pages = {493--502},
  publisher = {IEEE}
}

@article{zheng2020v2ifi,
  author = {T. Zheng and Z. Chen and C. Cai and J. Luo and X. Zhang},
  title = {V2iFi: In-Vehicle Vital Sign Monitoring via Compact RF Sensing},
  journal = {Proceedings of the ACM on Interactive, Mobile, Wearable and Ubiquitous Technologies (IMWUT)},
  volume = {4},
  number = {2},
  year = {2020},
  pages = {1--27}
}

@article{alizadeh2019remote,
  author = {Mostafa Alizadeh and George Shaker and João Carlos Martins De Almeida and Plinio Pelegrini Morita and Safeddin Safavi-Naeini},
  title = {Remote monitoring of human vital signs using mm-wave FMCW radar},
  journal = {IEEE Access},
  volume = {7},
  year = {2019},
  pages = {54958--54968},
  publisher = {IEEE}
}


@article{li2008random,
  author = {C. Li and J. Lin},
  title = {Random Body Movement Cancellation in Doppler Radar Vital Sign Detection},
  journal = {IEEE Transactions on Microwave Theory and Techniques},
  volume = {56},
  number = {12},
  year = {2008},
  pages = {3143--3152},
  publisher = {IEEE}
}


@article{wu2019person,
  author = {Shuqiong Wu and Takuya Sakamoto and Kentaro Oishi and Toru Sato and Kenichi Inoue and Takeshi Fukuda and Kenji Mizutani and Hiroyuki Sakai},
  title = {Person-specific heart rate estimation with ultra-wideband radar using convolutional neural networks},
  journal = {IEEE Access},
  volume = {7},
  year = {2019},
  pages = {168484--168494},
  publisher = {IEEE}
}

@inproceedings{balakrishnan2013detecting,
  author = {G. Balakrishnan and F. Durand and J. Guttag},
  title = {Detecting Pulse from Head Motions in Video},
  booktitle = {Proceedings of the IEEE Conference on Computer Vision and Pattern Recognition (CVPR)},
  year = {2013},
  pages = {3430--3437},
  address = {Portland, OR, USA},
  publisher = {IEEE}
}

@article{poh2010noncontact,
  author = {M.-Z. Poh and D. J. McDuff and R. W. Picard},
  title = {Noncontact, automated cardiac pulse measurements using video imaging and blind source separation},
  journal = {Optics Express},
  volume = {18},
  number = {10},
  year = {2010},
  pages = {10762--10774}
}

@article{monkaresi2014machine,
  author = {H. Monkaresi and R. A. Calvo and H. Yan},
  title = {A Machine Learning Approach to Improve Contactless Heart Rate Monitoring Using a Webcam},
  journal = {IEEE Journal of Biomedical and Health Informatics},
  volume = {18},
  number = {4},
  year = {2014},
  pages = {1153--1160},
  publisher = {IEEE}
}

@inproceedings{wang2019vision,
  author = {Z.-K. Wang and Y. Kao and C.-T. Hsu},
  title = {Vision-Based Heart Rate Estimation Via A Two-Stream CNN},
  booktitle = {Proceedings of the IEEE International Conference on Image Processing (ICIP)},
  year = {2019},
  pages = {3327--3331},
  address = {Taipei, Taiwan},
  publisher = {IEEE}
}

@inproceedings{chen2018deepphys,
  author = {Weixuan Chen and Daniel McDuff},
  title = {Deepphys: Video-based physiological measurement using convolutional attention networks},
  booktitle = {Proceedings of the European Conference on Computer Vision (ECCV)},
  year = {2018},
  pages = {349--365}
}

@inproceedings{yu2022physformer,
  author = {Zitong Yu and Yuming Shen and Jingang Shi and Hengshuang Zhao and Philip HS Torr and Guoying Zhao},
  title = {Physformer: Facial video-based physiological measurement with temporal difference transformer},
  booktitle = {Proceedings of the IEEE/CVF Conference on Computer Vision and Pattern Recognition},
  year = {2022},
  pages = {4186--4196}
}

@article{zou2024rhythmformer,
  author = {Bochao Zou and Zizheng Guo and Jiansheng Chen and Huimin Ma},
  title = {RhythmFormer: Extracting rPPG Signals Based on Hierarchical Temporal Periodic Transformer},
  journal = {arXiv preprint arXiv:2402.12788},
  year = {2024}
}

@inproceedings{nowara2021benefit,
  author = {E. M. Nowara and D. McDuff and A. Veeraraghavan},
  title = {The Benefit of Distraction: Denoising Camera-Based Physiological Measurements Using Inverse Attention},
  booktitle = {Proceedings of the IEEE International Conference on Computer Vision (ICCV)},
  year = {2021},
  pages = {4955--4964}
}

@article{lin1975noninvasive,
  author = {James C Lin},
  title = {Noninvasive microwave measurement of respiration},
  journal = {Proceedings of the IEEE},
  volume = {63},
  number = {10},
  year = {1975},
  pages = {1530--1530},
  publisher = {IEEE}
}

@inproceedings{ha2020contactless,
  author = {U. Ha and S. Assana and F. Adib},
  title = {Contactless Seismocardiography via Deep Learning Radars},
  booktitle = {Proceedings of the ACM Annual International Conference on Mobile Computing and Networking (MobiCom)},
  year = {2020},
  pages = {1--14}
}

@article{negishi2020contactless,
  author = {Toshiaki Negishi and Shigeto Abe and Takemi Matsui and He Liu and Masaki Kurosawa and Tetsuo Kirimoto and Guanghao Sun},
  title = {Contactless vital signs measurement system using RGB-thermal image sensors and its clinical screening test on patients with seasonal influenza},
  journal = {Sensors},
  volume = {20},
  number = {8},
  year = {2020},
  pages = {2171},
  publisher = {MDPI}
}

@article{matsumura2020rgb,
  author = {Kenta Matsumura and Sogo Toda and Yuji Kato},
  title = {RGB and near-infrared light reflectance/transmittance photoplethysmography for measuring heart rate during motion},
  journal = {IEEE Access},
  volume = {8},
  year = {2020},
  pages = {80233--80242},
  publisher = {IEEE}
}

@inproceedings{gu2022efficiently,
  author = {Albert Gu and Karan Goel and Christopher Ré},
  title = {Efficiently Modeling Long Sequences with Structured State Spaces},
  booktitle = {Proceedings of the Tenth International Conference on Learning Representations (ICLR)},
  year = {2022}
}

@inproceedings{liu2020multi,
  author = {X. Liu and J. Fromm and S. Patel and D. McDuff},
  title = {Multi-Task Temporal Shift Attention Networks for On-Device Contactless Vitals Measurement},
  booktitle = {Advances in Neural Information Processing Systems (NeurIPS)},
  year = {2020},
  pages = {1--23},
  address = {Virtual}
}

@inproceedings{liu2023efficientphys,
  author = {Xin Liu and Brian Hill and Ziheng Jiang and Shwetak Patel and Daniel McDuff},
  title = {Efficientphys: Enabling simple, fast and accurate camera-based cardiac measurement},
  booktitle = {Proceedings of the IEEE/CVF Winter Conference on Applications of Computer Vision},
  year = {2023},
  pages = {5008--5017}
}

@article{zou2024rhythmmamba,
  author = {B. Zou and Z. Guo and X. Hu and H. Ma},
  title = {Rhythmmamba: Fast remote physiological measurement with arbitrary length videos},
  journal = {arXiv preprint arXiv:2404.06483},
  year = {2024}
}

@article{tu2016respiration,
  author = {J. Tu and T. Hwang and J. Lin},
  title = {Respiration Rate Measurement Under 1-D Body Motion Using Single Continuous-Wave Doppler Radar Vital Sign Detection System},
  journal = {IEEE Transactions on Microwave Theory and Techniques},
  volume = {64},
  number = {6},
  year = {2016},
  pages = {1937--1946},
  publisher = {IEEE}
}

@article{mercuri2019vital,
  author = {M. Mercuri and I. Lorato and Y.-H. Liu and P. Wieringa and F. Van Hoof and T. Torfs},
  title = {Vital-sign monitoring and spatial tracking of multiple people using a contactless radar-based sensor},
  journal = {Nature Electronics},
  volume = {2},
  year = {2019},
  pages = {252--262}
}

@article{vilesov2022blending,
  author = {Alexander Vilesov and Pradyumna Chari and Adnan Armouti and Anirudh Bindiganavale Harish and Kimaya Kulkarni and Ananya Deoghare and Laleh Jalilian and Achuta Kadambi},
  title = {Blending Camera and 77 GHz Radar Sensing for Equitable, Robust Plethysmography},
  journal = {ACM Transactions on Graphics},
  volume = {41},
  number = {4},
  article = {36},
  year = {2022},
  pages = {1--14},
  publisher = {ACM},
  doi = {10.1145/3528223.3530161}
}

@inproceedings{fu2023hungry,
  author = {Daniel Y. Fu and Tri Dao and Khaled Kamal Saab and Armin W. Thomas and Atri Rudra and Christopher Ré},
  title = {Hungry Hungry Hippos: Towards Language Modeling with State Space Models},
  booktitle = {Proceedings of the Eleventh International Conference on Learning Representations (ICLR)},
  year = {2023}
}

@article{cheng2020remote,
  title={Remote heart rate measurement from near-infrared videos based on joint blind source separation with delay-coordinate transformation},
  author={Cheng, Juan and Wang, Ping and Song, Rencheng and Liu, Yu and Li, Chang and Liu, Yong and Chen, Xun},
  journal={IEEE Transactions on Instrumentation and Measurement},
  volume={70},
  pages={1--13},
  year={2020},
  publisher={IEEE}
}

@article{liu2024remote,
  title={Remote heart rate estimation in intense interference scenarios: A white-box framework},
  author={Liu, Boxiang and Zheng, Xiujuan and Wu, Yue Ivan},
  journal={IEEE Transactions on Instrumentation and Measurement},
  year={2024},
  publisher={IEEE}
}

@article{hu2021eta,
  title={ETA-rPPGNet: Effective time-domain attention network for remote heart rate measurement},
  author={Hu, Min and Qian, Fei and Guo, Dong and Wang, Xiaohua and He, Lei and Ren, Fuji},
  journal={IEEE Transactions on Instrumentation and Measurement},
  volume={70},
  pages={1--12},
  year={2021},
  publisher={IEEE}
}

@article{yu2021facial,
  title={Facial-video-based physiological signal measurement: Recent advances and affective applications},
  author={Yu, Zitong and Li, Xiaobai and Zhao, Guoying},
  journal={IEEE Signal Processing Magazine},
  volume={38},
  number={6},
  pages={50--58},
  year={2021},
  publisher={IEEE}
}

@article{park2022self,
  title={Self-supervised rgb-nir fusion video vision transformer framework for rppg estimation},
  author={Park, Soyeon and Kim, Bo-Kyeong and Dong, Suh-Yeon},
  journal={IEEE Transactions on Instrumentation and Measurement},
  volume={71},
  pages={1--10},
  year={2022},
  publisher={IEEE}
}

@inproceedings{mehta2023long,
  author = {Harsh Mehta and Ankit Gupta and Ashok Cutkosky and Behnam Neyshabur},
  title = {Long Range Language Modeling via Gated State Spaces},
  booktitle = {Proceedings of the Eleventh International Conference on Learning Representations (ICLR 2023)},
  year = {2023}
}
@inproceedings{smith2023simplified,
  author = {Jimmy T. H. Smith and Andrew Warrington and Scott W. Linderman},
  title = {Simplified State Space Layers for Sequence Modeling},
  booktitle = {Proceedings of the Eleventh International Conference on Learning Representations (ICLR)},
  year = {2023}
}

@article{xie2024fusionmamba,
  title={Fusionmamba: Dynamic feature enhancement for multimodal image fusion with mamba},
  author={Xie, Xinyu and Cui, Yawen and Tan, Tao and Zheng, Xubin and Yu, Zitong},
  journal={Visual Intelligence},
  volume={2},
  number={1},
  pages={37},
  year={2024}
}

@inproceedings{zhu2024vision,
  author = {Lianghui Zhu and Bencheng Liao and Qian Zhang and Xinlong Wang and Wenyu Liu and Xinggang Wang},
  title = {Vision Mamba: Efficient visual representation learning with bidirectional state space model},
  booktitle = {Proceedings of the International Conference on Machine Learning (ICML)},
  year = {2024}
}

@article{ye2024depmamba,
  title={DepMamba: Progressive Fusion Mamba for Multimodal Depression Detection},
  author={Ye, Jiaxin and Zhang, Junping and Shan, Hongming},
  journal={arXiv preprint arXiv:2409.15936},
  year={2024},
  url={https://arxiv.org/abs/2409.15936}
}


@inproceedings{zheng2021morefi,
  author = {T. Zheng and Z. Chen and S. Zhang and C. Cai and J. Luo},
  title = {MoRe-Fi: Motion-Robust and Fine-Grained Respiration Monitoring via Deep-Learning UWB Radar},
  booktitle = {Proceedings of the ACM Conference on Embedded Networked Sensor Systems (SenSys)},
  year = {2021},
  pages = {111--124},
  address = {New York, NY, USA}
}

@article{zhang2016joint,
  author = {Kaipeng Zhang and Zhanpeng Zhang and Zhifeng Li and Yu Qiao},
  title = {Joint face detection and alignment using multitask cascaded convolutional networks},
  journal = {IEEE Signal Processing Letters},
  volume = {23},
  number = {10},
  year = {2016},
  pages = {1499--1503},
  publisher = {IEEE}
}

