% Use this file for citations not found in the ACL Anthology (contained in "anthology.bib").

@book{Aho:72,
    author  = {Alfred V. Aho and Jeffrey D. Ullman},
    title   = {The Theory of Parsing, Translation and Compiling},
    year    = "1972",
    volume  = "1",
    publisher = {Prentice-Hall},
    address = {Englewood Cliffs, NJ}
}

@book{APA:83,
    author  = {{American Psychological Association}},
    title   = {Publications Manual},
    year    = "1983",
    publisher = {American Psychological Association},
    address = {Washington, DC}
}

@article{Chandra:81,
	author = {Ashok K. Chandra and Dexter C. Kozen and Larry J. Stockmeyer},
	year = "1981",
	title = {Alternation},
	journal = {Journal of the Association for Computing Machinery},
	volume = "28",
	number = "1",
	pages = "114--133",
	doi = "10.1145/322234.322243",
}

@inproceedings{andrew2007scalable,
  title={Scalable training of {L1}-regularized log-linear models},
  author={Andrew, Galen and Gao, Jianfeng},
  booktitle={Proceedings of the 24th International Conference on Machine Learning},
  pages={33--40},
  year={2007},
}

@book{Gusfield:97,
    author  = {Dan Gusfield},
    title   = {Algorithms on Strings, Trees and Sequences},
    year    = "1997",
    publisher = {Cambridge University Press},
    address = {Cambridge, UK}
}

@article{rasooli-tetrault-2015,
    author    = {Mohammad Sadegh Rasooli and Joel R. Tetreault},
    title     = {Yara Parser: {A} Fast and Accurate Dependency Parser},
    journal   = {Computing Research Repository},
    volume    = {arXiv:1503.06733},
    year      = {2015},
    url       = {http://arxiv.org/abs/1503.06733},
    note    = {version 2}
}

@article{Ando2005,
	Acmid = {1194905},
	Author = {Ando, Rie Kubota and Zhang, Tong},
	Issn = {1532-4435},
	Issue_Date = {12/1/2005},
	Journal = {Journal of Machine Learning Research},
	Month = dec,
	Numpages = {37},
	Pages = {1817--1853},
	Publisher = {JMLR.org},
	Title = {A Framework for Learning Predictive Structures from Multiple Tasks and Unlabeled Data},
	Volume = {6},
	Year = {2005}
}




















@article{an2023coarse,
  title={Coarse-to-fine dual encoders are better frame identification learners},
  author={An, Kaikai and Zheng, Ce and Gao, Bofei and Zhao, Haozhe and Chang, Baobao},
  journal={arXiv preprint arXiv:2310.13316},
  year={2023}
}
@inproceedings{hartmann2017out,
  title={Out-of-domain FrameNet semantic role labeling},
  author={Hartmann, Silvana and Kuznetsov, Ilia and Mart{\'\i}n-Valdivia, M Teresa and Gurevych, Iryna},
  booktitle={Proceedings of the 15th Conference of the European Chapter of the Association for Computational Linguistics: Volume 1, Long Papers},
  pages={471--482},
  year={2017}
}
@inproceedings{su2021knowledge,
  title={A knowledge-guided framework for frame identification},
  author={Su, Xuefeng and Li, Ru and Li, Xiaoli and Pan, Jeff Z and Zhang, Hu and Chai, Qinghua and Han, Xiaoqi},
  booktitle={Proceedings of the 59th Annual Meeting of the Association for Computational Linguistics and the 11th International Joint Conference on Natural Language Processing (Volume 1: Long Papers)},
  pages={5230--5240},
  year={2021}
}
@inproceedings{jiang2021exploiting,
  title={Exploiting definitions for frame identification},
  author={Jiang, Tianyu and Riloff, Ellen},
  booktitle={Proceedings of the 16th Conference of the European Chapter of the Association for Computational Linguistics: Main Volume},
  pages={2429--2434},
  year={2021}
}
@inproceedings{tamburini2022combining,
  title={Combining ELECTRA and adaptive graph encoding for frame identification},
  author={Tamburini, Fabio},
  booktitle={Proceedings of the Thirteenth Language Resources and Evaluation Conference},
  pages={1671--1679},
  year={2022}
}
@article{das2014frame,
  title={Frame-semantic parsing},
  author={Das, Dipanjan and Chen, Desai and Martins, Andr{\'e} FT and Schneider, Nathan and Smith, Noah A},
  journal={Computational linguistics},
  volume={40},
  number={1},
  pages={9--56},
  year={2014},
  publisher={MIT Press One Rogers Street, Cambridge, MA 02142-1209, USA journals-info~…}
}
@inproceedings{baker1998berkeley,
  title={The berkeley framenet project},
  author={Baker, Collin F and Fillmore, Charles J and Lowe, John B},
  booktitle={COLING 1998 Volume 1: The 17th International Conference on Computational Linguistics},
  year={1998}
}
@article{caspari2024beyond,
  title={Beyond Benchmarks: Evaluating Embedding Model Similarity for Retrieval Augmented Generation Systems},
  author={Caspari, Laura and Dastidar, Kanishka Ghosh and Zerhoudi, Saber and Mitrovic, Jelena and Granitzer, Michael},
  journal={arXiv preprint arXiv:2407.08275},
  year={2024}
}
@misc{muennighoff2023mtebmassivetextembedding,
      title={MTEB: Massive Text Embedding Benchmark}, 
      author={Niklas Muennighoff and Nouamane Tazi and Loïc Magne and Nils Reimers},
      year={2023},
      eprint={2210.07316},
      archivePrefix={arXiv},
      primaryClass={cs.CL},
      url={https://arxiv.org/abs/2210.07316}, 
}
@article{weng2024intentional,
  title={An intentional approach to managing bias in general purpose embedding models},
  author={Weng, Wei-Hung and Sellergen, Andrew and Kiraly, Atilla P and D’Amour, Alexander and Park, Jungyeon and Pilgrim, Rory and Pfohl, Stephen and Lau, Charles and Natarajan, Vivek and Azizi, Shekoofeh and others},
  journal={The Lancet Digital Health},
  volume={6},
  number={2},
  pages={e126--e130},
  year={2024},
  publisher={Elsevier}
}
@article{Ji_2023,
   title={Survey of Hallucination in Natural Language Generation},
   volume={55},
   ISSN={1557-7341},
   url={http://dx.doi.org/10.1145/3571730},
   DOI={10.1145/3571730},
   number={12},
   journal={ACM Computing Surveys},
   publisher={Association for Computing Machinery (ACM)},
   author={Ji, Ziwei and Lee, Nayeon and Frieske, Rita and Yu, Tiezheng and Su, Dan and Xu, Yan and Ishii, Etsuko and Bang, Ye Jin and Madotto, Andrea and Fung, Pascale},
   year={2023},
   month=mar, pages={1–38} }
@article{mousavi2024your,
  title={Is Your LLM Outdated? Benchmarking LLMs \& Alignment Algorithms for Time-Sensitive Knowledge},
  author={Mousavi, Seyed Mahed and Alghisi, Simone and Riccardi, Giuseppe},
  journal={arXiv preprint arXiv:2404.08700},
  year={2024}
}
@article{zhang2024raft,
  title={Raft: Adapting language model to domain specific rag},
  author={Zhang, Tianjun and Patil, Shishir G and Jain, Naman and Shen, Sheng and Zaharia, Matei and Stoica, Ion and Gonzalez, Joseph E},
  journal={arXiv preprint arXiv:2403.10131},
  year={2024}
}
@article{sciavolino2021simple,
  title={Simple entity-centric questions challenge dense retrievers},
  author={Sciavolino, Christopher and Zhong, Zexuan and Lee, Jinhyuk and Chen, Danqi},
  journal={arXiv preprint arXiv:2109.08535},
  year={2021}
}
@article{shavarani2024entity,
  title={Entity Retrieval for Answering Entity-Centric Questions},
  author={Shavarani, Hassan S and Sarkar, Anoop},
  journal={arXiv preprint arXiv:2408.02795},
  year={2024}
}
@article{gildea2002automatic,
  title={Automatic labeling of semantic roles},
  author={Gildea, Daniel and Jurafsky, Daniel},
  journal={Computational linguistics},
  volume={28},
  number={3},
  pages={245--288},
  year={2002},
  publisher={MIT Press One Rogers Street, Cambridge, MA 02142-1209, USA journals-info~…}
}
@inproceedings{baker2007semeval,
  title={Semeval-2007 task 19: Frame semantic structure extraction},
  author={Baker, Collin F and Ellsworth, Michael and Erk, Katrin},
  booktitle={Proceedings of the Fourth International Workshop on Semantic Evaluations (SemEval-2007)},
  pages={99--104},
  year={2007}
}
@article{fillmore1976frame,
  title={Frame semantics and the nature of language},
  author={Fillmore, Charles J},
  journal={Annals of the New York Academy of Sciences},
  volume={280},
  number={1},
  pages={20--32},
  year={1976},
  publisher={Wiley Online Library}
}
@inproceedings{si2018frame,
  title={A frame-based NLP system for cancer-related information extraction},
  author={Si, Yuqi and Roberts, Kirk},
  booktitle={AMIA annual symposium proceedings},
  volume={2018},
  pages={1524},
  year={2018},
  organization={American Medical Informatics Association}
}
@inproceedings{guo2020incorporating,
  title={Incorporating syntax and frame semantics in neural network for machine reading comprehension},
  author={Guo, Shaoru and Guan, Yong and Li, Ru and Li, Xiaoli and Tan, Hongye},
  booktitle={Proceedings of the 28th International Conference on Computational Linguistics},
  pages={2635--2641},
  year={2020}
}
@inproceedings{zheng2023query,
  title={Query your model with definitions in framenet: an effective method for frame semantic role labeling},
  author={Zheng, Ce and Wang, Yiming and Chang, Baobao},
  booktitle={Proceedings of the AAAI Conference on Artificial Intelligence},
  volume={37},
  number={11},
  pages={14029--14037},
  year={2023}
}
@inproceedings{flanigan2022meaning,
  title={Meaning representations for natural languages: Design, models and applications},
  author={Flanigan, Jeffrey and Jindal, Ishan and Li, Yunyao and O’Gorman, Tim and Palmer, Martha and Xue, Nianwen},
  booktitle={Proceedings of the 2022 Conference on Empirical Methods in Natural Language Processing: Tutorial Abstracts},
  pages={1--8},
  year={2022}
}
@inproceedings{bonn2024meaning,
  title={Meaning Representations for Natural Languages: Design, Models and Applications},
  author={Bonn, Julia and Flanigan, Jeffrey and Hajic, Jan and Jindal, Ishan and Li, Yunyao and Xue, Nianwen},
  booktitle={Proceedings of the 2024 Joint International Conference on Computational Linguistics, Language Resources and Evaluation (LREC-COLING 2024): Tutorial Summaries},
  pages={13--18},
  year={2024}
}
@article{li2024comprehensive,
  title={A Comprehensive Overview of CFN From a Commonsense Perspective},
  author={Li, Ru and Zhao, Yunxiao and Wang, Zhiqiang and Su, Xuefeng and Guo, Shaoru and Guan, Yong and Han, Xiaoqi and Zhao, Hongyan},
  journal={Machine Intelligence Research},
  volume={21},
  number={2},
  pages={239--256},
  year={2024},
  publisher={Springer}
}
@article{chanin2023open,
  title={Open-source frame semantic parsing},
  author={Chanin, David},
  journal={arXiv preprint arXiv:2303.12788},
  year={2023}
}
@article{raffel2020exploring,
  title={Exploring the limits of transfer learning with a unified text-to-text transformer},
  author={Raffel, Colin and Shazeer, Noam and Roberts, Adam and Lee, Katherine and Narang, Sharan and Matena, Michael and Zhou, Yanqi and Li, Wei and Liu, Peter J},
  journal={Journal of machine learning research},
  volume={21},
  number={140},
  pages={1--67},
  year={2020}
}
@article{su2023span,
  title={A Span-based Target-aware Relation Model for Frame-semantic Parsing},
  author={Su, Xuefeng and Li, Ru and Li, Xiaoli and Chang, Baobao and Hu, Zhiwei and Han, Xiaoqi and Yan, Zhichao},
  journal={ACM Transactions on Asian and Low-Resource Language Information Processing},
  volume={22},
  number={3},
  pages={1--24},
  year={2023},
  publisher={ACM New York, NY}
}
@article{zhao2024retrieval,
  title={Retrieval-augmented generation for ai-generated content: A survey},
  author={Zhao, Penghao and Zhang, Hailin and Yu, Qinhan and Wang, Zhengren and Geng, Yunteng and Fu, Fangcheng and Yang, Ling and Zhang, Wentao and Jiang, Jie and Cui, Bin},
  journal={arXiv preprint arXiv:2402.19473},
  year={2024}
}
@article{alawwad2024enhancing,
  title={Enhancing textbook question answering task with large language models and retrieval augmented generation},
  author={Alawwad, Hessa Abdulrahman and Alhothali, Areej and Naseem, Usman and Alkhathlan, Ali and Jamal, Amani},
  journal={arXiv preprint arXiv:2402.05128},
  year={2024}
}
@article{zhang2024retrievalqa,
  title={RetrievalQA: Assessing adaptive Retrieval-Augmented generation for short-form Open-Domain question answering},
  author={Zhang, Zihan and Fang, Meng and Chen, Ling},
  journal={arXiv preprint arXiv:2402.16457},
  year={2024}
}
@article{douze2024faiss,
  title={The faiss library},
  author={Douze, Matthijs and Guzhva, Alexandr and Deng, Chengqi and Johnson, Jeff and Szilvasy, Gergely and Mazar{\'e}, Pierre-Emmanuel and Lomeli, Maria and Hosseini, Lucas and J{\'e}gou, Herv{\'e}},
  journal={arXiv preprint arXiv:2401.08281},
  year={2024}
}
@article{rahman2024efficient,
  title={Efficient Medical Image Retrieval Using DenseNet and FAISS for BIRADS Classification},
  author={Rahman, MD and Humayara, Feiroz and Rabbi, Syed Maudud E and Rashid, Muhammad Mahbubur},
  journal={arXiv preprint arXiv:2411.01473},
  year={2024}
}
@misc{li2024makingtextembeddersfewshot,
      title={Making Text Embedders Few-Shot Learners}, 
      author={Chaofan Li and MingHao Qin and Shitao Xiao and Jianlyu Chen and Kun Luo and Yingxia Shao and Defu Lian and Zheng Liu},
      year={2024},
      eprint={2409.15700},
      archivePrefix={arXiv},
      primaryClass={cs.IR},
      url={https://arxiv.org/abs/2409.15700}, 
}
@misc{bge_embedding,
      title={C-Pack: Packaged Resources To Advance General Chinese Embedding}, 
      author={Shitao Xiao and Zheng Liu and Peitian Zhang and Niklas Muennighoff},
      year={2023},
      eprint={2309.07597},
      archivePrefix={arXiv},
      primaryClass={cs.CL}
}
@article{dubey2024llama,
  title={The llama 3 herd of models},
  author={Dubey, Abhimanyu and Jauhri, Abhinav and Pandey, Abhinav and Kadian, Abhishek and Al-Dahle, Ahmad and Letman, Aiesha and Mathur, Akhil and Schelten, Alan and Yang, Amy and Fan, Angela and others},
  journal={arXiv preprint arXiv:2407.21783},
  year={2024}
}
@article{sutskever2014sequence,
  title={Sequence to Sequence Learning with Neural Networks},
  author={Sutskever, I},
  journal={arXiv preprint arXiv:1409.3215},
  year={2014}
}
@inproceedings{popov2019graph,
  title={Graph embeddings for frame identification},
  author={Popov, Alexander and Sikos, Jennifer},
  booktitle={Proceedings of the International Conference on Recent Advances in Natural Language Processing (RANLP 2019)},
  pages={939--948},
  year={2019}
}
@inproceedings{cui2020adaptive,
  title={Adaptive graph encoder for attributed graph embedding},
  author={Cui, Ganqu and Zhou, Jie and Yang, Cheng and Liu, Zhiyuan},
  booktitle={Proceedings of the 26th ACM SIGKDD international conference on knowledge discovery \& data mining},
  pages={976--985},
  year={2020}
}
@article{kalyanpur2020open,
  title={Open-domain frame semantic parsing using transformers},
  author={Kalyanpur, Aditya and Biran, Or and Breloff, Tom and Chu-Carroll, Jennifer and Diertani, Ariel and Rambow, Owen and Sammons, Mark},
  journal={arXiv preprint arXiv:2010.10998},
  year={2020}
}
@article{reimers2019sentence,
  title={Sentence-BERT: Sentence Embeddings using Siamese BERT-Networks},
  author={Reimers, N},
  journal={arXiv preprint arXiv:1908.10084},
  year={2019}
}
@article{clark2020electra,
  title={Electra: Pre-training text encoders as discriminators rather than generators},
  author={Clark, K},
  journal={arXiv preprint arXiv:2003.10555},
  year={2020}
}
@article{zheng2022double,
  title={A double-graph based framework for frame semantic parsing},
  author={Zheng, Ce and Chen, Xudong and Xu, Runxin and Chang, Baobao},
  journal={arXiv preprint arXiv:2206.09158},
  year={2022}
}
@inproceedings{schlichtkrull2018modeling,
  title={Modeling relational data with graph convolutional networks},
  author={Schlichtkrull, Michael and Kipf, Thomas N and Bloem, Peter and Van Den Berg, Rianne and Titov, Ivan and Welling, Max},
  booktitle={The semantic web: 15th international conference, ESWC 2018, Heraklion, Crete, Greece, June 3--7, 2018, proceedings 15},
  pages={593--607},
  year={2018},
  organization={Springer}
}
@inproceedings{kenton2019bert,
  title={Bert: Pre-training of deep bidirectional transformers for language understanding},
  author={Kenton, Jacob Devlin Ming-Wei Chang and Toutanova, Lee Kristina},
  booktitle={Proceedings of naacL-HLT},
  volume={1},
  pages={2},
  year={2019},
  organization={Minneapolis, Minnesota}
}
@article{wu2020comprehensive,
  title={A comprehensive survey on graph neural networks},
  author={Wu, Zonghan and Pan, Shirui and Chen, Fengwen and Long, Guodong and Zhang, Chengqi and Philip, S Yu},
  journal={IEEE transactions on neural networks and learning systems},
  volume={32},
  number={1},
  pages={4--24},
  year={2020},
  publisher={IEEE}
}
@inproceedings{sas2020wikibank,
  title={WikiBank: Using Wikidata to improve multilingual frame-semantic parsing},
  author={Sas, Cezar and Beloucif, Meriem and S{\o}gaard, Anders},
  booktitle={The 12th Language Resources and Evaluation Conference},
  pages={4183--4189},
  year={2020}
}
@misc{jiang2023mistral7b,
      title={Mistral 7B}, 
      author={Albert Q. Jiang and Alexandre Sablayrolles and Arthur Mensch and Chris Bamford and Devendra Singh Chaplot and Diego de las Casas and Florian Bressand and Gianna Lengyel and Guillaume Lample and Lucile Saulnier and Lélio Renard Lavaud and Marie-Anne Lachaux and Pierre Stock and Teven Le Scao and Thibaut Lavril and Thomas Wang and Timothée Lacroix and William El Sayed},
      year={2023},
      eprint={2310.06825},
      archivePrefix={arXiv},
      primaryClass={cs.CL},
      url={https://arxiv.org/abs/2310.06825}, 
}
@article{diallo2024comprehensive,
  title={A comprehensive evaluation of neural sparql query generation from natural language questions},
  author={Diallo, Papa Abdou Karim Karou and Reyd, Samuel and Zouaq, Amal},
  journal={IEEE Access},
  year={2024},
  publisher={IEEE}
}
@article{dettmers2024qlora,
  title={Qlora: Efficient finetuning of quantized llms},
  author={Dettmers, Tim and Pagnoni, Artidoro and Holtzman, Ari and Zettlemoyer, Luke},
  journal={Advances in Neural Information Processing Systems},
  volume={36},
  year={2024}
}
@article{hu2021lora,
  title={Lora: Low-rank adaptation of large language models},
  author={Hu, Edward J and Shen, Yelong and Wallis, Phillip and Allen-Zhu, Zeyuan and Li, Yuanzhi and Wang, Shean and Wang, Lu and Chen, Weizhu},
  journal={arXiv preprint arXiv:2106.09685},
  year={2021}
}
@inproceedings{LCQUAD2,
  author    = {Mohnish Dubey and
               Debayan Banerjee and
               Abdelrahman Abdelkawi and
               Jens Lehmann},
  editor    = {Chiara Ghidini and
               Olaf Hartig and
               Maria Maleshkova and
               Vojtech Sv{\'{a}}tek and
               Isabel F. Cruz and
               Aidan Hogan and
               Jie Song and
               Maxime Lefran{\c{c}}ois and
               Fabien Gandon},
  title     = {LC-QuAD 2.0: {A} Large Dataset for Complex Question Answering over
               Wikidata and DBpedia},
  booktitle = {The Semantic Web - {ISWC} 2019 - 18th International Semantic Web Conference,
               Auckland, New Zealand, October 26-30, 2019, Proceedings, Part {II}},
  series    = {Lecture Notes in Computer Science},
  volume    = {11779},
  pages     = {69--78},
  publisher = {Springer},
  year      = {2019},
  url       = {https://doi.org/10.1007/978-3-030-30796-7\_5},
  doi       = {10.1007/978-3-030-30796-7\_5},
  timestamp = {Mon, 26 Sep 2022 12:21:56 +0200},
  biburl    = {https://dblp.org/rec/conf/semweb/DubeyBA019.bib},
  bibsource = {dblp computer science bibliography, https://dblp.org}
}
@article{ju2024towards,
  title={Towards Graph Contrastive Learning: A Survey and Beyond},
  author={Ju, Wei and Wang, Yifan and Qin, Yifang and Mao, Zhengyang and Xiao, Zhiping and Luo, Junyu and Yang, Junwei and Gu, Yiyang and Wang, Dongjie and Long, Qingqing and others},
  journal={arXiv preprint arXiv:2405.11868},
  year={2024}
}
@inproceedings{kingsbury2002treebank,
  title={From TreeBank to PropBank.},
  author={Kingsbury, Paul R and Palmer, Martha},
  booktitle={LREC},
  pages={1989--1993},
  year={2002}
}
@inproceedings{kingsbury2003propbank,
  title={Propbank: the next level of treebank},
  author={Kingsbury, Paul and Palmer, Martha},
  booktitle={Proceedings of Treebanks and lexical Theories},
  volume={3},
  year={2003},
  organization={Citeseer}
}

@article{swayamdipta2017frame,
  title={Frame-semantic parsing with softmax-margin segmental rnns and a syntactic scaffold},
  author={Swayamdipta, Swabha and Thomson, Sam and Dyer, Chris and Smith, Noah A},
  journal={arXiv preprint arXiv:1706.09528},
  year={2017}
}
@inproceedings{das2010probabilistic,
  title={Probabilistic frame-semantic parsing},
  author={Das, Dipanjan and Schneider, Nathan and Chen, Desai and Smith, Noah A},
  booktitle={Human language technologies: The 2010 annual conference of the North American chapter of the association for computational linguistics},
  pages={948--956},
  year={2010}
}
@article{vaswani2017attention,
  title={Attention is all you need},
  author={Vaswani, A},
  journal={Advances in Neural Information Processing Systems},
  year={2017}
}
@article{qi2024enhancing,
  title={Enhancing SPARQL Query Generation for Knowledge Base Question Answering Systems by Learning to Correct Triplets},
  author={Qi, Jiexing and Su, Chang and Guo, Zhixin and Wu, Lyuwen and Shen, Zanwei and Fu, Luoyi and Wang, Xinbing and Zhou, Chenghu},
  journal={Applied Sciences},
  volume={14},
  number={4},
  pages={1521},
  year={2024},
  publisher={MDPI}
}
@inproceedings{longwell2024triple,
  title={Triple Augmented Generative Language Models for SPARQL Query Generation from Natural Language Questions},
  author={Longwell, Jack and Ali Akbar Alavi, Mahdiyar and Zarrinkalam, Fattane and Ensan, Faezeh},
  booktitle={Proceedings of the 2024 Annual International ACM SIGIR Conference on Research and Development in Information Retrieval in the Asia Pacific Region},
  pages={269--273},
  year={2024}
}
@article{lee2024sparkle,
  title={SPARKLE: Enhancing SPARQL Generation with Direct KG Integration in Decoding},
  author={Lee, Jaebok and Shin, Hyeonjeong},
  journal={arXiv preprint arXiv:2407.01626},
  year={2024}
}
@article{de2020autoregressive,
  title={Autoregressive entity retrieval},
  author={De Cao, Nicola and Izacard, Gautier and Riedel, Sebastian and Petroni, Fabio},
  journal={arXiv preprint arXiv:2010.00904},
  year={2020}
}
@article{emonet2024llm,
  title={LLM-based SPARQL Query Generation from Natural Language over Federated Knowledge Graphs},
  author={Emonet, Vincent and Bolleman, Jerven and Duvaud, Severine and de Farias, Tarcisio Mendes and Sima, Ana Claudia},
  journal={arXiv preprint arXiv:2410.06062},
  year={2024}
}
@misc{zahera2024generating,
  title={Generating sparql from natural language using chain-of-thoughts prompting},
  author={Zahera, Hamada M and Ali, Manzoor and Sherif, Mohamed Ahmed and Moussallem, Diego and Ngomo, A-C Ngonga},
  year={2024},
  publisher={SEMANTiCS}
}
@inproceedings{banerjee2022modern,
  title={Modern baselines for SPARQL semantic parsing},
  author={Banerjee, Debayan and Nair, Pranav Ajit and Kaur, Jivat Neet and Usbeck, Ricardo and Biemann, Chris},
  booktitle={Proceedings of the 45th International ACM SIGIR Conference on Research and Development in Information Retrieval},
  pages={2260--2265},
  year={2022}
}
@article{muennighoff2022sgpt,
  title={Sgpt: Gpt sentence embeddings for semantic search},
  author={Muennighoff, Niklas},
  journal={arXiv preprint arXiv:2202.08904},
  year={2022}
}
@article{luo2023chatkbqa,
  title={ChatKBQA: A Generate-then-Retrieve Framework for Knowledge Base Question Answering with Fine-tuned Large Language Models},
  author={Luo, Haoran and Tang, Zichen and Peng, Shiyao and Guo, Yikai and Zhang, Wentai and Ma, Chenghao and Dong, Guanting and Song, Meina and Lin, Wei and others},
  journal={arXiv preprint arXiv:2310.08975},
  year={2023}
}
@article{roziere2023code,
  title={Code llama: Open foundation models for code},
  author={Roziere, Baptiste and Gehring, Jonas and Gloeckle, Fabian and Sootla, Sten and Gat, Itai and Tan, Xiaoqing Ellen and Adi, Yossi and Liu, Jingyu and Remez, Tal and Rapin, J{\'e}r{\'e}my and others},
  journal={arXiv preprint arXiv:2308.12950},
  year={2023}
}
@article{mengsfr,
  title={SFR-Embedding-Mistral: Enhance Text Retrieval with Transfer Learning [Salesforce AI Research Blog]. 2024},
  author={Meng, Rui and LIU, Ye and JOTY, Shafiq Rayhan and XIONG, Caiming and ZHOU, Yingbo and YAVUZ, Semih},
  journal={Available also from: https://blog. salesf orceairesearch. com/sfr-embedded-mistral}
}

@article{zheng2023prompt,
  title={Prompt Learning with Structured Semantic Knowledge Makes Pre-Trained Language Models Better},
  author={Zheng, Hai-Tao and Xie, Zuotong and Liu, Wenqiang and Huang, Dongxiao and Wu, Bei and Kim, Hong-Gee},
  journal={Electronics},
  volume={12},
  number={15},
  pages={3281},
  year={2023},
  publisher={MDPI}
}
@article{leidinger2023language,
  title={The language of prompting: What linguistic properties make a prompt successful?},
  author={Leidinger, Alina and Van Rooij, Robert and Shutova, Ekaterina},
  journal={arXiv preprint arXiv:2311.01967},
  year={2023}
}
@inproceedings{reyd2023assessing,
  title={Assessing the Generalization Capabilities of Neural Machine Translation Models for SPARQL Query Generation},
  author={Reyd, Samuel and Zouaq, Amal},
  booktitle={International Semantic Web Conference},
  pages={484--501},
  year={2023},
  organization={Springer}
}
@inproceedings{xiao2024c,
  title={C-pack: Packed resources for general chinese embeddings},
  author={Xiao, Shitao and Liu, Zheng and Zhang, Peitian and Muennighoff, Niklas and Lian, Defu and Nie, Jian-Yun},
  booktitle={Proceedings of the 47th international ACM SIGIR conference on research and development in information retrieval},
  pages={641--649},
  year={2024}
}

