@article{alawwad2024enhancing,
  title={Enhancing textbook question answering task with large language models and retrieval augmented generation},
  author={Alawwad, Hessa Abdulrahman and Alhothali, Areej and Naseem, Usman and Alkhathlan, Ali and Jamal, Amani},
  journal={arXiv preprint arXiv:2402.05128},
  year={2024}
}

@article{an2023coarse,
  title={Coarse-to-fine dual encoders are better frame identification learners},
  author={An, Kaikai and Zheng, Ce and Gao, Bofei and Zhao, Haozhe and Chang, Baobao},
  journal={arXiv preprint arXiv:2310.13316},
  year={2023}
}

@inproceedings{banerjee2022modern,
  title={Modern baselines for SPARQL semantic parsing},
  author={Banerjee, Debayan and Nair, Pranav Ajit and Kaur, Jivat Neet and Usbeck, Ricardo and Biemann, Chris},
  booktitle={Proceedings of the 45th International ACM SIGIR Conference on Research and Development in Information Retrieval},
  pages={2260--2265},
  year={2022}
}

@article{chanin2023open,
  title={Open-source frame semantic parsing},
  author={Chanin, David},
  journal={arXiv preprint arXiv:2303.12788},
  year={2023}
}

@article{diallo2024comprehensive,
  title={A comprehensive evaluation of neural sparql query generation from natural language questions},
  author={Diallo, Papa Abdou Karim Karou and Reyd, Samuel and Zouaq, Amal},
  journal={IEEE Access},
  year={2024},
  publisher={IEEE}
}

@article{emonet2024llm,
  title={LLM-based SPARQL Query Generation from Natural Language over Federated Knowledge Graphs},
  author={Emonet, Vincent and Bolleman, Jerven and Duvaud, Severine and de Farias, Tarcisio Mendes and Sima, Ana Claudia},
  journal={arXiv preprint arXiv:2410.06062},
  year={2024}
}

@inproceedings{hartmann2017out,
  title={Out-of-domain FrameNet semantic role labeling},
  author={Hartmann, Silvana and Kuznetsov, Ilia and Mart{\'\i}n-Valdivia, M Teresa and Gurevych, Iryna},
  booktitle={Proceedings of the 15th Conference of the European Chapter of the Association for Computational Linguistics: Volume 1, Long Papers},
  pages={471--482},
  year={2017}
}

@inproceedings{jiang2021exploiting,
  title={Exploiting definitions for frame identification},
  author={Jiang, Tianyu and Riloff, Ellen},
  booktitle={Proceedings of the 16th Conference of the European Chapter of the Association for Computational Linguistics: Main Volume},
  pages={2429--2434},
  year={2021}
}

@misc{jiang2023mistral7b,
      title={Mistral 7B}, 
      author={Albert Q. Jiang and Alexandre Sablayrolles and Arthur Mensch and Chris Bamford and Devendra Singh Chaplot and Diego de las Casas and Florian Bressand and Gianna Lengyel and Guillaume Lample and Lucile Saulnier and Lélio Renard Lavaud and Marie-Anne Lachaux and Pierre Stock and Teven Le Scao and Thibaut Lavril and Thomas Wang and Timothée Lacroix and William El Sayed},
      year={2023},
      eprint={2310.06825},
      archivePrefix={arXiv},
      primaryClass={cs.CL},
      url={https://arxiv.org/abs/2310.06825}, 
}

@article{ju2024towards,
  title={Towards Graph Contrastive Learning: A Survey and Beyond},
  author={Ju, Wei and Wang, Yifan and Qin, Yifang and Mao, Zhengyang and Xiao, Zhiping and Luo, Junyu and Yang, Junwei and Gu, Yiyang and Wang, Dongjie and Long, Qingqing and others},
  journal={arXiv preprint arXiv:2405.11868},
  year={2024}
}

@article{kalyanpur2020open,
  title={Open-domain frame semantic parsing using transformers},
  author={Kalyanpur, Aditya and Biran, Or and Breloff, Tom and Chu-Carroll, Jennifer and Diertani, Ariel and Rambow, Owen and Sammons, Mark},
  journal={arXiv preprint arXiv:2010.10998},
  year={2020}
}

@inproceedings{kingsbury2002treebank,
  title={From TreeBank to PropBank.},
  author={Kingsbury, Paul R and Palmer, Martha},
  booktitle={LREC},
  pages={1989--1993},
  year={2002}
}

@inproceedings{kingsbury2003propbank,
  title={Propbank: the next level of treebank},
  author={Kingsbury, Paul and Palmer, Martha},
  booktitle={Proceedings of Treebanks and lexical Theories},
  volume={3},
  year={2003},
  organization={Citeseer}
}

@article{luo2023chatkbqa,
  title={ChatKBQA: A Generate-then-Retrieve Framework for Knowledge Base Question Answering with Fine-tuned Large Language Models},
  author={Luo, Haoran and Tang, Zichen and Peng, Shiyao and Guo, Yikai and Zhang, Wentai and Ma, Chenghao and Dong, Guanting and Song, Meina and Lin, Wei and others},
  journal={arXiv preprint arXiv:2310.08975},
  year={2023}
}

@article{muennighoff2022sgpt,
  title={Sgpt: Gpt sentence embeddings for semantic search},
  author={Muennighoff, Niklas},
  journal={arXiv preprint arXiv:2202.08904},
  year={2022}
}

@article{raffel2020exploring,
  title={Exploring the limits of transfer learning with a unified text-to-text transformer},
  author={Raffel, Colin and Shazeer, Noam and Roberts, Adam and Lee, Katherine and Narang, Sharan and Matena, Michael and Zhou, Yanqi and Li, Wei and Liu, Peter J},
  journal={Journal of machine learning research},
  volume={21},
  number={140},
  pages={1--67},
  year={2020}
}

@inproceedings{reyd2023assessing,
  title={Assessing the Generalization Capabilities of Neural Machine Translation Models for SPARQL Query Generation},
  author={Reyd, Samuel and Zouaq, Amal},
  booktitle={International Semantic Web Conference},
  pages={484--501},
  year={2023},
  organization={Springer}
}

@article{roziere2023code,
  title={Code llama: Open foundation models for code},
  author={Roziere, Baptiste and Gehring, Jonas and Gloeckle, Fabian and Sootla, Sten and Gat, Itai and Tan, Xiaoqing Ellen and Adi, Yossi and Liu, Jingyu and Remez, Tal and Rapin, J{\'e}r{\'e}my and others},
  journal={arXiv preprint arXiv:2308.12950},
  year={2023}
}

@article{shavarani2024entity,
  title={Entity Retrieval for Answering Entity-Centric Questions},
  author={Shavarani, Hassan S and Sarkar, Anoop},
  journal={arXiv preprint arXiv:2408.02795},
  year={2024}
}

@inproceedings{su2021knowledge,
  title={A knowledge-guided framework for frame identification},
  author={Su, Xuefeng and Li, Ru and Li, Xiaoli and Pan, Jeff Z and Zhang, Hu and Chai, Qinghua and Han, Xiaoqi},
  booktitle={Proceedings of the 59th Annual Meeting of the Association for Computational Linguistics and the 11th International Joint Conference on Natural Language Processing (Volume 1: Long Papers)},
  pages={5230--5240},
  year={2021}
}

@article{sutskever2014sequence,
  title={Sequence to Sequence Learning with Neural Networks},
  author={Sutskever, I},
  journal={arXiv preprint arXiv:1409.3215},
  year={2014}
}

@inproceedings{tamburini2022combining,
  title={Combining ELECTRA and adaptive graph encoding for frame identification},
  author={Tamburini, Fabio},
  booktitle={Proceedings of the Thirteenth Language Resources and Evaluation Conference},
  pages={1671--1679},
  year={2022}
}

@article{wu2020comprehensive,
  title={A comprehensive survey on graph neural networks},
  author={Wu, Zonghan and Pan, Shirui and Chen, Fengwen and Long, Guodong and Zhang, Chengqi and Philip, S Yu},
  journal={IEEE transactions on neural networks and learning systems},
  volume={32},
  number={1},
  pages={4--24},
  year={2020},
  publisher={IEEE}
}

@misc{zahera2024generating,
  title={Generating sparql from natural language using chain-of-thoughts prompting},
  author={Zahera, Hamada M and Ali, Manzoor and Sherif, Mohamed Ahmed and Moussallem, Diego and Ngomo, A-C Ngonga},
  year={2024},
  publisher={SEMANTiCS}
}

@article{zheng2022double,
  title={A double-graph based framework for frame semantic parsing},
  author={Zheng, Ce and Chen, Xudong and Xu, Runxin and Chang, Baobao},
  journal={arXiv preprint arXiv:2206.09158},
  year={2022}
}

