@inproceedings{abdelreheem2023satr,
  title={Satr: Zero-shot semantic segmentation of 3d shapes},
  author={Abdelreheem, Ahmed and Skorokhodov, Ivan and Ovsjanikov, Maks and Wonka, Peter},
  booktitle={Proceedings of the IEEE/CVF International Conference on Computer Vision},
  pages={15166--15179},
  year={2023}
}

@article{aloraibi2023image,
  title={Image morphing techniques: A review},
  author={Aloraibi, Alyaa Qusay},
  year={2023}
}

@inproceedings{averbuch2016smooth,
  title={Smooth image sequences for data-driven morphing},
  author={Averbuch-Elor, Hadar and Cohen-Or, Daniel and Kopf, Johannes},
  booktitle={computer graphics forum},
  volume={35},
  number={2},
  pages={203--213},
  year={2016},
  organization={Wiley Online Library}
}

@incollection{beier2023feature,
  title={Feature-based image metamorphosis},
  author={Beier, Thaddeus and Neely, Shawn},
  booktitle={Seminal Graphics Papers: Pushing the Boundaries, Volume 2},
  pages={529--536},
  year={2023}
}

@article{bhatt2011comparative,
  title={Comparative study of triangulation based and feature based image morphing},
  author={Bhatt, Bhumika G},
  journal={Signal \& Image Processing},
  volume={2},
  number={4},
  pages={235},
  year={2011},
  publisher={Academy \& Industry Research Collaboration Center (AIRCC)}
}

@article{darabi2012image,
  title={Image melding: Combining inconsistent images using patch-based synthesis},
  author={Darabi, Soheil and Shechtman, Eli and Barnes, Connelly and Goldman, Dan B and Sen, Pradeep},
  journal={ACM Transactions on graphics (TOG)},
  volume={31},
  number={4},
  pages={1--10},
  year={2012},
  publisher={ACM New York, NY, USA}
}

@article{edelstein2019enigma,
  title={Enigma: Evolutionary non-isometric geometry matching},
  author={Edelstein, Michal and Ezuz, Danielle and Ben-Chen, Mirela},
  journal={arXiv preprint arXiv:1905.10763},
  year={2019}
}

@inproceedings{eisenberger2020smooth,
  title={Smooth shells: Multi-scale shape registration with functional maps},
  author={Eisenberger, Marvin and Lahner, Zorah and Cremers, Daniel},
  booktitle={Proceedings of the IEEE/CVF Conference on Computer Vision and Pattern Recognition},
  pages={12265--12274},
  year={2020}
}

@inproceedings{eisenberger2021neuromorph,
  title={Neuromorph: Unsupervised shape interpolation and correspondence in one go},
  author={Eisenberger, Marvin and Novotny, David and Kerchenbaum, Gael and Labatut, Patrick and Neverova, Natalia and Cremers, Daniel and Vedaldi, Andrea},
  booktitle={Proceedings of the IEEE/CVF Conference on Computer Vision and Pattern Recognition},
  pages={7473--7483},
  year={2021}
}

@inproceedings{fish2020image,
  title={Image morphing with perceptual constraints and stn alignment},
  author={Fish, Noa and Zhang, Richard and Perry, Lilach and Cohen-Or, Daniel and Shechtman, Eli and Barnes, Connelly},
  booktitle={Computer Graphics Forum},
  volume={39},
  number={6},
  pages={303--313},
  year={2020},
  organization={Wiley Online Library}
}

@inproceedings{fulton2019latent,
  title={Latent-space dynamics for reduced deformable simulation},
  author={Fulton, Lawson and Modi, Vismay and Duvenaud, David and Levin, David IW and Jacobson, Alec},
  booktitle={Computer graphics forum},
  volume={38},
  number={2},
  pages={379--391},
  year={2019},
  organization={Wiley Online Library}
}

@inproceedings{gao2023textdeformer,
  title={Textdeformer: Geometry manipulation using text guidance},
  author={Gao, William and Aigerman, Noam and Groueix, Thibault and Kim, Vova and Hanocka, Rana},
  booktitle={ACM SIGGRAPH 2023 Conference Proceedings},
  pages={1--11},
  year={2023}
}

@article{he2024aid,
        title={AID: Attention Interpolation of Text-to-Image Diffusion},
        author={He, Qiyuan and Wang, Jinghao and Liu, Ziwei and Yao, Angela},
        journal={NeurIPS},
        year={2024}
      }

@incollection{jacobson2014skinning,
  title={Skinning: Real-time shape deformation (full text not available)},
  author={Jacobson, Alec and Deng, Zhigang and Kavan, Ladislav and Lewis, John P},
  booktitle={ACM SIGGRAPH 2014 Courses},
  pages={1--1},
  year={2014}
}

@article{kim2011blended,
  title={Blended intrinsic maps},
  author={Kim, Vladimir G and Lipman, Yaron and Funkhouser, Thomas},
  journal={ACM transactions on graphics (TOG)},
  volume={30},
  number={4},
  pages={1--12},
  year={2011},
  publisher={ACM New York, NY, USA}
}

@inproceedings{lan2024gaussiananything,
  title={GaussianAnything: Interactive Point Cloud Latent Diffusion for 3D Generation},
  author={Yushi Lan and Shangchen Zhou and Zhaoyang Lyu and Fangzhou Hong and Shuai Yang and Bo Dai and Xingang Pan and Chen Change Loy},
  year={2025},
  booktitle={ICLR},
}

@inproceedings{lan2025ln3diff,
  title={Ln3diff: Scalable latent neural fields diffusion for speedy 3d generation},
  author={Lan, Yushi and Hong, Fangzhou and Yang, Shuai and Zhou, Shangchen and Meng, Xuyi and Dai, Bo and Pan, Xingang and Loy, Chen Change},
  booktitle={European Conference on Computer Vision},
  pages={112--130},
  year={2025},
  organization={Springer}
}

@article{liao2014automating,
  title={Automating image morphing using structural similarity on a halfway domain},
  author={Liao, Jing and Lima, Rodolfo S and Nehab, Diego and Hoppe, Hugues and Sander, Pedro V and Yu, Jinhui},
  journal={ACM Transactions on Graphics (TOG)},
  volume={33},
  number={5},
  pages={1--12},
  year={2014},
  publisher={ACM New York, NY, USA}
}

@inproceedings{michel2022text2mesh,
  title={Text2mesh: Text-driven neural stylization for meshes},
  author={Michel, Oscar and Bar-On, Roi and Liu, Richard and Benaim, Sagie and Hanocka, Rana},
  booktitle={Proceedings of the IEEE/CVF Conference on Computer Vision and Pattern Recognition},
  pages={13492--13502},
  year={2022}
}

@inproceedings{mohammad2022clip,
  title={Clip-mesh: Generating textured meshes from text using pretrained image-text models},
  author={Mohammad Khalid, Nasir and Xie, Tianhao and Belilovsky, Eugene and Popa, Tiberiu},
  booktitle={SIGGRAPH Asia 2022 conference papers},
  pages={1--8},
  year={2022}
}

@inproceedings{morreale2024neural,
  title={Neural semantic surface maps},
  author={Morreale, Luca and Aigerman, Noam and Kim, Vladimir G and Mitra, Niloy J},
  booktitle={Computer Graphics Forum},
  volume={43},
  number={2},
  pages={e15005},
  year={2024},
  organization={Wiley Online Library}
}

@article{oquab2023dinov2,
  title={Dinov2: Learning robust visual features without supervision},
  author={Oquab, Maxime and Darcet, Timoth{\'e}e and Moutakanni, Th{\'e}o and Vo, Huy and Szafraniec, Marc and Khalidov, Vasil and Fernandez, Pierre and Haziza, Daniel and Massa, Francisco and El-Nouby, Alaaeldin and others},
  journal={arXiv preprint arXiv:2304.07193},
  year={2023}
}

@article{ovsjanikov2012functional,
  title={Functional maps: a flexible representation of maps between shapes},
  author={Ovsjanikov, Maks and Ben-Chen, Mirela and Solomon, Justin and Butscher, Adrian and Guibas, Leonidas},
  journal={ACM Transactions on Graphics (ToG)},
  volume={31},
  number={4},
  pages={1--11},
  year={2012},
  publisher={ACM New York, NY, USA}
}

@article{poole2022dreamfusion,
  title={Dreamfusion: Text-to-3d using 2d diffusion},
  author={Poole, Ben and Jain, Ajay and Barron, Jonathan T and Mildenhall, Ben},
  journal={arXiv preprint arXiv:2209.14988},
  year={2022}
}

@inproceedings{radford2021learning,
  title={Learning transferable visual models from natural language supervision},
  author={Radford, Alec and Kim, Jong Wook and Hallacy, Chris and Ramesh, Aditya and Goh, Gabriel and Agarwal, Sandhini and Sastry, Girish and Askell, Amanda and Mishkin, Pamela and Clark, Jack and others},
  booktitle={International conference on machine learning},
  pages={8748--8763},
  year={2021},
  organization={PMLR}
}

@article{ren2020maptree,
  title={Maptree: Recovering multiple solutions in the space of maps},
  author={Ren, Jing and Melzi, Simone and Ovsjanikov, Maks and Wonka, Peter},
  journal={ACM Transactions on Graphics},
  volume={39},
  number={6},
  pages={1--17},
  year={2020}
}

@inproceedings{shechtman2010regenerative,
  title={Regenerative morphing},
  author={Shechtman, Eli and Rav-Acha, Alex and Irani, Michal and Seitz, Steve},
  booktitle={2010 IEEE Computer Society Conference on Computer Vision and Pattern Recognition},
  pages={615--622},
  year={2010},
  organization={IEEE}
}

@article{shi2023mvdream,
  title={Mvdream: Multi-view diffusion for 3d generation},
  author={Shi, Yichun and Wang, Peng and Ye, Jianglong and Long, Mai and Li, Kejie and Yang, Xiao},
  journal={arXiv preprint arXiv:2308.16512},
  year={2023}
}

@article{solomon2015convolutional,
  title={Convolutional wasserstein distances: Efficient optimal transportation on geometric domains},
  author={Solomon, Justin and De Goes, Fernando and Peyr{\'e}, Gabriel and Cuturi, Marco and Butscher, Adrian and Nguyen, Andy and Du, Tao and Guibas, Leonidas},
  journal={ACM Transactions on Graphics (ToG)},
  volume={34},
  number={4},
  pages={1--11},
  year={2015},
  publisher={ACM New York, NY, USA}
}

@inproceedings{sorkine2004laplacian,
  title={Laplacian surface editing},
  author={Sorkine, Olga and Cohen-Or, Daniel and Lipman, Yaron and Alexa, Marc and R{\"o}ssl, Christian and Seidel, H-P},
  booktitle={Proceedings of the 2004 Eurographics/ACM SIGGRAPH symposium on Geometry processing},
  pages={175--184},
  year={2004}
}

@inproceedings{sorkine2007rigid,
  title={As-rigid-as-possible surface modeling},
  author={Sorkine, Olga and Alexa, Marc},
  booktitle={Symposium on Geometry processing},
  volume={4},
  pages={109--116},
  year={2007},
  organization={Citeseer}
}

@inproceedings{sun2024srif,
  title={SRIF: Semantic Shape Registration Empowered by Diffusion-based Image Morphing and Flow Estimation},
  author={Sun, Mingze and Guo, Chen and Jiang, Puhua and Mao, Shiwei and Chen, Yurun and Huang, Ruqi},
  booktitle={SIGGRAPH Asia 2024 Conference Papers},
  pages={1--11},
  year={2024}
}

@article{tam2012registration,
  title={Registration of 3D point clouds and meshes: A survey from rigid to nonrigid},
  author={Tam, Gary KL and Cheng, Zhi-Quan and Lai, Yu-Kun and Langbein, Frank C and Liu, Yonghuai and Marshall, David and Martin, Ralph R and Sun, Xian-Fang and Rosin, Paul L},
  journal={IEEE transactions on visualization and computer graphics},
  volume={19},
  number={7},
  pages={1199--1217},
  year={2012},
  publisher={IEEE}
}

@inproceedings{tsai2022multiview,
  title={Multiview Regenerative Morphing with Dual Flows},
  author={Tsai, Chih-Jung and Sun, Cheng and Chen, Hwann-Tzong},
  booktitle={European Conference on Computer Vision},
  pages={492--509},
  year={2022},
  organization={Springer}
}

@article{vahdat2022lion,
  title={Lion: Latent point diffusion models for 3d shape generation},
  author={Vahdat, Arash and Williams, Francis and Gojcic, Zan and Litany, Or and Fidler, Sanja and Kreis, Karsten and others},
  journal={Advances in Neural Information Processing Systems},
  volume={35},
  pages={10021--10039},
  year={2022}
}

@article{wolberg1998image,
  title={Image morphing: a survey},
  author={Wolberg, George},
  journal={The visual computer},
  volume={14},
  number={8-9},
  pages={360--372},
  year={1998},
  publisher={Springer Nature BV}
}

@article{xu2024instantmesh,
  title={Instantmesh: Efficient 3d mesh generation from a single image with sparse-view large reconstruction models},
  author={Xu, Jiale and Cheng, Weihao and Gao, Yiming and Wang, Xintao and Gao, Shenghua and Shan, Ying},
  journal={arXiv preprint arXiv:2404.07191},
  year={2024}
}

@article{yumer2015semantic,
  title={Semantic shape editing using deformation handles},
  author={Yumer, Mehmet Ersin and Chaudhuri, Siddhartha and Hodgins, Jessica K and Kara, Levent Burak},
  journal={ACM Transactions on Graphics (TOG)},
  volume={34},
  number={4},
  pages={1--12},
  year={2015},
  publisher={ACM New York, NY, USA}
}

@article{zhang20233dshape2vecset,
  title={3dshape2vecset: A 3d shape representation for neural fields and generative diffusion models},
  author={Zhang, Biao and Tang, Jiapeng and Niessner, Matthias and Wonka, Peter},
  journal={ACM Transactions on Graphics (TOG)},
  volume={42},
  number={4},
  pages={1--16},
  year={2023},
  publisher={ACM New York, NY, USA}
}

@inproceedings{zhang2024diffmorpher,
  title={DiffMorpher: Unleashing the Capability of Diffusion Models for Image Morphing},
  author={Zhang, Kaiwen and Zhou, Yifan and Xu, Xudong and Dai, Bo and Pan, Xingang},
  booktitle={Proceedings of the IEEE/CVF Conference on Computer Vision and Pattern Recognition},
  pages={7912--7921},
  year={2024}
}

@article{zope2017survey,
  title={A Survey of Morphing Techniques},
  author={Zope, Bhushan and Zope, Soniya B},
  journal={International Journal of Advanced Engineering, Management and Science},
  volume={3},
  number={2},
  pages={239773},
  year={2017},
  publisher={Infogain Publication}
}

