%%% ====================================================================
%%%  BibTeX-file{
%%%     author          = "Gerry Murray",
%%%     version         = "1.2",
%%%     date            = "2 April 2012",
%%%     filename        = "acmsmall-sample-bibfile.bib",
%%%     address         = "ACM, NY",
%%%     email           = "murray at hq.acm.org",
%%%     codetable       = "ISO/ASCII",
%%%     keywords        = "ACM Reference Format, bibliography, citation, references",
%%%     supported       = "yes",
%%%     docstring       = "This BibTeX database file contains 'bibdata' entries
%%%                        that 'match' the examples provided in the Specifications Document
%%%                        AND, also, 'legacy'-type bibs. It should assist authors in
%%%                        choosing the 'correct' at-bibtype and necessary bib-fields
%%%                        so as to obtain the appropriate ACM Reference Format output.
%%%                        It also contains many 'Standard Abbreviations'. "
%%%  }
%%% ====================================================================

% Journals

% First the Full Name is given, then the abbreviation used in the AMS Math
% Reviews, with an indication if it could not be found there.
% Note the 2nd overwrites the 1st, so swap them if you want the full name.

 %{AMS}
 @String{AMSTrans = "American Mathematical Society Translations" }
 @String{AMSTrans = "Amer. Math. Soc. Transl." }
 @String{BullAMS = "Bulletin of the American Mathematical Society" }
 @String{BullAMS = "Bull. Amer. Math. Soc." }
 @String{ProcAMS = "Proceedings of the American Mathematical Society" }
 @String{ProcAMS = "Proc. Amer. Math. Soc." }
 @String{TransAMS = "Transactions of the American Mathematical Society" }
 @String{TransAMS = "Trans. Amer. Math. Soc." }

 %ACM
 @String{CACM = "Communications of the {ACM}" }
 @String{CACM = "Commun. {ACM}" }
 @String{CompServ = "Comput. Surveys" }
 @String{JACM = "J. ACM" }
 @String{ACMMathSoft = "{ACM} Transactions on Mathematical Software" }
 @String{ACMMathSoft = "{ACM} Trans. Math. Software" }
 @String{SIGNUM = "{ACM} {SIGNUM} Newsletter" }
 @String{SIGNUM = "{ACM} {SIGNUM} Newslett." }

 @String{AmerSocio = "American Journal of Sociology" }
 @String{AmerStatAssoc = "Journal of the American Statistical Association" }
 @String{AmerStatAssoc = "J. Amer. Statist. Assoc." }
 @String{ApplMathComp = "Applied Mathematics and Computation" }
 @String{ApplMathComp = "Appl. Math. Comput." }
 @String{AmerMathMonthly = "American Mathematical Monthly" }
 @String{AmerMathMonthly = "Amer. Math. Monthly" }
 @String{BIT = "{BIT}" }
 @String{BritStatPsych = "British Journal of Mathematical and Statistical
          Psychology" }
 @String{BritStatPsych = "Brit. J. Math. Statist. Psych." }
 @String{CanMathBull = "Canadian Mathematical Bulletin" }
 @String{CanMathBull = "Canad. Math. Bull." }
 @String{CompApplMath = "Journal of Computational and Applied Mathematics" }
 @String{CompApplMath = "J. Comput. Appl. Math." }
 @String{CompPhys = "Journal of Computational Physics" }
 @String{CompPhys = "J. Comput. Phys." }
 @String{CompStruct = "Computers and Structures" }
 @String{CompStruct = "Comput. \& Structures" }
 @String{CompJour = "The Computer Journal" }
 @String{CompJour = "Comput. J." }
 @String{CompSysSci = "Journal of Computer and System Sciences" }
 @String{CompSysSci = "J. Comput. System Sci." }
 @String{Computing = "Computing" }
 @String{ContempMath = "Contemporary Mathematics" }
 @String{ContempMath = "Contemp. Math." }
 @String{Crelle = "Crelle's Journal" }
 @String{GiornaleMath = "Giornale di Mathematiche" }
 @String{GiornaleMath = "Giorn. Mat." } % didn't find in AMS MR., ibid.

 %IEEE
 @String{Computer = "{IEEE} Computer" }
 @String{IEEETransComp = "{IEEE} Transactions on Computers" }
 @String{IEEETransComp = "{IEEE} Trans. Comput." }
 @String{IEEETransAC = "{IEEE} Transactions on Automatic Control" }
 @String{IEEETransAC = "{IEEE} Trans. Automat. Control" }
 @String{IEEESpec = "{IEEE} Spectrum" } % didn't find in AMS MR
 @String{ProcIEEE = "Proceedings of the {IEEE}" }
 @String{ProcIEEE = "Proc. {IEEE}" } % didn't find in AMS MR
 @String{IEEETransAeroElec = "{IEEE} Transactions on Aerospace and Electronic
     Systems" }
 @String{IEEETransAeroElec = "{IEEE} Trans. Aerospace Electron. Systems" }

 @String{IMANumerAna = "{IMA} Journal of Numerical Analysis" }
 @String{IMANumerAna = "{IMA} J. Numer. Anal." }
 @String{InfProcLet = "Information Processing Letters" }
 @String{InfProcLet = "Inform. Process. Lett." }
 @String{InstMathApp = "Journal of the Institute of Mathematics and
     its Applications" }
 @String{InstMathApp = "J. Inst. Math. Appl." }
 @String{IntControl = "International Journal of Control" }
 @String{IntControl = "Internat. J. Control" }
 @String{IntNumerEng = "International Journal for Numerical Methods in
     Engineering" }
 @String{IntNumerEng = "Internat. J. Numer. Methods Engrg." }
 @String{IntSuper = "International Journal of Supercomputing Applications" }
 @String{IntSuper = "Internat. J. Supercomputing Applic." } % didn't find
%% in AMS MR
 @String{Kibernetika = "Kibernetika" }
 @String{JResNatBurStand = "Journal of Research of the National Bureau
     of Standards" }
 @String{JResNatBurStand = "J. Res. Nat. Bur. Standards" }
 @String{LinAlgApp = "Linear Algebra and its Applications" }
 @String{LinAlgApp = "Linear Algebra Appl." }
 @String{MathAnaAppl = "Journal of Mathematical Analysis and Applications" }
 @String{MathAnaAppl = "J. Math. Anal. Appl." }
 @String{MathAnnalen = "Mathematische Annalen" }
 @String{MathAnnalen = "Math. Ann." }
 @String{MathPhys = "Journal of Mathematical Physics" }
 @String{MathPhys = "J. Math. Phys." }
 @String{MathComp = "Mathematics of Computation" }
 @String{MathComp = "Math. Comp." }
 @String{MathScand = "Mathematica Scandinavica" }
 @String{MathScand = "Math. Scand." }
 @String{TablesAidsComp = "Mathematical Tables and Other Aids to Computation" }
 @String{TablesAidsComp = "Math. Tables Aids Comput." }
 @String{NumerMath = "Numerische Mathematik" }
 @String{NumerMath = "Numer. Math." }
 @String{PacificMath = "Pacific Journal of Mathematics" }
 @String{PacificMath = "Pacific J. Math." }
 @String{ParDistComp = "Journal of Parallel and Distributed Computing" }
 @String{ParDistComp = "J. Parallel and Distrib. Comput." } % didn't find
%% in AMS MR
 @String{ParComputing = "Parallel Computing" }
 @String{ParComputing = "Parallel Comput." }
 @String{PhilMag = "Philosophical Magazine" }
 @String{PhilMag = "Philos. Mag." }
 @String{ProcNAS = "Proceedings of the National Academy of Sciences
                    of the USA" }
 @String{ProcNAS = "Proc. Nat. Acad. Sci. U. S. A." }
 @String{Psychometrika = "Psychometrika" }
 @String{QuartMath = "Quarterly Journal of Mathematics, Oxford, Series (2)" }
 @String{QuartMath = "Quart. J. Math. Oxford Ser. (2)" }
 @String{QuartApplMath = "Quarterly of Applied Mathematics" }
 @String{QuartApplMath = "Quart. Appl. Math." }
 @String{RevueInstStat = "Review of the International Statisical Institute" }
 @String{RevueInstStat = "Rev. Inst. Internat. Statist." }

 %SIAM
 @String{JSIAM = "Journal of the Society for Industrial and Applied
     Mathematics" }
 @String{JSIAM = "J. Soc. Indust. Appl. Math." }
 @String{JSIAMB = "Journal of the Society for Industrial and Applied
     Mathematics, Series B, Numerical Analysis" }
 @String{JSIAMB = "J. Soc. Indust. Appl. Math. Ser. B Numer. Anal." }
 @String{SIAMAlgMeth = "{SIAM} Journal on Algebraic and Discrete Methods" }
 @String{SIAMAlgMeth = "{SIAM} J. Algebraic Discrete Methods" }
 @String{SIAMAppMath = "{SIAM} Journal on Applied Mathematics" }
 @String{SIAMAppMath = "{SIAM} J. Appl. Math." }
 @String{SIAMComp = "{SIAM} Journal on Computing" }
 @String{SIAMComp = "{SIAM} J. Comput." }
 @String{SIAMMatrix = "{SIAM} Journal on Matrix Analysis and Applications" }
 @String{SIAMMatrix = "{SIAM} J. Matrix Anal. Appl." }
 @String{SIAMNumAnal = "{SIAM} Journal on Numerical Analysis" }
 @String{SIAMNumAnal = "{SIAM} J. Numer. Anal." }
 @String{SIAMReview = "{SIAM} Review" }
 @String{SIAMReview = "{SIAM} Rev." }
 @String{SIAMSciStat = "{SIAM} Journal on Scientific and Statistical
     Computing" }
 @String{SIAMSciStat = "{SIAM} J. Sci. Statist. Comput." }

 @String{SoftPracExp = "Software Practice and Experience" }
 @String{SoftPracExp = "Software Prac. Experience" } % didn't find in AMS MR
 @String{StatScience = "Statistical Science" }
 @String{StatScience = "Statist. Sci." }
 @String{Techno = "Technometrics" }
 @String{USSRCompMathPhys = "{USSR} Computational Mathematics and Mathematical
     Physics" }
 @String{USSRCompMathPhys = "{U. S. S. R.} Comput. Math. and Math. Phys." }
 @String{VLSICompSys = "Journal of {VLSI} and Computer Systems" }
 @String{VLSICompSys = "J. {VLSI} Comput. Syst." }
 @String{ZAngewMathMech = "Zeitschrift fur Angewandte Mathematik und
     Mechanik" }
 @String{ZAngewMathMech = "Z. Angew. Math. Mech." }
 @String{ZAngewMathPhys = "Zeitschrift fur Angewandte Mathematik und Physik" }
 @String{ZAngewMathPhys = "Z. Angew. Math. Phys." }

% Publishers % ================================================= |

 @String{Academic = "Academic Press" }
 @String{ACMPress = "{ACM} Press" }
 @String{AdamHilger = "Adam Hilger" }
 @String{AddisonWesley = "Addison-Wesley" }
 @String{AllynBacon = "Allyn and Bacon" }
 @String{AMS = "American Mathematical Society" }
 @String{Birkhauser = "Birkha{\"u}ser" }
 @String{CambridgePress = "Cambridge University Press" }
 @String{Chelsea = "Chelsea" }
 @String{ClaredonPress = "Claredon Press" }
 @String{DoverPub = "Dover Publications" }
 @String{Eyolles = "Eyolles" }
 @String{HoltRinehartWinston = "Holt, Rinehart and Winston" }
 @String{Interscience = "Interscience" }
 @String{JohnsHopkinsPress = "The Johns Hopkins University Press" }
 @String{JohnWileySons = "John Wiley and Sons" }
 @String{Macmillan = "Macmillan" }
 @String{MathWorks = "The Math Works Inc." }
 @String{McGrawHill = "McGraw-Hill" }
 @String{NatBurStd = "National Bureau of Standards" }
 @String{NorthHolland = "North-Holland" }
 @String{OxfordPress = "Oxford University Press" }  %address Oxford or London?
 @String{PergamonPress = "Pergamon Press" }
 @String{PlenumPress = "Plenum Press" }
 @String{PrenticeHall = "Prentice-Hall" }
 @String{SIAMPub = "{SIAM} Publications" }
 @String{Springer = "Springer-Verlag" }
 @String{TexasPress = "University of Texas Press" }
 @String{VanNostrand = "Van Nostrand" }
 @String{WHFreeman = "W. H. Freeman and Co." }

%Entries

@Article{Abril07,
  author        = "Patricia S. Abril and Robert Plant",
  title         = "The patent holder's dilemma: Buy, sell, or troll?",
  journal       = "Communications of the ACM",
  volume        = "50",
  number        = "1",
  month         = jan,
  year          = "2007",
  pages         = "36--44",
  doi           = "10.1145/1188913.1188915",
  url           = "http://doi.acm.org/10.1145/1219092.1219093",
  note          = "",
}

@Article{Cohen07,
  author        = "Sarah Cohen and Werner Nutt and Yehoshua Sagic",
  title         = "Deciding equivalances among conjunctive aggregate queries",
  journal       = JACM,
  articleno     = "5",
  numpages      = "50",
  volume        = "54",
  number        = "2",
  month         = apr,
  year          = "2007",
  doi           = "10.1145/1219092.1219093",
  url           = "http://doi.acm.org/10.1145/1219092.1219093",
  acmid         = "1219093",
  note          = "",
}


@periodical{JCohen96,
  key =          "Cohen",
  editor =       "Jacques Cohen",
  title =        "Special issue: Digital Libraries",
  journal =      CACM,
  volume =       "39",
  number =       "11",
  month =        nov,
  year =         "1996",
}


@Book{Kosiur01,
  author =       "David Kosiur",
  title =        "Understanding Policy-Based Networking",
  publisher =    "Wiley",
  year =         "2001",
  address =      "New York, NY",
  edition =      "2nd.",
  editor =       "",
  volume =       "",
  number =       "",
  series =       "",
  month =        "",
  note =         "",
}


@Book{Harel79,
  author =       "David Harel",
  year =         "1979",
  title =        "First-Order Dynamic Logic",
  series =       "Lecture Notes in Computer Science",
  volume =       "68",
  address =      "New York, NY",
  publisher =    "Springer-Verlag",
  doi =          "10.1007/3-540-09237-4",
  url =          "http://dx.doi.org/10.1007/3-540-09237-4",
  editor =       "",
  number =       "",
  month =        "",
  note =         "",
}


@Inbook{Editor00,
  author =       "",
  editor =       "Ian Editor",
  title =        "The title of book one",
  subtitle =     "The book subtitle",
  series =       "The name of the series one",
  year =         "2007",
  volume =       "9",
  address =      "Chicago",
  edition =      "1st.",
  publisher =    "University of Chicago Press",
  doi =          "10.1007/3-540-09237-4",
  url =          "http://dx.doi.org/10.1007/3-540-09456-9",
  chapter =      "",
  pages =        "",
  number =       "",
  type =         "",
  month =        "",
  note =         "",
}

%
@InBook{Editor00a,
  author =       "",
  editor =       "Ian Editor",
  title =        "The title of book two",
  subtitle =     "The book subtitle",
  series =       "The name of the series two",
  year =         "2008",
  address =      "Chicago",
  edition =      "2nd.",
  publisher =    "University of Chicago Press",
  doi =          "10.1007/3-540-09237-4",
  url =          "http://dx.doi.org/10.1007/3-540-09456-9",
  volume =       "",
  chapter =      "100",
  pages =        "",
  number =       "",
  type =         "",
  month =        "",
  note =         "",
}


% incollection (has an editor, title, and possibly a booktitle)
@Incollection{Spector90,
  author =       "Asad Z. Spector",
  title =        "Achieving application requirements",
  booktitle =    "Distributed Systems",
  publisher =    "ACM Press",
  address =      "New York, NY",
  year =         "1990",
  edition =      "2nd.",
  chapter =      "",
  editor =       "Sape Mullender",
  pages =        "19--33",
  doi =          "10.1145/90417.90738",
  url =          "http://doi.acm.org/10.1145/90417.90738",
  volume =       "",
  number =       "",
  series =       "",
  type =         "",
  month =        "",
  note =         "",
}


% incollection (has an editor, title, and possibly a booktitle)
@Incollection{Douglass98,
  author =       "Bruce P. Douglass and David Harel and Mark B. Trakhtenbrot",
  title =        "Statecarts in use: structured analysis and object-orientation",
  series =       "Lecture Notes in Computer Science",
  booktitle =    "Lectures on Embedded Systems",
  publisher =    "Springer-Verlag",
  address =      "London",
  volume =       "1494",
  year =         "1998",
  chapter =      "",
  editor =       "Grzegorz Rozenberg and Frits W. Vaandrager",
  pages =        "368--394",
  doi =          "10.1007/3-540-65193-4_29",
  url =          "http://dx.doi.org/10.1007/3-540-65193-4_29",
  edition =      "",
  number =       "",
  type =         "",
  month =        "",
  note =         "",
}


@Book{Knuth97,
  author =       "Donald E. Knuth",
  title =        "The Art of Computer Programming, Vol. 1: Fundamental Algorithms (3rd. ed.)",
  publisher =    "Addison Wesley Longman Publishing Co., Inc.",
  year =         "1997",
  address =      "",
  edition =      "",
  editor =       "",
  volume =       "",
  number =       "",
  series =       "",
  month =        "",
  note =         "",
}


@Book{Knuth98,
  author =       "Donald E. Knuth",
  year =         "1998",
  title =        "The Art of Computer Programming",
  series =       "Fundamental Algorithms",
  volume =       "1",
  edition =      "3rd",
  address =      "",
  publisher =    "Addison Wesley Longman Publishing Co., Inc.",
  doi =          "",
  url =          "",
  editor =       "",
  number =       "",
  month =        "",
  note =         "(book)",
}

%Inbook{Knuth97,
%  author =       "Donald E. Knuth",
%  title =        "The Art of Computer Programming",
%  booktitle =    "the booktitle",
%  edition =      "3",
%  volume =       "1",
%  year =         "1997",
%  publisher =    "Addison Wesley Longman Publishing Co., Inc.",
%  editor =       "",
%  number =       "",
%  series =       "Fundamental Algorithms",
%  type =         "",
%  chapter =      "",
%  pages =        "",
%  address =      "",
%  month =        "",
%  note =         "(inbook)",
%}

%INBOOK{DK:73-inbook-full,
%   author = "Donald E. Knuth",
%   title = "Fundamental Algorithms (inbook w series)",
%   volume = 1,
%   series = "The Art of Computer Programming",
%   publisher = "Addison-Wesley",
%   address = "Reading, Massachusetts",
%   edition = "Second",
%   month = "10~" # jan,
%   year = "1973",
%   type = "Section",
%   chapter = "1.2",
%   pages = "10--119",
%   note = "Full INBOOK entry (w series)",
%}

%INcollection{DK:74-incoll,
%   author = "Donald E. Knuth",
%   title = "Fundamental Algorithms (incoll)",
%   volume = 1,
%   booktitle = "The Art of Computer Programming",
%   publisher = "Addison-Wesley",
%   address = "Reading, Massachusetts",
%   month = "10~" # jan,
%   year = "1974",
%   pages = "10--119",
%   editor = "Bernard Rous",
%   note = "This is a full incoll entry with an editor",
%}

%INcollection{DK:75-incollws,
%   author = "Donald E. Knuth",
%   title = "Fundamental Algorithms (incoll w series)",
%   volume = 1,
%   booktitle = "The Art of Computer Programming",
%   series = "The Art of Computer Programming",
%   publisher = "Addison-Wesley",
%   address = "Reading, Massachusetts",
%   month = "10~" # jan,
%   year = "1975",
%   pages = "10--119",
%   editor = "Bernard Rous",
%   note = "This is a full incoll entry with an editor and series",
%}


@article{wolberg1998image,
  title={Image morphing: a survey},
  author={Wolberg, George},
  journal={The visual computer},
  volume={14},
  number={8-9},
  pages={360--372},
  year={1998},
  publisher={Springer Nature BV}
}

@article{lin20242d,
  title={2D/3D Image morphing technology from traditional to modern: A survey},
  author={Lin, Jianchu and Gu, Yinxi and Du, Guangxiao and Qu, Guoqiang and Chen, Xiaobing and Zhang, Yudong and Gao, Shangbing and Liu, Zhen and Gunasekaran, Nallappan},
  journal={Information Fusion},
  pages={102913},
  year={2024},
  publisher={Elsevier}
}

@inproceedings{bogo2014faust,
  title={FAUST: Dataset and evaluation for 3D mesh registration},
  author={Bogo, Federica and Romero, Javier and Loper, Matthew and Black, Michael J},
  booktitle={Proceedings of the IEEE conference on computer vision and pattern recognition},
  pages={3794--3801},
  year={2014}
}

@article{dyke2020shrec,
  title={SHREC’20: Shape correspondence with non-isometric deformations},
  author={Dyke, Roberto M and Lai, Yu-Kun and Rosin, Paul L and Zappal{\`a}, Stefano and Dykes, Seana and Guo, Daoliang and Li, Kun and Marin, Riccardo and Melzi, Simone and Yang, Jingyu},
  journal={Computers \& Graphics},
  volume={92},
  pages={28--43},
  year={2020},
  publisher={Elsevier}
}

@inproceedings{sun2024srif,
  title={SRIF: Semantic Shape Registration Empowered by Diffusion-based Image Morphing and Flow Estimation},
  author={Sun, Mingze and Guo, Chen and Jiang, Puhua and Mao, Shiwei and Chen, Yurun and Huang, Ruqi},
  booktitle={SIGGRAPH Asia 2024 Conference Papers},
  pages={1--11},
  year={2024}
}

@inproceedings{averbuch2016smooth,
  title={Smooth image sequences for data-driven morphing},
  author={Averbuch-Elor, Hadar and Cohen-Or, Daniel and Kopf, Johannes},
  booktitle={computer graphics forum},
  volume={35},
  number={2},
  pages={203--213},
  year={2016},
  organization={Wiley Online Library}
}

@inproceedings{shechtman2010regenerative,
  title={Regenerative morphing},
  author={Shechtman, Eli and Rav-Acha, Alex and Irani, Michal and Seitz, Steve},
  booktitle={2010 IEEE Computer Society Conference on Computer Vision and Pattern Recognition},
  pages={615--622},
  year={2010},
  organization={IEEE}
}

@inproceedings{eisenberger2021neuromorph,
  title={Neuromorph: Unsupervised shape interpolation and correspondence in one go},
  author={Eisenberger, Marvin and Novotny, David and Kerchenbaum, Gael and Labatut, Patrick and Neverova, Natalia and Cremers, Daniel and Vedaldi, Andrea},
  booktitle={Proceedings of the IEEE/CVF Conference on Computer Vision and Pattern Recognition},
  pages={7473--7483},
  year={2021}
}

@inproceedings{tsai2022multiview,
  title={Multiview Regenerative Morphing with Dual Flows},
  author={Tsai, Chih-Jung and Sun, Cheng and Chen, Hwann-Tzong},
  booktitle={European Conference on Computer Vision},
  pages={492--509},
  year={2022},
  organization={Springer}
}

@article{kim2024meshup,
  title={MeshUp: Multi-Target Mesh Deformation via Blended Score Distillation},
  author={Kim, Hyunwoo and Lang, Itai and Aigerman, Noam and Groueix, Thibault and Kim, Vladimir G and Hanocka, Rana},
  journal={arXiv preprint arXiv:2408.14899},
  year={2024}
}

@inproceedings{fish2020image,
  title={Image morphing with perceptual constraints and stn alignment},
  author={Fish, Noa and Zhang, Richard and Perry, Lilach and Cohen-Or, Daniel and Shechtman, Eli and Barnes, Connelly},
  booktitle={Computer Graphics Forum},
  volume={39},
  number={6},
  pages={303--313},
  year={2020},
  organization={Wiley Online Library}
}

@inproceedings{zhang2024diffmorpher,
  title={DiffMorpher: Unleashing the Capability of Diffusion Models for Image Morphing},
  author={Zhang, Kaiwen and Zhou, Yifan and Xu, Xudong and Dai, Bo and Pan, Xingang},
  booktitle={Proceedings of the IEEE/CVF Conference on Computer Vision and Pattern Recognition},
  pages={7912--7921},
  year={2024}
}

@article{bhatt2011comparative,
  title={Comparative study of triangulation based and feature based image morphing},
  author={Bhatt, Bhumika G},
  journal={Signal \& Image Processing},
  volume={2},
  number={4},
  pages={235},
  year={2011},
  publisher={Academy \& Industry Research Collaboration Center (AIRCC)}
}

@inproceedings{zhan2024charactermixer,
  title={CharacterMixer: Rig-Aware Interpolation of 3D Characters},
  author={Zhan, Xiao and Fu, Rao and Ritchie, Daniel},
  booktitle={Computer Graphics Forum},
  pages={e15047},
  year={2024},
  organization={Wiley Online Library}
}

@article{liao2014automating,
  title={Automating image morphing using structural similarity on a halfway domain},
  author={Liao, Jing and Lima, Rodolfo S and Nehab, Diego and Hoppe, Hugues and Sander, Pedro V and Yu, Jinhui},
  journal={ACM Transactions on Graphics (TOG)},
  volume={33},
  number={5},
  pages={1--12},
  year={2014},
  publisher={ACM New York, NY, USA}
}

@article{he2024aid,
        title={AID: Attention Interpolation of Text-to-Image Diffusion},
        author={He, Qiyuan and Wang, Jinghao and Liu, Ziwei and Yao, Angela},
        journal={NeurIPS},
        year={2024}
      }

@article{zhu2024densematcher,
  title={DenseMatcher: Learning 3D Semantic Correspondence for Category-Level Manipulation from a Single Demo},
  author={Zhu, Junzhe and Ju, Yuanchen and Zhang, Junyi and Wang, Muhan and Yuan, Zhecheng and Hu, Kaizhe and Xu, Huazhe},
  journal={arXiv preprint arXiv:2412.05268},
  year={2024}
}

@article{shen2024dreammover,
  title={Dreammover: Leveraging the prior of diffusion models for image interpolation with large motion},
  author={Shen, Liao and Liu, Tianqi and Sun, Huiqiang and Ye, Xinyi and Li, Baopu and Zhang, Jianming and Cao, Zhiguo},
  journal={arXiv preprint arXiv:2409.09605},
  volume={2},
  year={2024},
  publisher={Springer}
}

@inproceedings{lan2024gaussiananything,
  title={GaussianAnything: Interactive Point Cloud Latent Diffusion for 3D Generation},
  author={Yushi Lan and Shangchen Zhou and Zhaoyang Lyu and Fangzhou Hong and Shuai Yang and Bo Dai and Xingang Pan and Chen Change Loy},
  year={2025},
  booktitle={ICLR},
} 

@article{chen20243dtopia,
  title={3dtopia-xl: Scaling high-quality 3d asset generation via primitive diffusion},
  author={Chen, Zhaoxi and Tang, Jiaxiang and Dong, Yuhao and Cao, Ziang and Hong, Fangzhou and Lan, Yushi and Wang, Tengfei and Xie, Haozhe and Wu, Tong and Saito, Shunsuke and others},
  journal={arXiv preprint arXiv:2409.12957},
  year={2024}
}

@inproceedings{lan2023gaussian3diff,
  author={Lan, Yushi and Tan, Feitong and Qiu, Di and Xu, Qiangeng and Genova, Kyle and Huang, Zeng and Fanello, Sean and Pandey, Rohit and Funkhouser, Thomas and Loy, Chen Change and Zhang, Yinda},
  title={Gaussian3Diff: 3D Gaussian Diffusion for 3D Full Head Synthesis and Editing},
  year={2024},
  booktitle={ECCV},
}
@article{lan2022ddf_ijcv,
title={{DDF}: Correspondence Distillation from NeRF-based GAN},
author={Lan, Yushi and Loy, Chen Change and Dai, Bo},
journal={IJCV},
year={2022}
}

@article{xiang2024structured,
  title={Structured 3D Latents for Scalable and Versatile 3D Generation},
  author={Xiang, Jianfeng and Lv, Zelong and Xu, Sicheng and Deng, Yu and Wang, Ruicheng and Zhang, Bowen and Chen, Dong and Tong, Xin and Yang, Jiaolong},
  journal={arXiv preprint arXiv:2412.01506},
  year={2024}
}

@inproceedings{rombach2022high,
  title={High-resolution image synthesis with latent diffusion models},
  author={Rombach, Robin and Blattmann, Andreas and Lorenz, Dominik and Esser, Patrick and Ommer, Bj{\"o}rn},
  booktitle={Proceedings of the IEEE/CVF conference on computer vision and pattern recognition},
  pages={10684--10695},
  year={2022}
}

@article{poole2022dreamfusion,
  title={Dreamfusion: Text-to-3d using 2d diffusion},
  author={Poole, Ben and Jain, Ajay and Barron, Jonathan T and Mildenhall, Ben},
  journal={arXiv preprint arXiv:2209.14988},
  year={2022}
}

@article{samuel2024norm,
  title={Norm-guided latent space exploration for text-to-image generation},
  author={Samuel, Dvir and Ben-Ari, Rami and Darshan, Nir and Maron, Haggai and Chechik, Gal},
  journal={Advances in Neural Information Processing Systems},
  volume={36},
  year={2024}
}

@article{hu2021lora,
  title={Lora: Low-rank adaptation of large language models},
  author={Hu, Edward J and Shen, Yelong and Wallis, Phillip and Allen-Zhu, Zeyuan and Li, Yuanzhi and Wang, Shean and Wang, Lu and Chen, Weizhu},
  journal={arXiv preprint arXiv:2106.09685},
  year={2021}
}

@inproceedings{radford2021learning,
  title={Learning transferable visual models from natural language supervision},
  author={Radford, Alec and Kim, Jong Wook and Hallacy, Chris and Ramesh, Aditya and Goh, Gabriel and Agarwal, Sandhini and Sastry, Girish and Askell, Amanda and Mishkin, Pamela and Clark, Jack and others},
  booktitle={International conference on machine learning},
  pages={8748--8763},
  year={2021},
  organization={PMLR}
}

@article{vaswani2017attention,
  title={Attention is all you need},
  author={Vaswani, A},
  journal={Advances in Neural Information Processing Systems},
  year={2017}
}

@inproceedings{peebles2023scalable,
  title={Scalable diffusion models with transformers},
  author={Peebles, William and Xie, Saining},
  booktitle={Proceedings of the IEEE/CVF International Conference on Computer Vision},
  pages={4195--4205},
  year={2023}
}

@article{saharia2022photorealistic,
  title={Photorealistic text-to-image diffusion models with deep language understanding},
  author={Saharia, Chitwan and Chan, William and Saxena, Saurabh and Li, Lala and Whang, Jay and Denton, Emily L and Ghasemipour, Kamyar and Gontijo Lopes, Raphael and Karagol Ayan, Burcu and Salimans, Tim and others},
  journal={Advances in neural information processing systems},
  volume={35},
  pages={36479--36494},
  year={2022}
}

@article{tang2023emergent,
  title={Emergent correspondence from image diffusion},
  author={Tang, Luming and Jia, Menglin and Wang, Qianqian and Phoo, Cheng Perng and Hariharan, Bharath},
  journal={Advances in Neural Information Processing Systems},
  volume={36},
  pages={1363--1389},
  year={2023}
}

@article{yu2024representation,
  title={Representation alignment for generation: Training diffusion transformers is easier than you think},
  author={Yu, Sihyun and Kwak, Sangkyung and Jang, Huiwon and Jeong, Jongheon and Huang, Jonathan and Shin, Jinwoo and Xie, Saining},
  journal={arXiv preprint arXiv:2410.06940},
  year={2024}
}

@inproceedings{zhang2025diff,
  title={Diff-tracker: text-to-image diffusion models are unsupervised trackers},
  author={Zhang, Zhengbo and Xu, Li and Peng, Duo and Rahmani, Hossein and Liu, Jun},
  booktitle={European Conference on Computer Vision},
  pages={319--337},
  year={2025},
  organization={Springer}
}

@article{hedlin2024unsupervised,
  title={Unsupervised semantic correspondence using stable diffusion},
  author={Hedlin, Eric and Sharma, Gopal and Mahajan, Shweta and Isack, Hossam and Kar, Abhishek and Tagliasacchi, Andrea and Yi, Kwang Moo},
  journal={Advances in Neural Information Processing Systems},
  volume={36},
  year={2024}
}

@inproceedings{si2024freeu,
  title={Freeu: Free lunch in diffusion u-net},
  author={Si, Chenyang and Huang, Ziqi and Jiang, Yuming and Liu, Ziwei},
  booktitle={Proceedings of the IEEE/CVF Conference on Computer Vision and Pattern Recognition},
  pages={4733--4743},
  year={2024}
}

@inproceedings{wu2025freeinit,
  title={Freeinit: Bridging initialization gap in video diffusion models},
  author={Wu, Tianxing and Si, Chenyang and Jiang, Yuming and Huang, Ziqi and Liu, Ziwei},
  booktitle={European Conference on Computer Vision},
  pages={378--394},
  year={2025},
  organization={Springer}
}

@inproceedings{deitke2023objaverse,
  title={Objaverse: A universe of annotated 3d objects},
  author={Deitke, Matt and Schwenk, Dustin and Salvador, Jordi and Weihs, Luca and Michel, Oscar and VanderBilt, Eli and Schmidt, Ludwig and Ehsani, Kiana and Kembhavi, Aniruddha and Farhadi, Ali},
  booktitle={Proceedings of the IEEE/CVF Conference on Computer Vision and Pattern Recognition},
  pages={13142--13153},
  year={2023}
}

@article{chen2023pixart,
  title={Pixart-$\alpha$: Fast training of diffusion transformer for photorealistic text-to-image synthesis},
  author={Chen, Junsong and Yu, Jincheng and Ge, Chongjian and Yao, Lewei and Xie, Enze and Wu, Yue and Wang, Zhongdao and Kwok, James and Luo, Ping and Lu, Huchuan and others},
  journal={ICLR},
  year={2024}
}

@Misc{peft,
  title =        {PEFT: State-of-the-art Parameter-Efficient Fine-Tuning methods},
  author =       {Sourab Mangrulkar and Sylvain Gugger and Lysandre Debut and Younes Belkada and Sayak Paul and Benjamin Bossan},
  howpublished = {\url{https://github.com/huggingface/peft}},
  year =         {2022}
}

@misc{geng2024birthdeathrose,
      title={Birth and Death of a Rose}, 
      author={Chen Geng and Yunzhi Zhang and Shangzhe Wu and Jiajun Wu},
      year={2024},
      eprint={2412.05278},
      archivePrefix={arXiv},
      primaryClass={cs.CV},
      url={https://arxiv.org/abs/2412.05278}, 
}

@article{tam2012registration,
  title={Registration of 3D point clouds and meshes: A survey from rigid to nonrigid},
  author={Tam, Gary KL and Cheng, Zhi-Quan and Lai, Yu-Kun and Langbein, Frank C and Liu, Yonghuai and Marshall, David and Martin, Ralph R and Sun, Xian-Fang and Rosin, Paul L},
  journal={IEEE transactions on visualization and computer graphics},
  volume={19},
  number={7},
  pages={1199--1217},
  year={2012},
  publisher={IEEE}
}

@article{edelstein2019enigma,
  title={Enigma: Evolutionary non-isometric geometry matching},
  author={Edelstein, Michal and Ezuz, Danielle and Ben-Chen, Mirela},
  journal={arXiv preprint arXiv:1905.10763},
  year={2019}
}

@article{kim2011blended,
  title={Blended intrinsic maps},
  author={Kim, Vladimir G and Lipman, Yaron and Funkhouser, Thomas},
  journal={ACM transactions on graphics (TOG)},
  volume={30},
  number={4},
  pages={1--12},
  year={2011},
  publisher={ACM New York, NY, USA}
}

@article{ovsjanikov2012functional,
  title={Functional maps: a flexible representation of maps between shapes},
  author={Ovsjanikov, Maks and Ben-Chen, Mirela and Solomon, Justin and Butscher, Adrian and Guibas, Leonidas},
  journal={ACM Transactions on Graphics (ToG)},
  volume={31},
  number={4},
  pages={1--11},
  year={2012},
  publisher={ACM New York, NY, USA}
}

@article{ren2020maptree,
  title={Maptree: Recovering multiple solutions in the space of maps},
  author={Ren, Jing and Melzi, Simone and Ovsjanikov, Maks and Wonka, Peter},
  journal={ACM Transactions on Graphics},
  volume={39},
  number={6},
  pages={1--17},
  year={2020}
}

@inproceedings{eisenberger2020smooth,
  title={Smooth shells: Multi-scale shape registration with functional maps},
  author={Eisenberger, Marvin and Lahner, Zorah and Cremers, Daniel},
  booktitle={Proceedings of the IEEE/CVF Conference on Computer Vision and Pattern Recognition},
  pages={12265--12274},
  year={2020}
}

@inproceedings{abdelreheem2023satr,
  title={Satr: Zero-shot semantic segmentation of 3d shapes},
  author={Abdelreheem, Ahmed and Skorokhodov, Ivan and Ovsjanikov, Maks and Wonka, Peter},
  booktitle={Proceedings of the IEEE/CVF International Conference on Computer Vision},
  pages={15166--15179},
  year={2023}
}

@inproceedings{morreale2024neural,
  title={Neural semantic surface maps},
  author={Morreale, Luca and Aigerman, Noam and Kim, Vladimir G and Mitra, Niloy J},
  booktitle={Computer Graphics Forum},
  volume={43},
  number={2},
  pages={e15005},
  year={2024},
  organization={Wiley Online Library}
}

@article{oquab2023dinov2,
  title={Dinov2: Learning robust visual features without supervision},
  author={Oquab, Maxime and Darcet, Timoth{\'e}e and Moutakanni, Th{\'e}o and Vo, Huy and Szafraniec, Marc and Khalidov, Vasil and Fernandez, Pierre and Haziza, Daniel and Massa, Francisco and El-Nouby, Alaaeldin and others},
  journal={arXiv preprint arXiv:2304.07193},
  year={2023}
}

@inproceedings{sorkine2007rigid,
  title={As-rigid-as-possible surface modeling},
  author={Sorkine, Olga and Alexa, Marc},
  booktitle={Symposium on Geometry processing},
  volume={4},
  pages={109--116},
  year={2007},
  organization={Citeseer}
}

@inproceedings{sorkine2004laplacian,
  title={Laplacian surface editing},
  author={Sorkine, Olga and Cohen-Or, Daniel and Lipman, Yaron and Alexa, Marc and R{\"o}ssl, Christian and Seidel, H-P},
  booktitle={Proceedings of the 2004 Eurographics/ACM SIGGRAPH symposium on Geometry processing},
  pages={175--184},
  year={2004}
}

@inproceedings{fulton2019latent,
  title={Latent-space dynamics for reduced deformable simulation},
  author={Fulton, Lawson and Modi, Vismay and Duvenaud, David and Levin, David IW and Jacobson, Alec},
  booktitle={Computer graphics forum},
  volume={38},
  number={2},
  pages={379--391},
  year={2019},
  organization={Wiley Online Library}
}

@incollection{jacobson2014skinning,
  title={Skinning: Real-time shape deformation (full text not available)},
  author={Jacobson, Alec and Deng, Zhigang and Kavan, Ladislav and Lewis, John P},
  booktitle={ACM SIGGRAPH 2014 Courses},
  pages={1--1},
  year={2014}
}

@article{solomon2015convolutional,
  title={Convolutional wasserstein distances: Efficient optimal transportation on geometric domains},
  author={Solomon, Justin and De Goes, Fernando and Peyr{\'e}, Gabriel and Cuturi, Marco and Butscher, Adrian and Nguyen, Andy and Du, Tao and Guibas, Leonidas},
  journal={ACM Transactions on Graphics (ToG)},
  volume={34},
  number={4},
  pages={1--11},
  year={2015},
  publisher={ACM New York, NY, USA}
}

@article{yumer2015semantic,
  title={Semantic shape editing using deformation handles},
  author={Yumer, Mehmet Ersin and Chaudhuri, Siddhartha and Hodgins, Jessica K and Kara, Levent Burak},
  journal={ACM Transactions on Graphics (TOG)},
  volume={34},
  number={4},
  pages={1--12},
  year={2015},
  publisher={ACM New York, NY, USA}
}

@article{aigerman2022neural,
  title={Neural jacobian fields: Learning intrinsic mappings of arbitrary meshes},
  author={Aigerman, Noam and Gupta, Kunal and Kim, Vladimir G and Chaudhuri, Siddhartha and Saito, Jun and Groueix, Thibault},
  journal={arXiv preprint arXiv:2205.02904},
  year={2022}
}

@inproceedings{groueix2019deep,
  title={Deep self-supervised cycle-consistent deformation for few-shot shape segmentation},
  author={Groueix, Thibault and Fisher, Matthew and Kim, Vladimir G and Russell, Bryan C and Aubry, Mathieu},
  booktitle={Eurographics Symposium on Geometry Processing},
  volume={1},
  pages={2},
  year={2019}
}

@article{hanocka2018alignet,
  title={Alignet: Partial-shape agnostic alignment via unsupervised learning},
  author={Hanocka, Rana and Fish, Noa and Wang, Zhenhua and Giryes, Raja and Fleishman, Shachar and Cohen-Or, Daniel},
  journal={ACM Transactions on Graphics (TOG)},
  volume={38},
  number={1},
  pages={1--14},
  year={2018},
  publisher={ACM New York, NY, USA}
}

@inproceedings{maesumi2023explorable,
  title={Explorable Mesh Deformation Subspaces from Unstructured 3D Generative Models},
  author={Maesumi, Arman and Guerrero, Paul and Aigerman, Noam and Kim, Vladimir and Fisher, Matthew and Chaudhuri, Siddhartha and Ritchie, Daniel},
  booktitle={SIGGRAPH Asia 2023 Conference Papers},
  pages={1--11},
  year={2023}
}

@inproceedings{uy2021joint,
  title={Joint learning of 3d shape retrieval and deformation},
  author={Uy, Mikaela Angelina and Kim, Vladimir G and Sung, Minhyuk and Aigerman, Noam and Chaudhuri, Siddhartha and Guibas, Leonidas J},
  booktitle={Proceedings of the IEEE/CVF Conference on Computer Vision and Pattern Recognition},
  pages={11713--11722},
  year={2021}
}

@inproceedings{yifan2020neural,
  title={Neural cages for detail-preserving 3d deformations},
  author={Yifan, Wang and Aigerman, Noam and Kim, Vladimir G and Chaudhuri, Siddhartha and Sorkine-Hornung, Olga},
  booktitle={Proceedings of the IEEE/CVF Conference on Computer Vision and Pattern Recognition},
  pages={75--83},
  year={2020}
}

@inproceedings{gao2023textdeformer,
  title={Textdeformer: Geometry manipulation using text guidance},
  author={Gao, William and Aigerman, Noam and Groueix, Thibault and Kim, Vova and Hanocka, Rana},
  booktitle={ACM SIGGRAPH 2023 Conference Proceedings},
  pages={1--11},
  year={2023}
}

@inproceedings{mohammad2022clip,
  title={Clip-mesh: Generating textured meshes from text using pretrained image-text models},
  author={Mohammad Khalid, Nasir and Xie, Tianhao and Belilovsky, Eugene and Popa, Tiberiu},
  booktitle={SIGGRAPH Asia 2022 conference papers},
  pages={1--8},
  year={2022}
}

@inproceedings{michel2022text2mesh,
  title={Text2mesh: Text-driven neural stylization for meshes},
  author={Michel, Oscar and Bar-On, Roi and Liu, Richard and Benaim, Sagie and Hanocka, Rana},
  booktitle={Proceedings of the IEEE/CVF Conference on Computer Vision and Pattern Recognition},
  pages={13492--13502},
  year={2022}
}

@article{aloraibi2023image,
  title={Image morphing techniques: A review},
  author={Aloraibi, Alyaa Qusay},
  year={2023}
}

@article{wolberg1998image,
  title={Image morphing: a survey},
  author={Wolberg, George},
  journal={The visual computer},
  volume={14},
  number={8-9},
  pages={360--372},
  year={1998},
  publisher={Springer Nature BV}
}

@article{zope2017survey,
  title={A Survey of Morphing Techniques},
  author={Zope, Bhushan and Zope, Soniya B},
  journal={International Journal of Advanced Engineering, Management and Science},
  volume={3},
  number={2},
  pages={239773},
  year={2017},
  publisher={Infogain Publication}
}

@incollection{beier2023feature,
  title={Feature-based image metamorphosis},
  author={Beier, Thaddeus and Neely, Shawn},
  booktitle={Seminal Graphics Papers: Pushing the Boundaries, Volume 2},
  pages={529--536},
  year={2023}
}

@article{bhatt2011comparative,
  title={Comparative study of triangulation based and feature based image morphing},
  author={Bhatt, Bhumika G},
  journal={Signal \& Image Processing},
  volume={2},
  number={4},
  pages={235},
  year={2011},
  publisher={Academy \& Industry Research Collaboration Center (AIRCC)}
}

@article{darabi2012image,
  title={Image melding: Combining inconsistent images using patch-based synthesis},
  author={Darabi, Soheil and Shechtman, Eli and Barnes, Connelly and Goldman, Dan B and Sen, Pradeep},
  journal={ACM Transactions on graphics (TOG)},
  volume={31},
  number={4},
  pages={1--10},
  year={2012},
  publisher={ACM New York, NY, USA}
}

@inproceedings{cao2025synchronous,
  title={Synchronous Diffusion for Unsupervised Smooth Non-Rigid 3D Shape Matching},
  author={Cao, Dongliang and L{\"a}hner, Zorah and Bernard, Florian},
  booktitle={European Conference on Computer Vision},
  pages={262--281},
  year={2025},
  organization={Springer}
}

@misc{luma2025dreammachine,
  title = {Luma Dream Machine: AI-Powered Video Content Creation},
  author = {Luma Labs AI},
  year = {2025},
  howpublished = {\url{https://dream-machine.lumalabs.ai/}},
  note = {Accessed: 2025-01-15}
}

@article{huang2024mvadapter,
  title={MV-Adapter: Multi-view Consistent Image Generation Made Easy},
  author={Huang, Zehuan and Guo, Yuanchen and Wang, Haoran and Yi, Ran and Ma, Lizhuang and Cao, Yan-Pei and Sheng, Lu},
  journal={arXiv preprint arXiv:2412.03632},
  year={2024}
}

@inproceedings{dutt2024diffusion,
  title={Diffusion 3d features (diff3f): Decorating untextured shapes with distilled semantic features},
  author={Dutt, Niladri Shekhar and Muralikrishnan, Sanjeev and Mitra, Niloy J},
  booktitle={Proceedings of the IEEE/CVF Conference on Computer Vision and Pattern Recognition},
  pages={4494--4504},
  year={2024}
}

@inproceedings{deng2023se,
  title={Se-ornet: Self-ensembling orientation-aware network for unsupervised point cloud shape correspondence},
  author={Deng, Jiacheng and Wang, Chuxin and Lu, Jiahao and He, Jianfeng and Zhang, Tianzhu and Yu, Jiyang and Zhang, Zhe},
  booktitle={Proceedings of the IEEE/CVF Conference on Computer Vision and Pattern Recognition},
  pages={5364--5373},
  year={2023}
}

@inproceedings{magnet2023scalable,
  title={Scalable and efficient functional map computations on dense meshes},
  author={Magnet, Robin and Ovsjanikov, Maks},
  booktitle={Computer Graphics Forum},
  volume={42},
  number={2},
  pages={89--101},
  year={2023},
  organization={Wiley Online Library}
}

@inproceedings{deng2022survey,
  title={A Survey of Non-Rigid 3D Registration},
  author={Deng, Bailin and Yao, Yuxin and Dyke, Roberto M and Zhang, Juyong},
  booktitle={Computer Graphics Forum},
  volume={41},
  number={2},
  pages={559--589},
  year={2022},
  organization={Wiley Online Library}
}

@inproceedings{kulkarni2019canonical,
  title={Canonical surface mapping via geometric cycle consistency},
  author={Kulkarni, Nilesh and Gupta, Abhinav and Tulsiani, Shubham},
  booktitle={Proceedings of the IEEE/CVF International Conference on Computer Vision},
  pages={2202--2211},
  year={2019}
}

@article{zhu2024densematcher,
  title={DenseMatcher: Learning 3D Semantic Correspondence for Category-Level Manipulation from a Single Demo},
  author={Zhu, Junzhe and Ju, Yuanchen and Zhang, Junyi and Wang, Muhan and Yuan, Zhecheng and Hu, Kaizhe and Xu, Huazhe},
  journal={arXiv preprint arXiv:2412.05268},
  year={2024}
}

@article{aydinlilar2021part,
  title={Part-based data-driven 3D shape interpolation},
  author={Ayd{\i}nl{\i}lar, Melike and Sahillio{\u{g}}lu, Yusuf},
  journal={Computer-Aided Design},
  volume={136},
  pages={103027},
  year={2021},
  publisher={Elsevier}
}

@article{vyas2021latent,
  title={Latent embedded graphs for image and shape interpolation},
  author={Vyas, Shantanu and Chen, Ting-Ju and Mohanty, Ronak R and Jiang, Peng and Krishnamurthy, Vinayak R},
  journal={Computer-Aided Design},
  volume={140},
  pages={103091},
  year={2021},
  publisher={Elsevier}
}

@inproceedings{haque2023instruct,
  title={Instruct-nerf2nerf: Editing 3d scenes with instructions},
  author={Haque, Ayaan and Tancik, Matthew and Efros, Alexei A and Holynski, Aleksander and Kanazawa, Angjoo},
  booktitle={Proceedings of the IEEE/CVF International Conference on Computer Vision},
  pages={19740--19750},
  year={2023}
}

@article{lipman2022flow,
  title={Flow matching for generative modeling},
  author={Lipman, Yaron and Chen, Ricky TQ and Ben-Hamu, Heli and Nickel, Maximilian and Le, Matt},
  journal={arXiv preprint arXiv:2210.02747},
  year={2022}
}

@misc{gpt4,
  author    = {OpenAI},
  title     = {GPT-4: OpenAI's Fourth-Generation Language Model},
  year      = {2023},
  url       = {https://openai.com/research/gpt-4},
}

@article{zhang20233dshape2vecset,
  title={3dshape2vecset: A 3d shape representation for neural fields and generative diffusion models},
  author={Zhang, Biao and Tang, Jiapeng and Niessner, Matthias and Wonka, Peter},
  journal={ACM Transactions on Graphics (TOG)},
  volume={42},
  number={4},
  pages={1--16},
  year={2023},
  publisher={ACM New York, NY, USA}
}

@article{vahdat2022lion,
  title={Lion: Latent point diffusion models for 3d shape generation},
  author={Vahdat, Arash and Williams, Francis and Gojcic, Zan and Litany, Or and Fidler, Sanja and Kreis, Karsten and others},
  journal={Advances in Neural Information Processing Systems},
  volume={35},
  pages={10021--10039},
  year={2022}
}

@article{zhang2024clay,
  title={CLAY: A Controllable Large-scale Generative Model for Creating High-quality 3D Assets},
  author={Zhang, Longwen and Wang, Ziyu and Zhang, Qixuan and Qiu, Qiwei and Pang, Anqi and Jiang, Haoran and Yang, Wei and Xu, Lan and Yu, Jingyi},
  journal={ACM Transactions on Graphics (TOG)},
  volume={43},
  number={4},
  pages={1--20},
  year={2024},
  publisher={ACM New York, NY, USA}
}

@inproceedings{lan2025ln3diff,
  title={Ln3diff: Scalable latent neural fields diffusion for speedy 3d generation},
  author={Lan, Yushi and Hong, Fangzhou and Yang, Shuai and Zhou, Shangchen and Meng, Xuyi and Dai, Bo and Pan, Xingang and Loy, Chen Change},
  booktitle={European Conference on Computer Vision},
  pages={112--130},
  year={2025},
  organization={Springer}
}

@article{li2024craftsman,
  title={CraftsMan: High-fidelity Mesh Generation with 3D Native Generation and Interactive Geometry Refiner},
  author={Li, Weiyu and Liu, Jiarui and Chen, Rui and Liang, Yixun and Chen, Xuelin and Tan, Ping and Long, Xiaoxiao},
  journal={arXiv preprint arXiv:2405.14979},
  year={2024}
}

@article{shi2023mvdream,
  title={Mvdream: Multi-view diffusion for 3d generation},
  author={Shi, Yichun and Wang, Peng and Ye, Jianglong and Long, Mai and Li, Kejie and Yang, Xiao},
  journal={arXiv preprint arXiv:2308.16512},
  year={2023}
}

@inproceedings{long2024wonder3d,
  title={Wonder3d: Single image to 3d using cross-domain diffusion},
  author={Long, Xiaoxiao and Guo, Yuan-Chen and Lin, Cheng and Liu, Yuan and Dou, Zhiyang and Liu, Lingjie and Ma, Yuexin and Zhang, Song-Hai and Habermann, Marc and Theobalt, Christian and others},
  booktitle={Proceedings of the IEEE/CVF Conference on Computer Vision and Pattern Recognition},
  pages={9970--9980},
  year={2024}
}

@article{shi2023zero123++,
  title={Zero123++: a single image to consistent multi-view diffusion base model},
  author={Shi, Ruoxi and Chen, Hansheng and Zhang, Zhuoyang and Liu, Minghua and Xu, Chao and Wei, Xinyue and Chen, Linghao and Zeng, Chong and Su, Hao},
  journal={arXiv preprint arXiv:2310.15110},
  year={2023}
}

@article{hong2023lrm,
  title={Lrm: Large reconstruction model for single image to 3d},
  author={Hong, Yicong and Zhang, Kai and Gu, Jiuxiang and Bi, Sai and Zhou, Yang and Liu, Difan and Liu, Feng and Sunkavalli, Kalyan and Bui, Trung and Tan, Hao},
  journal={arXiv preprint arXiv:2311.04400},
  year={2023}
}

@article{xu2024instantmesh,
  title={Instantmesh: Efficient 3d mesh generation from a single image with sparse-view large reconstruction models},
  author={Xu, Jiale and Cheng, Weihao and Gao, Yiming and Wang, Xintao and Gao, Shenghua and Shan, Ying},
  journal={arXiv preprint arXiv:2404.07191},
  year={2024}
}

@inproceedings{huang20242d,
  title={2d gaussian splatting for geometrically accurate radiance fields},
  author={Huang, Binbin and Yu, Zehao and Chen, Anpei and Geiger, Andreas and Gao, Shenghua},
  booktitle={ACM SIGGRAPH 2024 conference papers},
  pages={1--11},
  year={2024}
}

@article{heusel2017gans,
  title={Gans trained by a two time-scale update rule converge to a local nash equilibrium},
  author={Heusel, Martin and Ramsauer, Hubert and Unterthiner, Thomas and Nessler, Bernhard and Hochreiter, Sepp},
  journal={Advances in neural information processing systems},
  volume={30},
  year={2017}
}

@inproceedings{yang2024learning,
  title={Learning dense correspondence for nerf-based face reenactment},
  author={Yang, Songlin and Wang, Wei and Lan, Yushi and Fan, Xiangyu and Peng, Bo and Yang, Lei and Dong, Jing},
  booktitle={Proceedings of the AAAI Conference on Artificial Intelligence},
  volume={38},
  number={7},
  pages={6522--6530},
  year={2024}
}

@inproceedings{sajjadi2022scene,
  title={Scene representation transformer: Geometry-free novel view synthesis through set-latent scene representations},
  author={Sajjadi, Mehdi SM and Meyer, Henning and Pot, Etienne and Bergmann, Urs and Greff, Klaus and Radwan, Noha and Vora, Suhani and Lu{\v{c}}i{\'c}, Mario and Duckworth, Daniel and Dosovitskiy, Alexey and others},
  booktitle={Proceedings of the IEEE/CVF Conference on Computer Vision and Pattern Recognition},
  pages={6229--6238},
  year={2022}
}

@inproceedings{huang2024pointinfinity,
  title={PointInfinity: Resolution-Invariant Point Diffusion Models},
  author={Huang, Zixuan and Johnson, Justin and Debnath, Shoubhik and Rehg, James M and Wu, Chao-Yuan},
  booktitle={Proceedings of the IEEE/CVF Conference on Computer Vision and Pattern Recognition},
  pages={10050--10060},
  year={2024}
}

@article{albergo2023stochastic,
  title={Stochastic interpolants: A unifying framework for flows and diffusions},
  author={Albergo, Michael S and Boffi, Nicholas M and Vanden-Eijnden, Eric},
  journal={arXiv preprint arXiv:2303.08797},
  year={2023}
}

@article{song2020denoising,
  title={Denoising diffusion implicit models},
  author={Song, Jiaming and Meng, Chenlin and Ermon, Stefano},
  journal={arXiv preprint arXiv:2010.02502},
  year={2020}
}

@inproceedings{yang2023context,
  title={Context-aware talking-head video editing},
  author={Yang, Songlin and Wang, Wei and Ling, Jun and Peng, Bo and Tan, Xu and Dong, Jing},
  booktitle={Proceedings of the 31st ACM International Conference on Multimedia},
  pages={7718--7727},
  year={2023}
}

@inproceedings{yang2023designing,
  title={Designing a 3D-aware StyleNeRF encoder for face editing},
  author={Yang, Songlin and Wang, Wei and Peng, Bo and Dong, Jing},
  booktitle={ICASSP 2023-2023 IEEE International Conference on Acoustics, Speech and Signal Processing (ICASSP)},
  pages={1--5},
  year={2023},
  organization={IEEE}
}
