@inproceedings{fitzgerald2023paying,
  title={Paying Attention to Wildfire: Using U-Net with Attention Blocks on Multimodal Data for Next Day Prediction},
  author={Fitzgerald, Jack and Seefried, Ethan and Yost, James E and Pallickara, Sangmi and Blanchard, Nathaniel},
  booktitle={Proceedings of the 25th International Conference on Multimodal Interaction},
  pages={470--480},
  year={2023}
}

@inproceedings{garnot2021panoptic,
  title={Panoptic segmentation of satellite image time series with convolutional temporal attention networks},
  author={Garnot, Vivien Sainte Fare and Landrieu, Loic},
  booktitle={Proceedings of the IEEE/CVF International Conference on Computer Vision},
  pages={4872--4881},
  year={2021}
}

@article{gerard2023wildfirespreadts,
  title={WildfireSpreadTS: A dataset of multi-modal time series for wildfire spread prediction},
  author={Gerard, Sebastian and Zhao, Yu and Sullivan, Josephine},
  journal={Advances in Neural Information Processing Systems},
  volume={36},
  pages={74515--74529},
  year={2023}
}

@inproceedings{ghosh2024fire,
  title={Fire Spread Modeling Using Probabilistic Cellular Automata},
  author={Ghosh, Rohit and Adhikary, Jishnu and Chemlal, Rezki},
  booktitle={Asian Symposium on Cellular Automata Technology},
  pages={45--55},
  year={2024},
  organization={Springer}
}

@article{gottfriedsenfiresight,
  title={FireSight: Short-Term Fire Hazard Prediction Based on Active Fire Remote Sensing Data},
  author={Gottfriedsen, Julia and Strebl, Johanna and Berrendorf, Max and Langer, Martin and Tresp, Volker}
}

@article{huot2022next,
  title={Next day wildfire spread: A machine learning dataset to predict wildfire spreading from remote-sensing data},
  author={Huot, Fantine and Hu, R Lily and Goyal, Nita and Sankar, Tharun and Ihme, Matthias and Chen, Yi-Fan},
  journal={IEEE Transactions on Geoscience and Remote Sensing},
  volume={60},
  pages={1--13},
  year={2022},
  publisher={IEEE}
}

@article{kondylatos2022wildfire,
  title={Wildfire danger prediction and understanding with deep learning},
  author={Kondylatos, Spyros and Prapas, Ioannis and Ronco, Michele and Papoutsis, Ioannis and Camps-Valls, Gustau and Piles, Mar{\'\i}a and Fern{\'a}ndez-Torres, Miguel-{\'A}ngel and Carvalhais, Nuno},
  journal={Geophysical Research Letters},
  volume={49},
  number={17},
  pages={e2022GL099368},
  year={2022},
  publisher={Wiley Online Library}
}

@inproceedings{li2024wildfire,
  title={Wildfire Spread Prediction in North America Using Satellite Imagery and Vision Transformer},
  author={Li, Bronte Sihan and Rad, Ryan},
  booktitle={2024 IEEE Conference on Artificial Intelligence (CAI)},
  pages={1536--1541},
  year={2024},
  organization={IEEE}
}

@inproceedings{lisim2real,
  title={Sim2Real-Fire: A Multi-modal Simulation Dataset for Forecast and Backtracking of Real-world Forest Fire},
  author={Li, Yanzhi and Li, Keqiu and GUOHUI, LI and Ji, Chanqing and Wang, Lubo and Zuo, Die and Guo, Qing and Zhang, Feng and Wang, Manyu and Lin, Di and others},
  booktitle={The Thirty-eight Conference on Neural Information Processing Systems Datasets and Benchmarks Track}
}

@inproceedings{liu2021swin,
  title={Swin transformer: Hierarchical vision transformer using shifted windows},
  author={Liu, Ze and Lin, Yutong and Cao, Yue and Hu, Han and Wei, Yixuan and Zhang, Zheng and Lin, Stephen and Guo, Baining},
  booktitle={Proceedings of the IEEE/CVF international conference on computer vision},
  pages={10012--10022},
  year={2021}
}

@article{prapas2022deep,
  title={Deep learning for global wildfire forecasting},
  author={Prapas, Ioannis and Ahuja, Akanksha and Kondylatos, Spyros and Karasante, Ilektra and Panagiotou, Eleanna and Alonso, Lazaro and Davalas, Charalampos and Michail, Dimitrios and Carvalhais, Nuno and Papoutsis, Ioannis},
  journal={arXiv preprint arXiv:2211.00534},
  year={2022}
}

@inproceedings{ross2021being,
  title={Being the Fire: A CNN-Based Reinforcement Learning Method to Learn How Fires Behave Beyond the Limits of Physics-Based Empirical Models},
  author={Ross, William L},
  booktitle={NeurIPS 2021 Workshop on Tackling Climate Change with Machine Learning},
  year={2021}
}

@inproceedings{shah2023wildfire,
  title={Wildfire Spread Prediction Using Attention Mechanisms in U-NET},
  author={Shah, Kamen and Pantoja, Maria},
  booktitle={2023 3rd International Conference on Electrical, Computer, Communications and Mechatronics Engineering (ICECCME)},
  pages={1--6},
  year={2023},
  organization={IEEE}
}

@article{xiao2024wildfire,
  title={Wildfire Spread Prediction Using Attention Mechanisms in U2-NET},
  author={Xiao, Hongtao and Zhu, Yingfang and Sun, Yurong and Zhang, Gui and Gong, Zhiwei},
  journal={Forests},
  volume={15},
  number={10},
  pages={1711},
  year={2024},
  publisher={MDPI}
}

@article{xu2024wildfire,
  title={Wildfire Risk Prediction: A Review},
  author={Xu, Zhengsen and Li, Jonathan and Cheng, Sibo and Rui, Xue and Zhao, Yu and He, Hongjie and Xu, Linlin},
  journal={arXiv preprint arXiv:2405.01607},
  year={2024}
}

@inproceedings{zhou2018unet++,
  title={Unet++: A nested u-net architecture for medical image segmentation},
  author={Zhou, Zongwei and Rahman Siddiquee, Md Mahfuzur and Tajbakhsh, Nima and Liang, Jianming},
  booktitle={Deep Learning in Medical Image Analysis and Multimodal Learning for Clinical Decision Support: 4th International Workshop, DLMIA 2018, and 8th International Workshop, ML-CDS 2018, Held in Conjunction with MICCAI 2018, Granada, Spain, September 20, 2018, Proceedings 4},
  pages={3--11},
  year={2018},
  organization={Springer}
}

