@article{dufter2022position,
  title={Position information in transformers: An overview},
  author={Dufter, Philipp and Schmitt, Martin and Sch{\"u}tze, Hinrich},
  journal={Computational Linguistics},
  volume={48},
  number={3},
  pages={733--763},
  year={2022},
  publisher={MIT Press One Broadway, 12th Floor, Cambridge, Massachusetts 02142, USA~â€¦}
}

@article{iglovikov2018ternausnet,
  title={Ternausnet: U-net with vgg11 encoder pre-trained on imagenet for image segmentation},
  author={Iglovikov, Vladimir and Shvets, Alexey},
  journal={arXiv preprint arXiv:1801.05746},
  year={2018}
}


@article{jain2020review,
  title={A review of machine learning applications in wildfire science and management},
  author={Jain, Piyush and Coogan, Sean CP and Subramanian, Sriram Ganapathi and Crowley, Mark and Taylor, Steve and Flannigan, Mike D},
  journal={Environmental Reviews},
  volume={28},
  number={4},
  pages={478--505},
  year={2020},
  publisher={NRC Research Press 1840 Woodward Drive, Suite 1, Ottawa, ON K2C 0P7}
}

@article{ghali2023deep,
  title={Deep learning approaches for wildland fires using satellite remote sensing data: Detection, mapping, and prediction},
  author={Ghali, Rafik and Akhloufi, Moulay A},
  journal={Fire},
  volume={6},
  number={5},
  pages={192},
  year={2023},
  publisher={MDPI}
}

@inproceedings{musgrave2020metric,
  title={A metric learning reality check},
  author={Musgrave, Kevin and Belongie, Serge and Lim, Ser-Nam},
  booktitle={Computer Vision--ECCV 2020: 16th European Conference, Glasgow, UK, August 23--28, 2020, Proceedings, Part XXV 16},
  pages={681--699},
  year={2020},
  organization={Springer}
}

@article{alexander2006evaluating,
  title={Evaluating a model for predicting active crown fire rate of spread using wildfire observations},
  author={Alexander, Martin E and Cruz, Miguel G},
  journal={Canadian Journal of Forest Research},
  volume={36},
  number={11},
  pages={3015--3028},
  year={2006},
  publisher={NRC Research Press Ottawa, Canada}
}

@article{khanmohammadi2022prediction,
  title={Prediction of wildfire rate of spread in grasslands using machine learning methods},
  author={Khanmohammadi, Sadegh and Arashpour, Mehrdad and Golafshani, Emadaldin Mohammadi and Cruz, Miguel G and Rajabifard, Abbas and Bai, Yu},
  journal={Environmental Modelling \& Software},
  volume={156},
  pages={105507},
  year={2022},
  publisher={Elsevier}
}
@article{bot2022systematic,
  title={A systematic review of applications of machine learning techniques for wildfire management decision support},
  author={Bot, Karol and Borges, Jos{\'e} G},
  journal={Inventions},
  volume={7},
  number={1},
  pages={15},
  year={2022},
  publisher={MDPI}
}

@article{chetehouna2015predicting,
  title={Predicting the flame characteristics and rate of spread in fires propagating in a bed of Pinus pinaster using Artificial Neural Networks},
  author={Chetehouna, Khaled and El Tabach, Eddy and Bouazaoui, Loubna and Gascoin, Nicolas},
  journal={Process Safety and Environmental Protection},
  volume={98},
  pages={50--56},
  year={2015},
  publisher={Elsevier}
}

@article{gerard2023wildfirespreadts,
  title={WildfireSpreadTS: A dataset of multi-modal time series for wildfire spread prediction},
  author={Gerard, Sebastian and Zhao, Yu and Sullivan, Josephine},
  journal={Advances in Neural Information Processing Systems},
  volume={36},
  pages={74515--74529},
  year={2023}
}
@article{huot2022next,
  title={Next day wildfire spread: A machine learning dataset to predict wildfire spreading from remote-sensing data},
  author={Huot, Fantine and Hu, R Lily and Goyal, Nita and Sankar, Tharun and Ihme, Matthias and Chen, Yi-Fan},
  journal={IEEE Transactions on Geoscience and Remote Sensing},
  volume={60},
  pages={1--13},
  year={2022},
  publisher={IEEE}
}
@article{prapas2022deep,
  title={Deep learning for global wildfire forecasting},
  author={Prapas, Ioannis and Ahuja, Akanksha and Kondylatos, Spyros and Karasante, Ilektra and Panagiotou, Eleanna and Alonso, Lazaro and Davalas, Charalampos and Michail, Dimitrios and Carvalhais, Nuno and Papoutsis, Ioannis},
  journal={arXiv preprint arXiv:2211.00534},
  year={2022}
}
@inproceedings{ross2021being,
  title={Being the Fire: A CNN-Based Reinforcement Learning Method to Learn How Fires Behave Beyond the Limits of Physics-Based Empirical Models},
  author={Ross, William L},
  booktitle={NeurIPS 2021 Workshop on Tackling Climate Change with Machine Learning},
  year={2021}
}
@article{shaddyfusion,
  title={Fusion of Physics-Based Wildfire Spread Models with Satellite Data using Generative Algorithms},
  author={Shaddy, Bryan and Ray, Deep and Farguell, Angel and Calaza, Valentina and Mandel, Jan and Haley, James and Hilburn, Kyle and Mallia, Derek V and Kochanski, Adam and Oberai, Assad}
}
@article{gottfriedsenfiresight,
  title={FireSight: Short-Term Fire Hazard Prediction Based on Active Fire Remote Sensing Data},
  author={Gottfriedsen, Julia and Strebl, Johanna and Berrendorf, Max and Langer, Martin and Tresp, Volker}
}
@inproceedings{cao2022swin,
  title={Swin-unet: Unet-like pure transformer for medical image segmentation},
  author={Cao, Hu and Wang, Yueyue and Chen, Joy and Jiang, Dongsheng and Zhang, Xiaopeng and Tian, Qi and Wang, Manning},
  booktitle={European conference on computer vision},
  pages={205--218},
  year={2022},
  organization={Springer}
}
@article{chen2021transunet,
  title={Transunet: Transformers make strong encoders for medical image segmentation},
  author={Chen, Jieneng and Lu, Yongyi and Yu, Qihang and Luo, Xiangde and Adeli, Ehsan and Wang, Yan and Lu, Le and Yuille, Alan L and Zhou, Yuyin},
  journal={arXiv preprint arXiv:2102.04306},
  year={2021}
}
@article{oktay2018attention,
  title={Attention u-net: Learning where to look for the pancreas},
  author={Oktay, Ozan},
  journal={arXiv preprint arXiv:1804.03999},
  year={2018}
}
@inproceedings{ronneberger2015u,
  title={U-net: Convolutional networks for biomedical image segmentation},
  author={Ronneberger, Olaf and Fischer, Philipp and Brox, Thomas},
  booktitle={Medical image computing and computer-assisted intervention--MICCAI 2015: 18th international conference, Munich, Germany, October 5-9, 2015, proceedings, part III 18},
  pages={234--241},
  year={2015},
  organization={Springer}
}
@inproceedings{garnot2020lightweight,
  title={Lightweight temporal self-attention for classifying satellite images time series},
  author={Garnot, Vivien Sainte Fare and Landrieu, Loic},
  booktitle={Advanced Analytics and Learning on Temporal Data: 5th ECML PKDD Workshop, AALTD 2020, Ghent, Belgium, September 18, 2020, Revised Selected Papers 6},
  pages={171--181},
  year={2020},
  organization={Springer}
}
@inproceedings{garnot2021panoptic,
  title={Panoptic segmentation of satellite image time series with convolutional temporal attention networks},
  author={Garnot, Vivien Sainte Fare and Landrieu, Loic},
  booktitle={Proceedings of the IEEE/CVF International Conference on Computer Vision},
  pages={4872--4881},
  year={2021}
}
@article{xu2024wildfire,
  title={Wildfire Risk Prediction: A Review},
  author={Xu, Zhengsen and Li, Jonathan and Cheng, Sibo and Rui, Xue and Zhao, Yu and He, Hongjie and Xu, Linlin},
  journal={arXiv preprint arXiv:2405.01607},
  year={2024}
}
@inproceedings{lisim2real,
  title={Sim2Real-Fire: A Multi-modal Simulation Dataset for Forecast and Backtracking of Real-world Forest Fire},
  author={Li, Yanzhi and Li, Keqiu and GUOHUI, LI and Ji, Chanqing and Wang, Lubo and Zuo, Die and Guo, Qing and Zhang, Feng and Wang, Manyu and Lin, Di and others},
  booktitle={The Thirty-eight Conference on Neural Information Processing Systems Datasets and Benchmarks Track}
}

@inproceedings{singla2021wildfiredb,
  title={Wildfiredb: An open-source dataset connecting wildfire occurrence with relevant determinants},
  author={Singla, Samriddhi and Mukhopadhyay, Ayan and Wilbur, Michael and Diao, Tina and Gajjewar, Vinayak and Eldawy, Ahmed and Kochenderfer, Mykel and Shachter, Ross and Dubey, Abhishek},
  booktitle={NeurIPS Thirty-fifth Annual Conference on Neural Information Processing Systems},
  year={2021}
}
@article{kondylatos2024mesogeos,
  title={Mesogeos: A multi-purpose dataset for data-driven wildfire modeling in the Mediterranean},
  author={Kondylatos, Spyridon and Prapas, Ioannis and Camps-Valls, Gustau and Papoutsis, Ioannis},
  journal={Advances in Neural Information Processing Systems},
  volume={36},
  year={2024}
}
@article{barber2024canadian,
  title={The Canadian fire spread dataset},
  author={Barber, Quinn E and Jain, Piyush and Whitman, Ellen and Thompson, Dan K and Guindon, Luc and Parks, Sean A and Wang, Xianli and Hethcoat, Matthew G and Parisien, Marc-Andr{\'e}},
  journal={Scientific data},
  volume={11},
  number={1},
  pages={764},
  year={2024},
  publisher={Nature Publishing Group UK London}
}
@article{thomas2017costs,
  title={The costs and losses of wildfires},
  author={Thomas, Douglas and Butry, David and Gilbert, Stanley and Webb, David and Fung, Juan and others},
  journal={NIST special publication},
  volume={1215},
  number={11},
  pages={1--72},
  year={2017}
}
 @book{Finney_1998, title={FARSITE: Fire Area Simulator-model development and evaluation}, url={http://dx.doi.org/10.2737/RMRS-RP-4}, DOI={10.2737/rmrs-rp-4}, institution={U.S. Department of Agriculture, Forest Service, Rocky Mountain Research Station}, author={Finney, Mark A.}, year={1998} }
@inproceedings{finney2006overview,
  title={An overview of FlamMap fire modeling capabilities},
  author={Finney, Mark A},
  booktitle={In: Andrews, Patricia L.; Butler, Bret W., comps. 2006. Fuels Management-How to Measure Success: Conference Proceedings. 28-30 March 2006; Portland, OR. Proceedings RMRS-P-41. Fort Collins, CO: US Department of Agriculture, Forest Service, Rocky Mountain Research Station. p. 213-220},
  volume={41},
  year={2006}
}
@inproceedings{ghosh2024fire,
  title={Fire Spread Modeling Using Probabilistic Cellular Automata},
  author={Ghosh, Rohit and Adhikary, Jishnu and Chemlal, Rezki},
  booktitle={Asian Symposium on Cellular Automata Technology},
  pages={45--55},
  year={2024},
  organization={Springer}
}
@inproceedings{zhou2018unet++,
  title={Unet++: A nested u-net architecture for medical image segmentation},
  author={Zhou, Zongwei and Rahman Siddiquee, Md Mahfuzur and Tajbakhsh, Nima and Liang, Jianming},
  booktitle={Deep Learning in Medical Image Analysis and Multimodal Learning for Clinical Decision Support: 4th International Workshop, DLMIA 2018, and 8th International Workshop, ML-CDS 2018, Held in Conjunction with MICCAI 2018, Granada, Spain, September 20, 2018, Proceedings 4},
  pages={3--11},
  year={2018},
  organization={Springer}
}
@article{dosovitskiy2020image,
  title={An image is worth 16x16 words: Transformers for image recognition at scale},
  author={Dosovitskiy, Alexey},
  journal={arXiv preprint arXiv:2010.11929},
  year={2020}
}
@inproceedings{carion2020end,
  title={End-to-end object detection with transformers},
  author={Carion, Nicolas and Massa, Francisco and Synnaeve, Gabriel and Usunier, Nicolas and Kirillov, Alexander and Zagoruyko, Sergey},
  booktitle={European conference on computer vision},
  pages={213--229},
  year={2020},
  organization={Springer}
}
@inproceedings{liu2021swin,
  title={Swin transformer: Hierarchical vision transformer using shifted windows},
  author={Liu, Ze and Lin, Yutong and Cao, Yue and Hu, Han and Wei, Yixuan and Zhang, Zheng and Lin, Stephen and Guo, Baining},
  booktitle={Proceedings of the IEEE/CVF international conference on computer vision},
  pages={10012--10022},
  year={2021}
}
@inproceedings{fitzgerald2023paying,
  title={Paying Attention to Wildfire: Using U-Net with Attention Blocks on Multimodal Data for Next Day Prediction},
  author={Fitzgerald, Jack and Seefried, Ethan and Yost, James E and Pallickara, Sangmi and Blanchard, Nathaniel},
  booktitle={Proceedings of the 25th International Conference on Multimodal Interaction},
  pages={470--480},
  year={2023}
}
@inproceedings{li2024wildfire,
  title={Wildfire Spread Prediction in North America Using Satellite Imagery and Vision Transformer},
  author={Li, Bronte Sihan and Rad, Ryan},
  booktitle={2024 IEEE Conference on Artificial Intelligence (CAI)},
  pages={1536--1541},
  year={2024},
  organization={IEEE}
}
@article{prapas2021deep,
  title={Deep learning methods for daily wildfire danger forecasting},
  author={Prapas, Ioannis and Kondylatos, Spyros and Papoutsis, Ioannis and Camps-Valls, Gustau and Ronco, Michele and Fern{\'a}ndez-Torres, Miguel-{\'A}ngel and Guillem, Maria Piles and Carvalhais, Nuno},
  journal={arXiv preprint arXiv:2111.02736},
  year={2021}
}
@inproceedings{shah2023wildfire,
  title={Wildfire Spread Prediction Using Attention Mechanisms in U-NET},
  author={Shah, Kamen and Pantoja, Maria},
  booktitle={2023 3rd International Conference on Electrical, Computer, Communications and Mechatronics Engineering (ICECCME)},
  pages={1--6},
  year={2023},
  organization={IEEE}
}
@article{xiao2024wildfire,
  title={Wildfire Spread Prediction Using Attention Mechanisms in U2-NET},
  author={Xiao, Hongtao and Zhu, Yingfang and Sun, Yurong and Zhang, Gui and Gong, Zhiwei},
  journal={Forests},
  volume={15},
  number={10},
  pages={1711},
  year={2024},
  publisher={MDPI}
}
@article{eddin2023location,
  title={Location-aware adaptive normalization: a deep learning approach for wildfire danger forecasting},
  author={Eddin, Mohamad Hakam Shams and Roscher, Ribana and Gall, Juergen},
  journal={IEEE Transactions on Geoscience and Remote Sensing},
  volume={61},
  pages={1--18},
  year={2023},
  publisher={IEEE}
}
@inproceedings{singh2023wildfire,
  title={Wildfire spread prediction using machine learning algorithms},
  author={Singh, Aman and Yadav, Rakesh and Sudhamshu, Gadug and Basnet, Aryan and Ali, Rahmat},
  booktitle={2023 14th International Conference on Computing Communication and Networking Technologies (ICCCNT)},
  pages={1--5},
  year={2023},
  organization={IEEE}
}

@article{liu2024fire,
  title={Fire spread prediction model based on multi-scale convolutional neural network},
  author={Liu, Shuwen and Cao, Lin and Lin, Chuanying and Dai, Yuxuan and Li, Xingdong and Li, Sanping and Sun, Shufa and Li, Dandan},
  journal={Multimedia Tools and Applications},
  pages={1--22},
  year={2024},
  publisher={Springer}
}
@article{burge2023recurrent,
  title={Recurrent convolutional deep neural networks for modeling time-resolved wildfire spread behavior},
  author={Burge, John and Bonanni, Matthew R and Hu, R Lily and Ihme, Matthias},
  journal={Fire Technology},
  volume={59},
  number={6},
  pages={3327--3354},
  year={2023},
  publisher={Springer}
}
@article{marjani2024cnn,
  title={CNN-BiLSTM: A Novel Deep Learning Model for Near-Real-Time Daily Wildfire Spread Prediction},
  author={Marjani, Mohammad and Mahdianpari, Masoud and Mohammadimanesh, Fariba},
  journal={Remote Sensing},
  volume={16},
  number={8},
  pages={1467},
  year={2024},
  publisher={MDPI}
}

@article{michail2024seasonal,
  title={Seasonal Fire Prediction using Spatio-Temporal Deep Neural Networks},
  author={Michail, Dimitrios and Panagiotou, Lefki-Ioanna and Davalas, Charalampos and Prapas, Ioannis and Kondylatos, Spyros and Bountos, Nikolaos Ioannis and Papoutsis, Ioannis},
  journal={arXiv preprint arXiv:2404.06437},
  year={2024}
}
@inproceedings{bolt2022spatio,
  title={A spatio-temporal neural network forecasting approach for emulation of firefront models},
  author={Bolt, Andrew and Huston, Carolyn and Kuhnert, Petra and Dabrowski, Joel Janek and Hilton, James and Sanderson, Conrad},
  booktitle={2022 Signal Processing: Algorithms, Architectures, Arrangements, and Applications (SPA)},
  pages={110--115},
  year={2022},
  organization={IEEE}
}

@article{zou2023attention,
  title={Attention-based wildland fire spread modeling using fire-tracking satellite observations},
  author={Zou, Yufei and Sadeghi, Mojtaba and Liu, Yaling and Puchko, Alexandra and Le, Son and Chen, Yang and Andela, Niels and Gentine, Pierre},
  journal={Fire},
  volume={6},
  number={8},
  pages={289},
  year={2023},
  publisher={MDPI}
}

@article{andrianarivony2024machine,
  title={Machine Learning and Deep Learning for Wildfire Spread Prediction: A Review},
  author={Andrianarivony, Henintsoa S and Akhloufi, Moulay A},
  journal={Fire},
  volume={7},
  number={12},
  pages={482},
  year={2024},
  publisher={MDPI}
}
@article{kondylatos2022wildfire,
  title={Wildfire danger prediction and understanding with deep learning},
  author={Kondylatos, Spyros and Prapas, Ioannis and Ronco, Michele and Papoutsis, Ioannis and Camps-Valls, Gustau and Piles, Mar{\'\i}a and Fern{\'a}ndez-Torres, Miguel-{\'A}ngel and Carvalhais, Nuno},
  journal={Geophysical Research Letters},
  volume={49},
  number={17},
  pages={e2022GL099368},
  year={2022},
  publisher={Wiley Online Library}
}

@inproceedings{he2016deep,
  title={Deep residual learning for image recognition},
  author={He, Kaiming and Zhang, Xiangyu and Ren, Shaoqing and Sun, Jian},
  booktitle={Proceedings of the IEEE conference on computer vision and pattern recognition},
  pages={770--778},
  year={2016}
}

@inproceedings{lin2017focal,
  title={Focal loss for dense object detection},
  author={Lin, Tsung-Yi and Goyal, Priya and Girshick, Ross and He, Kaiming and Doll{\'a}r, Piotr},
  booktitle={Proceedings of the IEEE international conference on computer vision},
  pages={2980--2988},
  year={2017}
}
@article{eelbode2020optimization,
  title={Optimization for medical image segmentation: theory and practice when evaluating with dice score or jaccard index},
  author={Eelbode, Tom and Bertels, Jeroen and Berman, Maxim and Vandermeulen, Dirk and Maes, Frederik and Bisschops, Raf and Blaschko, Matthew B},
  journal={IEEE transactions on medical imaging},
  volume={39},
  number={11},
  pages={3679--3690},
  year={2020},
  publisher={IEEE}
}

@article{artes2019global,
  title={A global wildfire dataset for the analysis of fire regimes and fire behaviour},
  author={Art{\'e}s, Tom{\`a}s and Oom, Duarte and De Rigo, Daniele and Durrant, Tracy Houston and Maianti, Pieralberto and Libert{\`a}, Giorgio and San-Miguel-Ayanz, Jes{\'u}s},
  journal={Scientific data},
  volume={6},
  number={1},
  pages={296},
  year={2019},
  publisher={Nature Publishing Group UK London}
}

@misc{MTBS_2017,
  author = {{MTBS Project, USDA Forest Service/U.S. Geological Survey}},
  title = {{MTBS Data Access: Fire Level Geospatial Data}},
  year = {2017},
  month = {July},
  note = {Last revised},
  url = {http://mtbs.gov/direct-download},
  urldate = {2017-07-12}
}
@article{giglio2021modis,
  title={MODIS/Terra+ Aqua burned area monthly l3 global 500m SIN Grid V061},
  author={Giglio, Luis and Justice, Chris and Boschetti, Luigi and Roy, David},
  journal={NASA EOSDIS Land Process. DAAC},
  year={2021}
}

@article{li2024review,
  title={A review of remote sensing image segmentation by deep learning methods},
  author={Li, Jiangyun and Cai, Yuanxiu and Li, Qing and Kou, Mingyin and Zhang, Tianxiang},
  journal={International Journal of Digital Earth},
  volume={17},
  number={1},
  pages={2328827},
  year={2024},
  publisher={Taylor \& Francis}
}