@inproceedings{Chen2022ImprovedAO,
  title={Improved Analysis of Score-based Generative Modeling: User-Friendly Bounds under Minimal Smoothness Assumptions},
  author={Hongrui Chen and Holden Lee and Jianfeng Lu},
  booktitle={International Conference on Machine Learning},
  year={2022}
}

@article{Marinari_1992,
year = {1992},
publisher = {},
volume = {19},
number = {6},
pages = {451},
author = {E. Marinari and G. Parisi},
title = {{Simulated Tempering: A New Monte Carlo Scheme}},
journal = {Europhysics Letters}
}

@article{PhysRevLett.57.2607,
  title = {{Replica Monte Carlo Simulation of Spin-Glasses}},
  author = {Swendsen, Robert H. and Wang, Jian-Sheng},
  journal = {Phys. Rev. Lett.},
  volume = {57},
  issue = {21},
  pages = {2607--2609},
  numpages = {0},
  year = {1986},
  month = {Nov},
  publisher = {American Physical Society}
}

@article{albergo2023stochastic,
  title={Stochastic interpolants: A unifying framework for flows and diffusions},
  author={Albergo, Michael S and Boffi, Nicholas M and Vanden-Eijnden, Eric},
  journal={arXiv preprint arXiv:2303.08797},
  year={2023}
}

@article{block2022generativemodelingdenoisingautoencoders,
      title={{Generative Modeling with Denoising Auto-Encoders and Langevin Sampling}}, 
      author={Adam Block and Youssef Mroueh and Alexander Rakhlin},
      year={2022},
      journal={arXiv preprint arXiv: 2002.00107}
}

@article{gao2024gaussian,
  title={{Gaussian Interpolation Flows}},
  author={Gao, Yuan and Huang, Jian and Jiao, Yuling},
  journal={Journal of Machine Learning Research},
  volume={25},
  number={253},
  pages={1--52},
  year={2024}
}

@article{geyer_mcmc_92,
 author = {Charles J. Geyer},
 journal = {Statistical Science},
 number = {4},
 pages = {473--483},
 publisher = {Institute of Mathematical Statistics},
 title = {{Practical Markov Chain Monte Carlo}},
 urldate = {2025-01-20},
 volume = {7},
 year = {1992}
}

@article{ho2020denoising,
  title={{Denoising Diffusion Probabilistic Models}},
  author={Ho, Jonathan and Jain, Ajay and Abbeel, Pieter},
  journal={Advances in Neural Information Processing Systems},
  volume={33},
  pages={6840--6851},
  year={2020}
}

@article{song2019generative,
  title={Generative modeling by estimating gradients of the data distribution},
  author={Song, Yang and Ermon, Stefano},
  journal={Advances in Neural Information Processing Systems},
  volume={32},
  year={2019}
}

