@article{Hinton06,
	title        = {{A Fast Learning Algorithm for Deep Belief Nets}},
	author       = {Hinton, Geoffrey E. and Osindero, Simon and Teh, Yee Whye},
	year         = {2006},
	journal      = {Neural Computation},
	volume       = {18},
	pages        = {1527--1554}
}

@article{gao2024gaussian,
  title={{Gaussian Interpolation Flows}},
  author={Gao, Yuan and Huang, Jian and Jiao, Yuling},
  journal={Journal of Machine Learning Research},
  volume={25},
  number={253},
  pages={1--52},
  year={2024}
}

@article{marion2024implicit,
  title={Implicit Diffusion: Efficient Optimization through Stochastic Sampling},
  author={Marion, Pierre and Korba, Anna and Bartlett, Peter and Blondel, Mathieu and De Bortoli, Valentin and Doucet, Arnaud and Llinares-L{\'o}pez, Felipe and Paquette, Courtney and Berthet, Quentin},
  journal={arXiv preprint arXiv:2402.05468},
  year={2024}
}

@article{bamieh2022discovering,
      title={Discovering Transforms: A Tutorial on Circulant Matrices, Circular Convolution, and the Discrete Fourier Transform}, 
      author={Bassam Bamieh},
      year={2022},
      journal={arXiv preprint arXiv:1805.05533}
}


@inproceedings{
guo2024provablebenefitannealedlangevin,
title={{Provable Benefit of Annealed Langevin Monte Carlo for Non-log-concave Sampling}},
author={Wei Guo and Molei Tao and Yongxin Chen},
booktitle={The Thirteenth International Conference on Learning Representations},
year={2025}
}

@inproceedings{
cheng2024fastconditionalmixingmcmc,
title={Fast Conditional Mixing of {MCMC} Algorithms for Non-log-concave Distributions},
author={Xiang Cheng and Bohan Wang and Jingzhao Zhang and Yusong Zhu},
booktitle={Thirty-seventh Conference on Neural Information Processing Systems},
year={2023}
}


@article{Schlichting2018PoincarAL,
  title={Poincar{\'e} and Log–Sobolev Inequalities for Mixtures},
  author={Andr{\'e} Schlichting},
  journal={Entropy},
  year={2018},
  volume={21}
}

@misc{chen2021dimensionfreelogsobolevinequalitiesmixture,
      title={Dimension-free log-Sobolev inequalities for mixture distributions}, 
      author={Hong-Bin Chen and Sinho Chewi and Jonathan Niles-Weed},
      year={2021},
      eprint={2102.11476},
      archivePrefix={arXiv},
      primaryClass={math.PR},
      url={https://arxiv.org/abs/2102.11476}, 
}


@inproceedings{
song2020score,
title={{Score-Based Generative Modeling through Stochastic Differential Equations}},
  author = {Song, Yang and {Sohl-Dickstein}, Jascha and Kingma, Diederik P. and Kumar, Abhishek and Ermon, Stefano and Poole, Ben},
booktitle={International Conference on Learning Representations},
year={2021}
}

@article{song2019generative,
  title={Generative modeling by estimating gradients of the data distribution},
  author={Song, Yang and Ermon, Stefano},
  journal={Advances in Neural Information Processing Systems},
  volume={32},
  year={2019}
}

@article{albergo2023stochastic,
  title={Stochastic interpolants: A unifying framework for flows and diffusions},
  author={Albergo, Michael S and Boffi, Nicholas M and Vanden-Eijnden, Eric},
  journal={arXiv preprint arXiv:2303.08797},
  year={2023}
}

@article{ho2020denoising,
  title={{Denoising Diffusion Probabilistic Models}},
  author={Ho, Jonathan and Jain, Ajay and Abbeel, Pieter},
  journal={Advances in Neural Information Processing Systems},
  volume={33},
  pages={6840--6851},
  year={2020}
}


@inproceedings{
saremi2024chain,
title={{Chain of Log-Concave Markov Chains}},
author={Saeed Saremi and Ji Won Park and Francis Bach},
booktitle={The Twelfth International Conference on Learning Representations},
year={2024}
}


@book{matrix_demmel,
  title     = {Applied Numerical Linear Algebra},
  author    = {James W. Demmel},
publisher = {Society for Industrial and Applied Mathematics},
year = {1997}
}


@misc{chewi2024analysislangevinmontecarlo,
      title={Analysis of Langevin Monte Carlo from Poincar\'e to Log-Sobolev}, 
      author={Sinho Chewi and Murat A. Erdogdu and Mufan Bill Li and Ruoqi Shen and Matthew Zhang},
      year={2024},
      eprint={2112.12662},
      archivePrefix={arXiv},
      primaryClass={math.ST},
      url={https://arxiv.org/abs/2112.12662}, 
}


@book{sinho_book,
  title     = {Log-Concave Sampling. Book draft},
  author    = {Sinho Chewi},
url = {https://chewisinho.github.io.},
publisher = {},
year = {2024}
}




@InProceedings{pmlr-v178-chen22c,
  title = 	 {Improved analysis for a proximal algorithm for sampling},
  author =       {Chen, Yongxin and Chewi, Sinho and Salim, Adil and Wibisono, Andre},
  booktitle = 	 {Proceedings of Thirty Fifth Conference on Learning Theory},
  pages = 	 {2984--3014},
  year = 	 {2022},
  editor = 	 {Loh, Po-Ling and Raginsky, Maxim},
  volume = 	 {178},
  series = 	 {Proceedings of Machine Learning Research},
  month = 	 {02--05 Jul},
  publisher =    {PMLR},
  pdf = 	 {https://proceedings.mlr.press/v178/chen22c/chen22c.pdf},
  url = 	 {https://proceedings.mlr.press/v178/chen22c.html}
}


@phdthesis{negrea_thesis,
  title        = {Approximations and scaling limits of Markov chains with applications to MCMC and approximate inference},
  author       = {Jeffrey Negrea},
  year         = 2022,
  note         = {Available at \url{https://probability.ca/jeff/ftpdir/negreathesis.pdf}},
  school       = {University of Toronto},
  type         = {PhD thesis}
}

@article{fractional_integration_parts,
author = {Love, E. R. and Young, L. C.},
title = {On Fractional Integration by Parts},
journal = {Proceedings of the London Mathematical Society},
volume = {s2-44},
number = {1},
url = {https://londmathsoc.onlinelibrary.wiley.com/doi/abs/10.1112/plms/s2-44.1.1},
eprint = {https://londmathsoc.onlinelibrary.wiley.com/doi/pdf/10.1112/plms/s2-44.1.1},
year = {1938}
}

@inproceedings{grenioux2024stochasticlocalizationiterativeposterior,
author = {Grenioux, Louis and Noble, Maxence and Gabri\'{e}, Marylou and Durmus, Alain},
title = {Stochastic localization via iterative posterior sampling},
year = {2025},
publisher = {JMLR.org},
booktitle = {Proceedings of the 41st International Conference on Machine Learning},
articleno = {651},
numpages = {40},
location = {Vienna, Austria},
series = {ICML'24}
}


@inproceedings{
chehab2024practicaldiffusionpathsampling,
title={A Practical Diffusion Path for Sampling},
author={Omar Chehab and Anna Korba},
booktitle={ICML 2024 Workshop on Structured Probabilistic Inference {\&} Generative Modeling},
year={2024}
}


@misc{chen2024diffusivegibbssampling,
      title={Diffusive Gibbs Sampling}, 
      author={Wenlin Chen and Mingtian Zhang and Brooks Paige and José Miguel Hernández-Lobato and David Barber},
      year={2024},
      eprint={2402.03008},
      archivePrefix={arXiv},
      primaryClass={stat.ML},
      url={https://arxiv.org/abs/2402.03008}, 
}



@misc{feng2024fisherinformationdissipationtime,
      title={Fisher information dissipation for time inhomogeneous stochastic differential equations}, 
      author={Qi Feng and Xinzhe Zuo and Wuchen Li},
      year={2024},
      eprint={2402.01036},
      archivePrefix={arXiv},
      primaryClass={math.PR},
      url={https://arxiv.org/abs/2402.01036}, 
}

@misc{cattiaux2008notetalagrandstransportationinequality,
      title={A note on Talagrand's transportation inequality and logarithmic Sobolev inequality}, 
      author={Patrick Cattiaux and Arnaud Guillin and Liming Wu},
      year={2008},
      eprint={0810.5435},
      archivePrefix={arXiv},
      primaryClass={math.PR},
      url={https://arxiv.org/abs/0810.5435}, 
}





@article{simulated_annealing_1,
 ISSN = {00018678},
 author = {Debasis Mitra and Fabio Romeo and Alberto Sangiovanni-Vincentelli},
 journal = {Advances in Applied Probability},
 number = {3},
 pages = {747--771},
 publisher = {Applied Probability Trust},
 title = {Convergence and Finite-Time Behavior of Simulated Annealing},
 volume = {18},
 year = {1986}
}


@book{simulated_annealing_2,
        author = {Peter J. M. Laarhoven, Emile H. L. Aarts},
        title = {{Simulated Annealing: Theory and Applications}},
        year = {1987},
        publisher = {Springer Dordrecht},
        address = {Holland}
}


@inproceedings{NEURIPS2020_92c3b916,
 author = {Song, Yang and Ermon, Stefano},
 booktitle = {Advances in Neural Information Processing Systems},
 editor = {H. Larochelle and M. Ranzato and R. Hadsell and M.F. Balcan and H. Lin},
 pages = {12438--12448},
 publisher = {Curran Associates, Inc.},
 title = {Improved Techniques for Training Score-Based Generative Models},
 volume = {33},
 year = {2020}
}

@article{JMLR:v6:hyvarinen05a,
	title        = {{Estimation of Non-Normalized Statistical Models by Score Matching}},
	author       = {Aapo Hyv{{\"a}}rinen},
	year         = {2005},
	journal      = {Journal of Machine Learning Research},
	volume       = {6},
	number       = {24},
	pages        = {695--709}
}

@inproceedings{
phillips2024particle,
title={{Particle Denoising Diffusion Sampler}},
author={Angus Phillips and Hai-Dang Dau and Michael John Hutchinson and De Bortoli, Valentin and George Deligiannidis and Arnaud Doucet},
booktitle={Forty-first International Conference on Machine Learning},
year={2024}
}

@inproceedings{
grenioux2024stochastic,
title={Stochastic Localization via Iterative Posterior Sampling},
author={Louis Grenioux and Maxence Noble and Marylou Gabri{\'e} and Alain Oliviero Durmus},
booktitle={Forty-first International Conference on Machine Learning},
year={2024}
}

@book{gradients_flows_book,
        author = {Luigi Ambrosio and Nicola Gigli and Giuseppe Savaré},
        title = {{Gradient Flows: In Metric Spaces and in the Space of Probability Measures}},
        year = {2008},
        publisher = {Birkh\"{a}user Basel},
        series = {Lectures in Mathematics. ETH Z\"{u}rich}
}

@book{karatzas,
  title     = "Brownian Motion and Stochastic Calculus",
  author    = "Ioannis Karatzas and Steven E. Shreve",
  year      = 1991,
  publisher = "Springer New York, NY"
}

@article{poincare_inequality_spectral_gap,
author = {Ledoux, M},
year = {2004},
month = {01},
pages = {},
title = {Spectral gap, logarithmic Sobolev constant, and geometric bounds},
volume = {9},
journal = {Surveys in Differential Geometry},
doi = {10.4310/SDG.2004.v9.n1.a6}
}



@InProceedings{pmlr-v151-erdogdu22a,
  title = 	 { Convergence of Langevin Monte Carlo in Chi-Squared and Rényi Divergence },
  author =       {Erdogdu, Murat A. and Hosseinzadeh, Rasa and Zhang, Shunshi},
  booktitle = 	 {Proceedings of The 25th International Conference on Artificial Intelligence and Statistics},
  pages = 	 {8151--8175},
  year = 	 {2022},
  editor = 	 {Camps-Valls, Gustau and Ruiz, Francisco J. R. and Valera, Isabel},
  volume = 	 {151},
  series = 	 {Proceedings of Machine Learning Research},
  month = 	 {28--30 Mar},
  publisher =    {PMLR}
}



@InProceedings{pmlr-v65-raginsky17a,
  title = 	 {Non-convex learning via Stochastic Gradient Langevin Dynamics: a nonasymptotic analysis},
  author = 	 {Raginsky, Maxim and Rakhlin, Alexander and Telgarsky, Matus},
  booktitle = 	 {Proceedings of the 2017 Conference on Learning Theory},
  pages = 	 {1674--1703},
  year = 	 {2017},
  editor = 	 {Kale, Satyen and Shamir, Ohad},
  volume = 	 {65},
  series = 	 {Proceedings of Machine Learning Research},
  month = 	 {07--10 Jul},
  publisher =    {PMLR}
}


@inproceedings{
pandey2024heavy,
title={{Heavy-Tailed Diffusion Models}},
author={Pandey, Kushagra and Pathak, Jaideep and Xu, Yilun and Mandt, Stephan and Pritchard, Michael and Vahdat, Arash and Mardani, Morteza},
booktitle={The Thirteenth International Conference on Learning Representations},
year={2025}
}


@article{heavy_tail_functional_inequalities,
author = {Patrick Cattiaux and Nathael Gozlan and Arnaud Guillin and Cyril Roberto},
title = {{Functional Inequalities for Heavy Tailed Distributions and Application to Isoperimetry}},
volume = {15},
journal = {Electronic Journal of Probability},
number = {},
publisher = {Institute of Mathematical Statistics and Bernoulli Society},
pages = {346 -- 385},
keywords = {isoperimetric profile, Lyapunov function, weak inequalities, weighted Cheeger inequalities, weighted Poincaré inequalities},
year = {2010}
}


@article{NADARAJAH2005715,
title = {{Convolutions of the $T$ distribution}},
journal = {Computers \& Mathematics with Applications},
volume = {49},
number = {5},
pages = {715-721},
year = {2005},
author = {S. Nadarajah and D.K. Dey}
}


@article{heavy_tail_classes,
 ISSN = {00219002},
 author = {Jun Cai and Qihe Tang},
 journal = {Journal of Applied Probability},
 number = {1},
 pages = {117--130},
 publisher = {Applied Probability Trust},
 title = {On Max-Sum Equivalence and Convolution Closure of Heavy-Tailed Distributions and Their Applications},
 urldate = {2024-11-18},
 volume = {41},
 year = {2004}
}


@article{Embrechts_Goldie_1980, 
title={On closure and factorization properties of subexponential and related distributions}, volume={29}, 
DOI={10.1017/S1446788700021224}, 
number={2}, journal={Journal of the Australian Mathematical Society. Series A. Pure Mathematics and Statistics}, 
author={Embrechts, Paul and Goldie, Charles M.}, year={1980}, 
pages={243–256}}




@inproceedings{
chehab2024provableconvergencelimitationsgeometric,
title={{Provable Convergence and Limitations of Geometric Tempering for Langevin Dynamics}},
author={Omar Chehab and Anna Korba and Austin Stromme and Adrien Vacher},
booktitle={The Thirteenth International Conference on Learning Representations},
year={2025}
}

@InProceedings{bakry_emery,
author="Bakry, D.
and {\'E}mery, M.",
editor="Az{\'e}ma, Jacques
and Yor, Marc",
title="Diffusions hypercontractives",
booktitle="S{\'e}minaire de Probabilit{\'e}s XIX 1983/84",
year="1985",
publisher="Springer Berlin Heidelberg",
address="Berlin, Heidelberg",
pages="177--206"
}


@article{RefWorks:RefID:85-holley1987logarithmic,
	author={Richard Holley and Daniel Stroock},
	year={1987},
	title={{Logarithmic Sobolev inequalities and stochastic Ising models}},
	journal={Journal of Statistical Physics},
	volume={46},
	number={5},
	pages={1159-1194}
}


@article{weyl1912das,
	author={Hermann Weyl},
	year={1912},
	title={Das asymptotische Verteilungsgesetz der Eigenwerte linearer partieller Differentialgleichungen (mit einer Anwendung auf die Theorie der Hohlraumstrahlung)},
	journal={Mathematische Annalen},
	volume={71},
	number={4},
	pages={441-479},
	note={ID: Weyl1912},
	isbn={1432-1807},
	url={https://doi.org/10.1007/BF01456804},
	doi={10.1007/BF01456804}
}

@article{anderson1982reverse,
  title={Reverse-time diffusion equation models},
  author={Anderson, Brian DO},
  journal={Stochastic Processes and their Applications},
  volume={12},
  number={3},
  pages={313--326},
  year={1982},
  publisher={Elsevier}
}

@article{hyvarinen2005estimation,
  title={Estimation of non-normalized statistical models by score matching.},
  author={Hyv{\"a}rinen, Aapo and Dayan, Peter},
  journal={Journal of Machine Learning Research},
  volume={6},
  number={4},
  year={2005}
}


@inproceedings{
lee2022convergence,
title={Convergence for score-based generative modeling with polynomial complexity},
author={Holden Lee and Jianfeng Lu and Yixin Tan},
booktitle={Advances in Neural Information Processing Systems},
editor={Alice H. Oh and Alekh Agarwal and Danielle Belgrave and Kyunghyun Cho},
year={2022}
}

@inproceedings{
chen2023sampling,
title={Sampling is as easy as learning the score: theory for diffusion models with minimal data assumptions},
author={Sitan Chen and Sinho Chewi and Jerry Li and Yuanzhi Li and Adil Salim and Anru Zhang},
booktitle={The Eleventh International Conference on Learning Representations },
year={2023}
}

@inproceedings{Chen2022ImprovedAO,
  title={Improved Analysis of Score-based Generative Modeling: User-Friendly Bounds under Minimal Smoothness Assumptions},
  author={Hongrui Chen and Holden Lee and Jianfeng Lu},
  booktitle={International Conference on Machine Learning},
  year={2022}
}


@article{functional_inequalities_compactly_supported_assumption,
author = {Jean-Baptiste Bardet and Natha{\"e}l Gozlan and Florent Malrieu and Pierre-Andr{\'e} Zitt},
title = {{Functional inequalities for Gaussian convolutions of compactly supported measures: Explicit bounds and dimension dependence}},
volume = {24},
journal = {Bernoulli},
number = {1},
publisher = {Bernoulli Society for Mathematical Statistics and Probability},
pages = {333 -- 353},
year = {2018}
}



@article{
doi:10.1073/pnas.1820003116,
author = {Yi-An Ma  and Yuansi Chen  and Chi Jin  and Nicolas Flammarion  and Michael I. Jordan },
title = {Sampling can be faster than optimization},
journal = {Proceedings of the National Academy of Sciences},
volume = {116},
number = {42},
pages = {20881-20885},
year = {2019}}


@inproceedings{
benton2024nearly,
title={Nearly $d$-Linear Convergence Bounds for Diffusion Models via Stochastic Localization},
author={Joe Benton and Valentin De Bortoli and Arnaud Doucet and George Deligiannidis},
booktitle={The Twelfth International Conference on Learning Representations},
year={2024}
}




@inproceedings{
dhariwal2021diffusion,
title={Diffusion Models Beat {GAN}s on Image Synthesis},
author={Prafulla Dhariwal and Alexander Quinn Nichol},
booktitle={Advances in Neural Information Processing Systems},
editor={A. Beygelzimer and Y. Dauphin and P. Liang and J. Wortman Vaughan},
year={2021}
}

@InProceedings{Rombach_2022_CVPR,
    author    = {Rombach, Robin and Blattmann, Andreas and Lorenz, Dominik and Esser, Patrick and Ommer, Bj\"orn},
    title     = {{High-Resolution Image Synthesis With Latent Diffusion Models}},
    booktitle = {Proceedings of the IEEE/CVF Conference on Computer Vision and Pattern Recognition (CVPR)},
    year      = {2022},
    pages     = {10684-10695}
}

@InProceedings{Ruan_2023_CVPR,
    author    = {Ruan, Ludan and Ma, Yiyang and Yang, Huan and He, Huiguo and Liu, Bei and Fu, Jianlong and Yuan, Nicholas Jing and Jin, Qin and Guo, Baining},
    title     = {{MM-Diffusion: Learning Multi-Modal Diffusion Models for Joint Audio and Video Generation}},
    booktitle = {Proceedings of the IEEE/CVF Conference on Computer Vision and Pattern Recognition (CVPR)},
    year      = {2023},
    pages     = {10219-10228}
}


@inproceedings{
saharia2022photorealistic,
title={{Photorealistic Text-to-Image Diffusion Models with Deep Language Understanding}},
author={Chitwan Saharia and William Chan and Saurabh Saxena and Lala Li and Jay Whang and Emily Denton and Seyed Kamyar Seyed Ghasemipour and Raphael Gontijo-Lopes and Burcu Karagol Ayan and Tim Salimans and Jonathan Ho and David J. Fleet and Mohammad Norouzi},
booktitle={Advances in Neural Information Processing Systems},
editor={Alice H. Oh and Alekh Agarwal and Danielle Belgrave and Kyunghyun Cho},
year={2022}
}


@inproceedings{
he2023diffusion,
title={{Diffusion Model is an Effective Planner and Data Synthesizer for Multi-Task Reinforcement Learning}},
author={Haoran He and Chenjia Bai and Kang Xu and Zhuoran Yang and Weinan Zhang and Dong Wang and Bin Zhao and Xuelong Li},
booktitle={Thirty-seventh Conference on Neural Information Processing Systems},
year={2023}
}


@InProceedings{pmlr-v162-janner22a,
  title = 	 {{Planning with Diffusion for Flexible Behavior Synthesis}},
  author =       {Janner, Michael and Du, Yilun and Tenenbaum, Joshua and Levine, Sergey},
  booktitle = 	 {Proceedings of the 39th International Conference on Machine Learning},
  pages = 	 {9902--9915},
  year = 	 {2022},
  editor = 	 {Chaudhuri, Kamalika and Jegelka, Stefanie and Song, Le and Szepesvari, Csaba and Niu, Gang and Sabato, Sivan},
  volume = 	 {162},
  series = 	 {Proceedings of Machine Learning Research},
  publisher =    {PMLR}
}



@InProceedings{pmlr-v115-song20a,
  title = 	 {{Sliced Score Matching: A Scalable Approach to Density and Score Estimation}},
  author =       {Song, Yang and Garg, Sahaj and Shi, Jiaxin and Ermon, Stefano},
  booktitle = 	 {Proceedings of The 35th Uncertainty in Artificial Intelligence Conference},
  pages = 	 {574--584},
  year = 	 {2020},
  editor = 	 {Adams, Ryan P. and Gogate, Vibhav},
  volume = 	 {115},
  series = 	 {Proceedings of Machine Learning Research},
  publisher =    {PMLR}
}

@ARTICLE{pascal_score_matching,
  author={Vincent, Pascal},
  journal={Neural Computation}, 
  title={A Connection Between Score Matching and Denoising Autoencoders}, 
  year={2011},
  volume={23},
  number={7},
  pages={1661-1674}}


@article{block2022generativemodelingdenoisingautoencoders,
      title={{Generative Modeling with Denoising Auto-Encoders and Langevin Sampling}}, 
      author={Adam Block and Youssef Mroueh and Alexander Rakhlin},
      year={2022},
      journal={arXiv preprint arXiv: 2002.00107}
}


@article{shariatian2024denoisinglevyprobabilisticmodels,
      title={{Denoising L\'evy Probabilistic Models}}, 
      author={Dario Shariatian and Umut Simsekli and Alain Durmus},
      year={2024},
      journal={arXiv preprint arXiv: 2407.18609}
}

@inproceedings{
vargas2024transport,
title={{Transport meets Variational Inference: Controlled Monte Carlo Diffusions}},
author={Francisco Vargas and Shreyas Padhy and Denis Blessing and Nikolas N{\"u}sken},
booktitle={The Twelfth International Conference on Learning Representations},
year={2024}
}

@inproceedings{
huang2024reverse,
title={{Reverse Diffusion Monte Carlo}},
author={Xunpeng Huang and Hanze Dong and Yifan Hao and Yian Ma and Tong Zhang},
booktitle={The Twelfth International Conference on Learning Representations},
year={2024}
}

@inproceedings{
richter2024improved,
title={Improved sampling via learned diffusions},
author={Lorenz Richter and Julius Berner},
booktitle={The Twelfth International Conference on Learning Representations},
year={2024}
}



@article{gentilonisilveri2025logconcavityscoreregularityimproved,
      title={{Beyond Log-Concavity and Score Regularity: Improved Convergence Bounds for Score-Based Generative Models in $W_2$-distance}}, 
      author={Marta Gentiloni-Silveri and Antonio Ocello},
      year={2025},
      journal={arXiv preprint arXiv: 2501.02298}
}

@book{RefWorks:RefID:90-1973infinitesimal,
	author={Jean Alexandre Dieudonné},
	year={1973},
	title={Infinitesimal calculus},
	publisher={Paris : Hermann},
	language={eng}
}


@inproceedings{
yang2022convergence,
title={Convergence in {KL} and R\'enyi Divergence of the Unadjusted Langevin Algorithm Using Estimated Score},
author={Kaylee Yingxi Yang and Andre Wibisono},
booktitle={NeurIPS 2022 Workshop on Score-Based Methods},
year={2022}
}

@inproceedings{de_bortoli_schrondinger,
 author = {De Bortoli, Valentin and Thornton, James and Heng, Jeremy and Doucet, Arnaud},
 booktitle = {Advances in Neural Information Processing Systems},
 editor = {M. Ranzato and A. Beygelzimer and Y. Dauphin and P.S. Liang and J. Wortman Vaughan},
 title = {{Diffusion Schr\"{o}dinger Bridge with Applications to Score-Based Generative Modeling}},
 year = {2021}
}


@article{
de_bortoli2022convergence,
title={Convergence of denoising diffusion models under the manifold hypothesis},
author={De Bortoli, Valentin},
journal={Transactions on Machine Learning Research},
year={2022}
}


@inproceedings{
pidstrigach2022scorebased,
title={{Score-Based Generative Models Detect Manifolds}},
author={Jakiw Pidstrigach},
booktitle={Advances in Neural Information Processing Systems},
editor={Alice H. Oh and Alekh Agarwal and Danielle Belgrave and Kyunghyun Cho},
year={2022}
}


@inproceedings{
li2024towards,
title={Towards Non-Asymptotic Convergence for Diffusion-Based Generative Models},
author={Gen Li and Yuting Wei and Yuxin Chen and Yuejie Chi},
booktitle={The Twelfth International Conference on Learning Representations},
year={2024}
}


@article{eldan2013thin,
	author={Ronen Eldan},
	year={2013},
	title={Thin Shell Implies Spectral Gap Up to Polylog via a Stochastic Localization Scheme},
	journal={Geometric and Functional Analysis},
	volume={23},
	number={2},
	pages={532-569}
}


@article{lovasz_random_walk,
author = {Lovász, L. and Simonovits, M.},
title = {Random walks in a convex body and an improved volume algorithm},
journal = {Random Structures \& Algorithms},
volume = {4},
number = {4},
pages = {359-412},
year = {1993}
}


@article{kannan1995isoperimetric,
	author={R. Kannan and L. Lovász and M. Simonovits},
	year={1995},
	title={Isoperimetric problems for convex bodies and a localization lemma},
	journal={Discrete \& Computational Geometry},
	volume={13},
	number={3},
	pages={541-559}
}


@INPROCEEDINGS {Alaoui_stochastic_localisation,
author = { Alaoui, Ahmed El and Montanari, Andrea and Sellke, Mark },
booktitle = { 2022 IEEE 63rd Annual Symposium on Foundations of Computer Science (FOCS) },
title = {{ Sampling from the Sherrington-Kirkpatrick Gibbs measure via algorithmic stochastic localization }},
year = {2022},
volume = {},
pages = {323-334},
publisher = {IEEE Computer Society},
address = {Los Alamitos, CA, USA},
month =Nov}


@misc{montanari2023samplingdiffusionsstochasticlocalization,
      title={Sampling, Diffusions, and Stochastic Localization}, 
      author={Andrea Montanari},
      year={2023},
      eprint={2305.10690},
      archivePrefix={arXiv},
      primaryClass={cs.LG},
      url={https://arxiv.org/abs/2305.10690}, 
}


@article{Marinari_1992,
year = {1992},
publisher = {},
volume = {19},
number = {6},
pages = {451},
author = {E. Marinari and G. Parisi},
title = {{Simulated Tempering: A New Monte Carlo Scheme}},
journal = {Europhysics Letters}
}


@article{PhysRevLett.57.2607,
  title = {{Replica Monte Carlo Simulation of Spin-Glasses}},
  author = {Swendsen, Robert H. and Wang, Jian-Sheng},
  journal = {Phys. Rev. Lett.},
  volume = {57},
  issue = {21},
  pages = {2607--2609},
  numpages = {0},
  year = {1986},
  month = {Nov},
  publisher = {American Physical Society}
}


@article{geyer_mcmc_92,
 author = {Charles J. Geyer},
 journal = {Statistical Science},
 number = {4},
 pages = {473--483},
 publisher = {Institute of Mathematical Statistics},
 title = {{Practical Markov Chain Monte Carlo}},
 urldate = {2025-01-20},
 volume = {7},
 year = {1992}
}

@inproceedings{chen2018neural,
 author = {Chen, Ricky T. Q. and Rubanova, Yulia and Bettencourt, Jesse and Duvenaud, David K},
 booktitle = {Advances in Neural Information Processing Systems},
 editor = {S. Bengio and H. Wallach and H. Larochelle and K. Grauman and N. Cesa-Bianchi and R. Garnett},
 publisher = {Curran Associates, Inc.},
 title = {Neural Ordinary Differential Equations},
 volume = {31},
 year = {2018}
}


@inproceedings{
lipman2023flow,
title={Flow Matching for Generative Modeling},
author={Yaron Lipman and Ricky T. Q. Chen and Heli Ben-Hamu and Maximilian Nickel and Matthew Le},
booktitle={The Eleventh International Conference on Learning Representations },
year={2023}
}


@article{lisini2007characterization,
	author={Stefano Lisini},
	year={2007},
	title={Characterization of absolutely continuous curves in Wasserstein spaces},
	journal={Calculus of Variations and Partial Differential Equations},
	volume={28},
	number={1},
	pages={85-120}
}


@article{ambrosio2000rectifiable,
	author={Luigi Ambrosio and Bernd Kirchheim},
	year={2000},
	title={Rectifiable sets in metric and Banach spaces},
	journal={Mathematische Annalen},
	volume={318},
	number={3},
	pages={527-555}
}


@article{cattiaux2010note,
	author={Patrick Cattiaux and Arnaud Guillin and Li-Ming Wu},
	year={2010},
	title={{A note on Talagrand’s transportation inequality and logarithmic Sobolev inequality}},
	journal={Probability Theory and Related Fields},
	volume={148},
	number={1},
	pages={285-304}
}