@inproceedings{chen2023imperceptible,
  title={Imperceptible adversarial attack via invertible neural networks},
  author={Chen, Zihan and Wang, Ziyue and Huang, Jun-Jie and Zhao, Wentao and Liu, Xiao and Guan, Dejian},
  booktitle={Proceedings of the AAAI Conference on Artificial Intelligence},
  volume={37},
  number={1},
  pages={414--424},
  year={2023}
}

@inproceedings{duan2021advdrop,
  title={Advdrop: Adversarial attack to dnns by dropping information},
  author={Duan, Ranjie and Chen, Yuefeng and Niu, Dantong and Yang, Yun and Qin, A Kai and He, Yuan},
  booktitle={Proceedings of the IEEE/CVF International Conference on Computer Vision},
  pages={7506--7515},
  year={2021}
}

@article{goodfellow2014explaining,
  title={Explaining and harnessing adversarial examples},
  author={Goodfellow, Ian J and Shlens, Jonathon and Szegedy, Christian},
  journal={arXiv preprint arXiv:1412.6572},
  year={2014}
}

@article{gupta2018cnn,
  title={CNN-based projected gradient descent for consistent CT image reconstruction},
  author={Gupta, Harshit and Jin, Kyong Hwan and Nguyen, Ha Q and McCann, Michael T and Unser, Michael},
  journal={IEEE transactions on medical imaging},
  volume={37},
  number={6},
  pages={1440--1453},
  year={2018},
  publisher={IEEE}
}

@inproceedings{joshi2019semantic,
  title={Semantic adversarial attacks: Parametric transformations that fool deep classifiers},
  author={Joshi, Ameya and Mukherjee, Amitangshu and Sarkar, Soumik and Hegde, Chinmay},
  booktitle={Proceedings of the IEEE/CVF international conference on computer vision},
  pages={4773--4783},
  year={2019}
}

@inproceedings{lu2021large,
  title={Large-capacity image steganography based on invertible neural networks},
  author={Lu, Shao-Ping and Wang, Rong and Zhong, Tao and Rosin, Paul L},
  booktitle={Proceedings of the IEEE/CVF conference on computer vision and pattern recognition},
  pages={10816--10825},
  year={2021}
}

@inproceedings{luo2022frequency,
  title={Frequency-driven imperceptible adversarial attack on semantic similarity},
  author={Luo, Cheng and Lin, Qinliang and Xie, Weicheng and Wu, Bizhu and Xie, Jinheng and Shen, Linlin},
  booktitle={Proceedings of the IEEE/CVF conference on computer vision and pattern recognition},
  pages={15315--15324},
  year={2022}
}

@inproceedings{moosavi2016deepfool,
  title={Deepfool: a simple and accurate method to fool deep neural networks},
  author={Moosavi-Dezfooli, Seyed-Mohsen and Fawzi, Alhussein and Frossard, Pascal},
  booktitle={Proceedings of the IEEE conference on computer vision and pattern recognition},
  pages={2574--2582},
  year={2016}
}

@inproceedings{moosavi2017universal,
  title={Universal adversarial perturbations},
  author={Moosavi-Dezfooli, Seyed-Mohsen and Fawzi, Alhussein and Fawzi, Omar and Frossard, Pascal},
  booktitle={Proceedings of the IEEE conference on computer vision and pattern recognition},
  pages={1765--1773},
  year={2017}
}

@article{wang2022ab,
  title={AB-FGSM: AdaBelief optimizer and FGSM-based approach to generate adversarial examples},
  author={Wang, Yixiang and Liu, Jiqiang and Chang, Xiaolin and Wang, Jianhua and Rodr{\'\i}guez, Ricardo J},
  journal={Journal of Information Security and Applications},
  volume={68},
  pages={103227},
  year={2022},
  publisher={Elsevier}
}

@article{yan2023wavelet,
  title={Wavelet regularization benefits adversarial training},
  author={Yan, Jun and Yin, Huilin and Zhao, Ziming and Ge, Wancheng and Zhang, Hao and Rigoll, Gerhard},
  journal={Information Sciences},
  volume={649},
  pages={119650},
  year={2023},
  publisher={Elsevier}
}

@inproceedings{zhang2018residual,
  title={Residual dense network for image super-resolution},
  author={Zhang, Yulun and Tian, Yapeng and Kong, Yu and Zhong, Bineng and Fu, Yun},
  booktitle={Proceedings of the IEEE conference on computer vision and pattern recognition},
  pages={2472--2481},
  year={2018}
}

