@inproceedings{kong2020physgan,
  title={Physgan: Generating physical-world-resilient adversarial examples for autonomous driving},
  author={Kong, Zelun and Guo, Junfeng and Li, Ang and Liu, Cong},
  booktitle={Proceedings of the IEEE/CVF Conference on Computer Vision and Pattern Recognition},
  pages={14254--14263},
  year={2020}
}


@inproceedings{zhang2023atta,
  title={ATTA: Adversarial Task-transferable Attacks on Autonomous Driving Systems},
  author={Zhang, Qingjie and Zhang, Maosen and Qiu, Han and Zhang, Tianwei and Msahli, Mounira and Memmi, Gerard},
  booktitle={2023 IEEE International Conference on Data Mining (ICDM)},
  pages={798--807},
  year={2023},
  organization={IEEE}
}

@article{hussain2023reconstruction,
  title={Reconstruction-Based Adversarial Attack Detection in Vision-Based Autonomous Driving Systems},
  author={Hussain, Manzoor and Hong, Jang-Eui},
  journal={Machine Learning and Knowledge Extraction},
  volume={5},
  number={4},
  pages={1589--1611},
  year={2023},
  publisher={MDPI}
}

@incollection{kurakin2018adversarial,
  title={Adversarial examples in the physical world},
  author={Kurakin, Alexey and Goodfellow, Ian J and Bengio, Samy},
  booktitle={Artificial intelligence safety and security},
  pages={99--112},
  year={2018},
  publisher={Chapman and Hall/CRC}
}

@article{wei2021black,
  title={Black-box adversarial attacks by manipulating image attributes},
  author={Wei, Xingxing and Guo, Ying and Li, Bo},
  journal={Information sciences},
  volume={550},
  pages={285--296},
  year={2021},
  publisher={Elsevier}
}

@article{yan2023adversarial,
  title={An Adversarial Attack on Salient Regions of Traffic Sign},
  author={Yan, Jun and Yin, Huilin and Ye, Bin and Ge, Wanchen and Zhang, Hao and Rigoll, Gerhard},
  journal={Automotive Innovation},
  volume={6},
  number={2},
  pages={190--203},
  year={2023},
  publisher={Springer}
}

@inproceedings{chow2020adversarial,
  title={Adversarial objectness gradient attacks in real-time object detection systems},
  author={Chow, Ka-Ho and Liu, Ling and Loper, Margaret and Bae, Juhyun and Gursoy, Mehmet Emre and Truex, Stacey and Wei, Wenqi and Wu, Yanzhao},
  booktitle={2020 Second IEEE International Conference on Trust, Privacy and Security in Intelligent Systems and Applications (TPS-ISA)},
  pages={263--272},
  year={2020},
  organization={IEEE}
}

@inproceedings{duan2021advdrop,
  title={Advdrop: Adversarial attack to dnns by dropping information},
  author={Duan, Ranjie and Chen, Yuefeng and Niu, Dantong and Yang, Yun and Qin, A Kai and He, Yuan},
  booktitle={Proceedings of the IEEE/CVF International Conference on Computer Vision},
  pages={7506--7515},
  year={2021}
}

@article{lopez2021survey,
  title={A survey on matching strategies for boundary image comparison and evaluation},
  author={Lopez-Molina, Carlos and Marco-Detchart, C{\'e}dric and Bustince, Humberto and De Baets, Bernard},
  journal={Pattern Recognition},
  volume={115},
  pages={107883},
  year={2021},
  publisher={Elsevier}
}

@inproceedings{johnson2016perceptual,
  title={Perceptual losses for real-time style transfer and super-resolution},
  author={Johnson, Justin and Alahi, Alexandre and Fei-Fei, Li},
  booktitle={Computer Vision--ECCV 2016: 14th European Conference, Amsterdam, The Netherlands, October 11-14, 2016, Proceedings, Part II 14},
  pages={694--711},
  year={2016},
  organization={Springer}
}

@inproceedings{prakash2018deflecting,
  title={Deflecting adversarial attacks with pixel deflection},
  author={Prakash, Aaditya and Moran, Nick and Garber, Solomon and DiLillo, Antonella and Storer, James},
  booktitle={Proceedings of the IEEE conference on computer vision and pattern recognition},
  pages={8571--8580},
  year={2018}
}

@article{agarwal2022crafting,
  title={Crafting adversarial perturbations via transformed image component swapping},
  author={Agarwal, Akshay and Ratha, Nalini and Vatsa, Mayank and Singh, Richa},
  journal={IEEE Transactions on Image Processing},
  volume={31},
  pages={7338--7349},
  year={2022},
  publisher={IEEE}
}

@inproceedings{ye2021patch,
  title={Patch-based attack on traffic sign recognition},
  author={Ye, Bin and Yin, Huilin and Yan, Jun and Ge, Wanchen},
  booktitle={2021 IEEE International Intelligent Transportation Systems Conference (ITSC)},
  pages={164--171},
  year={2021},
  organization={IEEE}
}

@article{mohaghegh2020advflow,
  title={Advflow: Inconspicuous black-box adversarial attacks using normalizing flows},
  author={Mohaghegh Dolatabadi, Hadi and Erfani, Sarah and Leckie, Christopher},
  journal={Advances in Neural Information Processing Systems},
  volume={33},
  pages={15871--15884},
  year={2020}
}

@article{goodfellow2014explaining,
  title={Explaining and harnessing adversarial examples},
  author={Goodfellow, Ian J and Shlens, Jonathon and Szegedy, Christian},
  journal={arXiv preprint arXiv:1412.6572},
  year={2014}
}

@article{wang2022ab,
  title={AB-FGSM: AdaBelief optimizer and FGSM-based approach to generate adversarial examples},
  author={Wang, Yixiang and Liu, Jiqiang and Chang, Xiaolin and Wang, Jianhua and Rodr{\'\i}guez, Ricardo J},
  journal={Journal of Information Security and Applications},
  volume={68},
  pages={103227},
  year={2022},
  publisher={Elsevier}
}

@article{gupta2018cnn,
  title={CNN-based projected gradient descent for consistent CT image reconstruction},
  author={Gupta, Harshit and Jin, Kyong Hwan and Nguyen, Ha Q and McCann, Michael T and Unser, Michael},
  journal={IEEE transactions on medical imaging},
  volume={37},
  number={6},
  pages={1440--1453},
  year={2018},
  publisher={IEEE}
}

@article{bai2024ar,
  title={An AR-Based Meta Vehicle Road Cooperation Testing Systems: Framework, Components Modeling and an Implementation Example},
  author={Bai, Xuesong and Dong, Peng and Huang, Yuanhao and Kumari, Saru and Yu, Haiyang and Ren, Yilong},
  journal={IEEE Internet of Things Journal},
  year={2024},
  publisher={IEEE}
}

@article{zhang2022intelligent,
  title={Intelligent amphibious ground-aerial vehicles: State of the art technology for future transportation},
  author={Zhang, Xinyu and Huang, Jiangeng and Huang, Yuanhao and Huang, Kangyao and Yang, Lei and Han, Yan and Wang, Li and Liu, Huaping and Luo, Jianxi and Li, Jun},
  journal={IEEE Transactions on Intelligent Vehicles},
  volume={8},
  number={1},
  pages={970--987},
  year={2022},
  publisher={IEEE}
}

@inproceedings{moosavi2016deepfool,
  title={Deepfool: a simple and accurate method to fool deep neural networks},
  author={Moosavi-Dezfooli, Seyed-Mohsen and Fawzi, Alhussein and Frossard, Pascal},
  booktitle={Proceedings of the IEEE conference on computer vision and pattern recognition},
  pages={2574--2582},
  year={2016}
}

@inproceedings{moosavi2017universal,
  title={Universal adversarial perturbations},
  author={Moosavi-Dezfooli, Seyed-Mohsen and Fawzi, Alhussein and Fawzi, Omar and Frossard, Pascal},
  booktitle={Proceedings of the IEEE conference on computer vision and pattern recognition},
  pages={1765--1773},
  year={2017}
}

@inproceedings{joshi2019semantic,
  title={Semantic adversarial attacks: Parametric transformations that fool deep classifiers},
  author={Joshi, Ameya and Mukherjee, Amitangshu and Sarkar, Soumik and Hegde, Chinmay},
  booktitle={Proceedings of the IEEE/CVF international conference on computer vision},
  pages={4773--4783},
  year={2019}
}

@INPROCEEDINGS{nuscenes,
  title={nuScenes: A multimodal dataset for autonomous driving},
  author={Holger Caesar and Varun Bankiti and Alex H. Lang and Sourabh Vora and 
          Venice Erin Liong and Qiang Xu and Anush Krishnan and Yu Pan and 
          Giancarlo Baldan and Oscar Beijbom}, 
  booktitle={CVPR},
  year=2020
}

@inproceedings{HoubenIJCNN2013,
   author = {Sebastian Houben and Johannes Stallkamp and Jan Salmen and Marc Schlipsing and Christian Igel},
   booktitle = {International Joint Conference on Neural Networks},
   title = {Detection of Traffic Signs in Real-World Images: The {G}erman {T}raffic {S}ign {D}etection {B}enchmark},
   number = {1288},
   year = {2013},
}

@inproceedings{luo2022frequency,
  title={Frequency-driven imperceptible adversarial attack on semantic similarity},
  author={Luo, Cheng and Lin, Qinliang and Xie, Weicheng and Wu, Bizhu and Xie, Jinheng and Shen, Linlin},
  booktitle={Proceedings of the IEEE/CVF conference on computer vision and pattern recognition},
  pages={15315--15324},
  year={2022}
}

@article{wang2004image,
  title={Image quality assessment: from error visibility to structural similarity},
  author={Wang, Zhou and Bovik, Alan C and Sheikh, Hamid R and Simoncelli, Eero P},
  journal={IEEE transactions on image processing},
  volume={13},
  number={4},
  pages={600--612},
  year={2004},
  publisher={IEEE}
}

@inproceedings{zhang2018unreasonable,
  title={The unreasonable effectiveness of deep features as a perceptual metric},
  author={Zhang, Richard and Isola, Phillip and Efros, Alexei A and Shechtman, Eli and Wang, Oliver},
  booktitle={Proceedings of the IEEE conference on computer vision and pattern recognition},
  pages={586--595},
  year={2018}
}

@inproceedings{hore2010image,
  title={Image quality metrics: PSNR vs. SSIM},
  author={Hore, Alain and Ziou, Djemel},
  booktitle={2010 20th international conference on pattern recognition},
  pages={2366--2369},
  year={2010},
  organization={IEEE}
}

@inproceedings{zhang2018residual,
  title={Residual dense network for image super-resolution},
  author={Zhang, Yulun and Tian, Yapeng and Kong, Yu and Zhong, Bineng and Fu, Yun},
  booktitle={Proceedings of the IEEE conference on computer vision and pattern recognition},
  pages={2472--2481},
  year={2018}
}

@inproceedings{ardizzone2021conditional,
  title={Conditional invertible neural networks for diverse image-to-image translation},
  author={Ardizzone, Lynton and Kruse, Jakob and L{\"u}th, Carsten and Bracher, Niels and Rother, Carsten and K{\"o}the, Ullrich},
  booktitle={Pattern Recognition: 42nd DAGM German Conference, DAGM GCPR 2020, T{\"u}bingen, Germany, September 28--October 1, 2020, Proceedings 42},
  pages={373--387},
  year={2021},
  organization={Springer}
}

@inproceedings{das2018shield,
  title={Shield: Fast, practical defense and vaccination for deep learning using jpeg compression},
  author={Das, Nilaksh and Shanbhogue, Madhuri and Chen, Shang-Tse and Hohman, Fred and Li, Siwei and Chen, Li and Kounavis, Michael E and Chau, Duen Horng},
  booktitle={Proceedings of the 24th ACM SIGKDD International Conference on Knowledge Discovery \& Data Mining},
  pages={196--204},
  year={2018}
}

@inproceedings{zhang2019theoretically,
  title={Theoretically principled trade-off between robustness and accuracy},
  author={Zhang, Hongyang and Yu, Yaodong and Jiao, Jiantao and Xing, Eric and El Ghaoui, Laurent and Jordan, Michael},
  booktitle={International conference on machine learning},
  pages={7472--7482},
  year={2019},
  organization={PMLR}
}

@article{yan2023wavelet,
  title={Wavelet regularization benefits adversarial training},
  author={Yan, Jun and Yin, Huilin and Zhao, Ziming and Ge, Wancheng and Zhang, Hao and Rigoll, Gerhard},
  journal={Information Sciences},
  volume={649},
  pages={119650},
  year={2023},
  publisher={Elsevier}
}

@inproceedings{chen2023imperceptible,
  title={Imperceptible adversarial attack via invertible neural networks},
  author={Chen, Zihan and Wang, Ziyue and Huang, Jun-Jie and Zhao, Wentao and Liu, Xiao and Guan, Dejian},
  booktitle={Proceedings of the AAAI Conference on Artificial Intelligence},
  volume={37},
  number={1},
  pages={414--424},
  year={2023}
}

@inproceedings{lu2021large,
  title={Large-capacity image steganography based on invertible neural networks},
  author={Lu, Shao-Ping and Wang, Rong and Zhong, Tao and Rosin, Paul L},
  booktitle={Proceedings of the IEEE/CVF conference on computer vision and pattern recognition},
  pages={10816--10825},
  year={2021}
}


@inproceedings{li2022detecting,
  title={Detecting stealthy cyberattacks on automated vehicles via generative adversarial networks},
  author={Li, Tianyi and Shang, Mingfeng and Wang, Shian and Filippelli, Matthew and Stern, Raphael},
  booktitle={2022 IEEE 25th International Conference on Intelligent Transportation Systems (ITSC)},
  pages={3632--3637},
  year={2022},
  organization={IEEE}
}

@article{heusel2017gans,
  title={Gans trained by a two time-scale update rule converge to a local nash equilibrium},
  author={Heusel, Martin and Ramsauer, Hubert and Unterthiner, Thomas and Nessler, Bernhard and Hochreiter, Sepp},
  journal={Advances in neural information processing systems},
  volume={30},
  year={2017}
}

@article{cai2024adversarial,
  title={Adversarial Stress Test for Autonomous Vehicle Via Series Reinforcement Learning Tasks With Reward Shaping},
  author={Cai, Xuan and Bai, Xuesong and Cui, Zhiyong and Hang, Peng and Yu, Haiyang and Ren, Yilong},
  journal={IEEE Transactions on Intelligent Vehicles},
  year={2024},
  publisher={IEEE}
}

@article{huang2022practical,
  title={Practical Obstacle-Overcoming Robot with a Heterogeneous Sensing System: Design and Experiments},
  author={Huang, Yuanhao and Meng, Ruifeng and Yu, Jingyang and Zhao, Ziqi and Zhang, Xinyu},
  journal={Machines},
  volume={10},
  number={5},
  pages={289},
  year={2022},
  publisher={MDPI}
}