@ARTICLE{EM,
  author={Zhang, Kangkang and Gonzalez, Ruben and Huang, Biao and Ji, Guoli},
  journal={IEEE Transactions on Industrial Electronics}, 
  title={Expectation–Maximization Approach to Fault Diagnosis With Missing Data}, 
  year={2015},
  volume={62},
  number={2},
  pages={1231-1240},
  keywords={Integrated circuits;Monitoring;Bayes methods;Vectors;Training data;Sensors;Data models;Data-driven approach;expectation–maximization (EM) algorithm;fault diagnosis;missing data},
  doi={10.1109/TIE.2014.2336635}}

@ARTICLE{LRMC,
  author={Gao, Pengzhi and Wang, Meng and Ghiocel, Scott G. and Chow, Joe H. and Fardanesh, Bruce and Stefopoulos, George},
  journal={IEEE Transactions on Power Systems}, 
  title={Missing Data Recovery by Exploiting Low-Dimensionality in Power System Synchrophasor Measurements}, 
  year={2016},
  volume={31},
  number={2},
  pages={1006-1013},
  keywords={Phasor measurement units;Correlation;Power systems;Analytical models;Current measurement;Power measurement;Voltage measurement;Event detection;low rank;matrix completion;missing data;phasor measurement unit},
  doi={10.1109/TPWRS.2015.2413935}}

@inproceedings{ST-MVL,
author = {Yi, Xiuwen and Zheng, Yu and Zhang, Junbo and Li, Tianrui},
title = {ST-MVL: filling missing values in geo-sensory time series data},
year = {2016},
isbn = {9781577357704},
publisher = {AAAI Press},
booktitle = {Proceedings of the Twenty-Fifth International Joint Conference on Artificial Intelligence},
pages = {2704–2710},
numpages = {7},
location = {New York, New York, USA},
series = {IJCAI'16}
}

@article{adhikari2022comprehensive,
  title={A comprehensive survey on imputation of missing data in internet of things},
  author={Adhikari, Deepak and Jiang, Wei and Zhan, Jinyu and He, Zhiyuan and Rawat, Danda B and Aickelin, Uwe and Khorshidi, Hadi A},
  journal={ACM Computing Surveys},
  volume={55},
  number={7},
  pages={1--38},
  year={2022},
  publisher={ACM New York, NY}
}

@article{ansari2024chronos,
  title={Chronos: Learning the language of time series},
  author={Ansari, Abdul Fatir and Stella, Lorenzo and Turkmen, Caner and Zhang, Xiyuan and Mercado, Pedro and Shen, Huibin and Shchur, Oleksandr and Rangapuram, Syama Sundar and Arango, Sebastian Pineda and Kapoor, Shubham and others},
  journal={arXiv preprint arXiv:2403.07815},
  year={2024}
}

@article{ensemble,
title = {Ensemble correlation-based low-rank matrix completion with applications to traffic data imputation},
journal = {Knowledge-Based Systems},
volume = {132},
pages = {249-262},
year = {2017},
issn = {0950-7051},
doi = {https://doi.org/10.1016/j.knosys.2017.06.010},
url = {https://www.sciencedirect.com/science/article/pii/S0950705117302848},
author = {Xiaobo Chen and Zhongjie Wei and Zuoyong Li and Jun Liang and Yingfeng Cai and Bob Zhang},
}

@article{kim2021continuous,
  title={Continuous-Time Video Generation via Learning Motion Dynamics with Neural ODE},
  author={Kim, Kangyeol and Park, Sunghyun and Lee, Junsoo and Lee, Joonseok and Kim, Sookyung and Choo, Jaegul and Choi, Edward},
  journal={arXiv preprint arXiv:2112.10960},
  year={2021}
}

@inproceedings{knn,
author = {Kiani, Kanwal and Saleem, Khalid},
title = {K-Nearest Temperature Trends: A Method for Weather Temperature Data Imputation},
year = {2017},
isbn = {9781450348331},
publisher = {Association for Computing Machinery},
address = {New York, NY, USA},
url = {https://doi.org/10.1145/3077584.3077592},
doi = {10.1145/3077584.3077592},
booktitle = {Proceedings of the 2017 International Conference on Information System and Data Mining},
pages = {23–27},
numpages = {5},
keywords = {Weather Temperature, K-Nearest Trends, Imputation, Clustering, Climatology},
location = {Charleston, SC, USA},
series = {ICISDM '17}
}

@article{nirmal2024wifi2radar,
  title={WiFi2Radar: Orientation Independent Single Receiver WiFi Sensing via WiFi to Radar Translation},
  author={Nirmal, Isura and Khamis, Abdelwahed and Hassan, Mahbub and Hu, Wen and Li, Rui and Kalyanaraman, Avinash},
  journal={IEEE Internet of Things Journal},
  year={2024},
  publisher={IEEE}
}

@inproceedings{park2021vid,
  title={Vid-ode: Continuous-time video generation with neural ordinary differential equation},
  author={Park, Sunghyun and Kim, Kangyeol and Lee, Junsoo and Choo, Jaegul and Lee, Joonseok and Kim, Sookyung and Choi, Edward},
  booktitle={Proceedings of the AAAI Conference on Artificial Intelligence},
  volume={35},
  pages={2412--2422},
  year={2021}
}

@article{shahbazian2023generative,
  title={Generative Adversarial Networks Assist Missing Data Imputation: A Comprehensive Survey \& Evaluation},
  author={Shahbazian, Reza and Greco, Sergio},
  journal={IEEE Access},
  year={2023},
  publisher={IEEE}
}

@article{sun2023deep,
  title={Deep learning versus conventional methods for missing data imputation: A review and comparative study},
  author={Sun, Yige and Li, Jing and Xu, Yifan and Zhang, Tingting and Wang, Xiaofeng},
  journal={Expert Systems with Applications},
  pages={120201},
  year={2023},
  publisher={Elsevier}
}

@article{tensor,
title = {Traffic data imputation via tensor completion based on soft thresholding of Tucker core},
journal = {Transportation Research Part C: Emerging Technologies},
volume = {85},
pages = {348-362},
year = {2017},
issn = {0968-090X},
doi = {https://doi.org/10.1016/j.trc.2017.09.011},
url = {https://www.sciencedirect.com/science/article/pii/S0968090X17302516},
author = {J.H. de M. Goulart and A.Y. Kibangou and G. Favier},
}

@ARTICLE{tensor2,
  author={Asif, Muhammad Tayyab and Mitrovic, Nikola and Dauwels, Justin and Jaillet, Patrick},
  journal={IEEE Transactions on Intelligent Transportation Systems}, 
  title={Matrix and Tensor Based Methods for Missing Data Estimation in Large Traffic Networks}, 
  year={2016},
  volume={17},
  number={7},
  pages={1816-1825},
  keywords={Roads;Tensile stress;Estimation;Principal component analysis;Sensors;Matrix decomposition;Missing data estimation;low-dimensional models;Missing data estimation;low-dimensional models},
  doi={10.1109/TITS.2015.2507259}}

@article{wang2024deep,
  title={Deep Learning for Multivariate Time Series Imputation: A Survey},
  author={Wang, Jun and Du, Wenjie and Cao, Wei and Zhang, Keli and Wang, Wenjia and Liang, Yuxuan and Wen, Qingsong},
  journal={arXiv preprint arXiv:2402.04059},
  year={2024}
}

