@article{chen2018neural,
  title={Neural ordinary differential equations},
  author={Chen, Ricky TQ and Rubanova, Yulia and Bettencourt, Jesse and Duvenaud, David K},
  journal={Advances in neural information processing systems},
  volume={31},
  year={2018}
}


@article{rubanova2019latent,
  title={Latent ordinary differential equations for irregularly-sampled time series},
  author={Rubanova, Yulia and Chen, Ricky TQ and Duvenaud, David K},
  journal={Advances in neural information processing systems},
  volume={32},
  year={2019}
}

@inproceedings{wang2019progressive,
  title={Progressive teacher-student learning for early action prediction},
  author={Wang, Xionghui and Hu, Jian-Fang and Lai, Jian-Huang and Zhang, Jianguo and Zheng, Wei-Shi},
  booktitle={Proceedings of the IEEE/CVF Conference on Computer Vision and Pattern Recognition},
  pages={3556--3565},
  year={2019}
}


@inproceedings{kong2017deep,
  title={Deep sequential context networks for action prediction},
  author={Kong, Yu and Tao, Zhiqiang and Fu, Yun},
  booktitle={Proceedings of the IEEE conference on computer vision and pattern recognition},
  pages={1473--1481},
  year={2017}
}


@article{shen2024ladder,
  title={LADDER: An Efficient Framework for Video Frame Interpolation},
  author={Shen, Tong and Li, Dong and Gao, Ziheng and Tian, Lu and Barsoum, Emad},
  journal={arXiv preprint arXiv:2404.11108},
  year={2024}
}

@article{lu2020deep,
  title={Deep object tracking with shrinkage loss},
  author={Lu, Xiankai and Ma, Chao and Shen, Jianbing and Yang, Xiaokang and Reid, Ian and Yang, Ming-Hsuan},
  journal={IEEE transactions on pattern analysis and machine intelligence},
  volume={44},
  number={5},
  pages={2386--2401},
  year={2020},
  publisher={IEEE}
}

@inproceedings{lin2017focal,
  title={Focal loss for dense object detection},
  author={Lin, Tsung-Yi and Goyal, Priya and Girshick, Ross and He, Kaiming and Doll{\'a}r, Piotr},
  booktitle={Proceedings of the IEEE international conference on computer vision},
  pages={2980--2988},
  year={2017}
}


@inproceedings{luo2021intelligent,
  title={Intelligent carpet: Inferring 3d human pose from tactile signals},
  author={Luo, Yiyue and Li, Yunzhu and Foshey, Michael and Shou, Wan and Sharma, Pratyusha and Palacios, Tom{\'a}s and Torralba, Antonio and Matusik, Wojciech},
  booktitle={Proceedings of the IEEE/CVF conference on computer vision and pattern recognition},
  pages={11255--11265},
  year={2021}
}


@inproceedings{vcopivc2019missing,
  title={The missing interface: micro-gestures on augmented objects},
  author={{\v{C}}opi{\v{c}} Pucihar, Klen and Sandor, Christian and Kljun, Matja{\v{z}} and Huerst, Wolfgang and Plopski, Alexander and Taketomi, Takafumi and Kato, Hirokazu and Leiva, Luis A},
  booktitle={Extended Abstracts of the 2019 CHI Conference on Human Factors in Computing Systems},
  pages={1--6},
  year={2019}
}

@inproceedings{wang2016interacting,
  title={Interacting with soli: Exploring fine-grained dynamic gesture recognition in the radio-frequency spectrum},
  author={Wang, Saiwen and Song, Jie and Lien, Jaime and Poupyrev, Ivan and Hilliges, Otmar},
  booktitle={Proceedings of the 29th annual symposium on user interface software and technology},
  pages={851--860},
  year={2016}
}

@article{vcopivc2022solids,
  title={Solids on soli: Millimetre-wave radar sensing through materials},
  author={{\v{C}}opi{\v{c}} Pucihar, Klen and Attygalle, Nuwan T and Kljun, Matjaz and Sandor, Christian and Leiva, Luis A},
  journal={Proceedings of the ACM on Human-Computer Interaction},
  volume={6},
  number={EICS},
  pages={1--19},
  year={2022},
  publisher={ACM New York, NY, USA}
}


@article{li2022towards,
  title={Towards domain-independent and real-time gesture recognition using mmwave signal},
  author={Li, Yadong and Zhang, Dongheng and Chen, Jinbo and Wan, Jinwei and Zhang, Dong and Hu, Yang and Sun, Qibin and Chen, Yan},
  journal={IEEE Transactions on Mobile Computing},
  year={2022},
  publisher={IEEE}
}


@article{wang2004image,
  title={Image quality assessment: from error visibility to structural similarity},
  author={Wang, Zhou and Bovik, Alan C and Sheikh, Hamid R and Simoncelli, Eero P},
  journal={IEEE transactions on image processing},
  volume={13},
  number={4},
  pages={600--612},
  year={2004},
  publisher={IEEE}
}


@inproceedings{zhang2018unreasonable,
  title={The unreasonable effectiveness of deep features as a perceptual metric},
  author={Zhang, Richard and Isola, Phillip and Efros, Alexei A and Shechtman, Eli and Wang, Oliver},
  booktitle={Proceedings of the IEEE conference on computer vision and pattern recognition},
  pages={586--595},
  year={2018}
}

@article{kanaa2021simple,
  title={Simple video generation using neural odes},
  author={Kanaa, David and Voleti, Vikram and Kahou, Samira Ebrahimi and Pal, Christopher},
  journal={arXiv preprint arXiv:2109.03292},
  year={2021}
}

@inproceedings{park2021vid,
  title={Vid-ode: Continuous-time video generation with neural ordinary differential equation},
  author={Park, Sunghyun and Kim, Kangyeol and Lee, Junsoo and Choo, Jaegul and Lee, Joonseok and Kim, Sookyung and Choi, Edward},
  booktitle={Proceedings of the AAAI Conference on Artificial Intelligence},
  volume={35},
  pages={2412--2422},
  year={2021}
}


@article{kim2021continuous,
  title={Continuous-Time Video Generation via Learning Motion Dynamics with Neural ODE},
  author={Kim, Kangyeol and Park, Sunghyun and Lee, Junsoo and Lee, Joonseok and Kim, Sookyung and Choo, Jaegul and Choi, Edward},
  journal={arXiv preprint arXiv:2112.10960},
  year={2021}
}


@article{shahbazian2023generative,
  title={Generative Adversarial Networks Assist Missing Data Imputation: A Comprehensive Survey \& Evaluation},
  author={Shahbazian, Reza and Greco, Sergio},
  journal={IEEE Access},
  year={2023},
  publisher={IEEE}
}


@article{adhikari2022comprehensive,
  title={A comprehensive survey on imputation of missing data in internet of things},
  author={Adhikari, Deepak and Jiang, Wei and Zhan, Jinyu and He, Zhiyuan and Rawat, Danda B and Aickelin, Uwe and Khorshidi, Hadi A},
  journal={ACM Computing Surveys},
  volume={55},
  number={7},
  pages={1--38},
  year={2022},
  publisher={ACM New York, NY}
}


@article{sun2023deep,
  title={Deep learning versus conventional methods for missing data imputation: A review and comparative study},
  author={Sun, Yige and Li, Jing and Xu, Yifan and Zhang, Tingting and Wang, Xiaofeng},
  journal={Expert Systems with Applications},
  pages={120201},
  year={2023},
  publisher={Elsevier}
}

@article{wang2024deep,
  title={Deep Learning for Multivariate Time Series Imputation: A Survey},
  author={Wang, Jun and Du, Wenjie and Cao, Wei and Zhang, Keli and Wang, Wenjia and Liang, Yuxuan and Wen, Qingsong},
  journal={arXiv preprint arXiv:2402.04059},
  year={2024}
}

@article{gao2022generative,
  title={Generative adversarial networks for spatio-temporal data: A survey},
  author={Gao, Nan and Xue, Hao and Shao, Wei and Zhao, Sichen and Qin, Kyle Kai and Prabowo, Arian and Rahaman, Mohammad Saiedur and Salim, Flora D},
  journal={ACM Transactions on Intelligent Systems and Technology (TIST)},
  volume={13},
  number={2},
  pages={1--25},
  year={2022},
  publisher={ACM New York, NY}
}

@article{yuan2022stgan,
  title={STGAN: Spatio-temporal generative adversarial network for traffic data imputation},
  author={Yuan, Ye and Zhang, Yong and Wang, Boyue and Peng, Yuan and Hu, Yongli and Yin, Baocai},
  journal={IEEE Transactions on Big Data},
  volume={9},
  number={1},
  pages={200--211},
  year={2022},
  publisher={IEEE}
}

@article{pourpanah2022review,
  title={A review of generalized zero-shot learning methods},
  author={Pourpanah, Farhad and Abdar, Moloud and Luo, Yuxuan and Zhou, Xinlei and Wang, Ran and Lim, Chee Peng and Wang, Xi-Zhao and Wu, QM Jonathan},
  journal={IEEE transactions on pattern analysis and machine intelligence},
  volume={45},
  number={4},
  pages={4051--4070},
  year={2022},
  publisher={IEEE}
}


@article{nirmal2024wifi2radar,
  title={WiFi2Radar: Orientation Independent Single Receiver WiFi Sensing via WiFi to Radar Translation},
  author={Nirmal, Isura and Khamis, Abdelwahed and Hassan, Mahbub and Hu, Wen and Li, Rui and Kalyanaraman, Avinash},
  journal={IEEE Internet of Things Journal},
  year={2024},
  publisher={IEEE}
}


@article{rajkomar2018scalable,
  title={Scalable and accurate deep learning with electronic health records},
  author={Rajkomar, Alvin and Oren, Eyal and Chen, Kai and Dai, Andrew M and Hajaj, Nissan and Hardt, Michaela and Liu, Peter J and Liu, Xiaobing and Marcus, Jake and Sun, Mimi and others},
  journal={NPJ digital medicine},
  volume={1},
  number={1},
  pages={1--10},
  year={2018},
  publisher={Nature Publishing Group}
}


@inproceedings{knn,
author = {Kiani, Kanwal and Saleem, Khalid},
title = {K-Nearest Temperature Trends: A Method for Weather Temperature Data Imputation},
year = {2017},
isbn = {9781450348331},
publisher = {Association for Computing Machinery},
address = {New York, NY, USA},
url = {https://doi.org/10.1145/3077584.3077592},
doi = {10.1145/3077584.3077592},
booktitle = {Proceedings of the 2017 International Conference on Information System and Data Mining},
pages = {23–27},
numpages = {5},
keywords = {Weather Temperature, K-Nearest Trends, Imputation, Clustering, Climatology},
location = {Charleston, SC, USA},
series = {ICISDM '17}
}

@ARTICLE{EM,
  author={Zhang, Kangkang and Gonzalez, Ruben and Huang, Biao and Ji, Guoli},
  journal={IEEE Transactions on Industrial Electronics}, 
  title={Expectation–Maximization Approach to Fault Diagnosis With Missing Data}, 
  year={2015},
  volume={62},
  number={2},
  pages={1231-1240},
  keywords={Integrated circuits;Monitoring;Bayes methods;Vectors;Training data;Sensors;Data models;Data-driven approach;expectation–maximization (EM) algorithm;fault diagnosis;missing data},
  doi={10.1109/TIE.2014.2336635}}

@inproceedings{ST-MVL,
author = {Yi, Xiuwen and Zheng, Yu and Zhang, Junbo and Li, Tianrui},
title = {ST-MVL: filling missing values in geo-sensory time series data},
year = {2016},
isbn = {9781577357704},
publisher = {AAAI Press},
booktitle = {Proceedings of the Twenty-Fifth International Joint Conference on Artificial Intelligence},
pages = {2704–2710},
numpages = {7},
location = {New York, New York, USA},
series = {IJCAI'16}
}

@ARTICLE{LRMC,
  author={Gao, Pengzhi and Wang, Meng and Ghiocel, Scott G. and Chow, Joe H. and Fardanesh, Bruce and Stefopoulos, George},
  journal={IEEE Transactions on Power Systems}, 
  title={Missing Data Recovery by Exploiting Low-Dimensionality in Power System Synchrophasor Measurements}, 
  year={2016},
  volume={31},
  number={2},
  pages={1006-1013},
  keywords={Phasor measurement units;Correlation;Power systems;Analytical models;Current measurement;Power measurement;Voltage measurement;Event detection;low rank;matrix completion;missing data;phasor measurement unit},
  doi={10.1109/TPWRS.2015.2413935}}


@article{ensemble,
title = {Ensemble correlation-based low-rank matrix completion with applications to traffic data imputation},
journal = {Knowledge-Based Systems},
volume = {132},
pages = {249-262},
year = {2017},
issn = {0950-7051},
doi = {https://doi.org/10.1016/j.knosys.2017.06.010},
url = {https://www.sciencedirect.com/science/article/pii/S0950705117302848},
author = {Xiaobo Chen and Zhongjie Wei and Zuoyong Li and Jun Liang and Yingfeng Cai and Bob Zhang},
}

@article{tensor,
title = {Traffic data imputation via tensor completion based on soft thresholding of Tucker core},
journal = {Transportation Research Part C: Emerging Technologies},
volume = {85},
pages = {348-362},
year = {2017},
issn = {0968-090X},
doi = {https://doi.org/10.1016/j.trc.2017.09.011},
url = {https://www.sciencedirect.com/science/article/pii/S0968090X17302516},
author = {J.H. de M. Goulart and A.Y. Kibangou and G. Favier},
}

@ARTICLE{tensor2,
  author={Asif, Muhammad Tayyab and Mitrovic, Nikola and Dauwels, Justin and Jaillet, Patrick},
  journal={IEEE Transactions on Intelligent Transportation Systems}, 
  title={Matrix and Tensor Based Methods for Missing Data Estimation in Large Traffic Networks}, 
  year={2016},
  volume={17},
  number={7},
  pages={1816-1825},
  keywords={Roads;Tensile stress;Estimation;Principal component analysis;Sensors;Matrix decomposition;Missing data estimation;low-dimensional models;Missing data estimation;low-dimensional models},
  doi={10.1109/TITS.2015.2507259}}



@article{wang2022placement,
  title={Placement matters: Understanding the effects of device placement for WiFi sensing},
  author={Wang, Xuanzhi and Niu, Kai and Xiong, Jie and Qian, Bochong and Yao, Zhiyun and Lou, Tairong and Zhang, Daqing},
  journal={Proceedings of the ACM on Interactive, Mobile, Wearable and Ubiquitous Technologies},
  volume={6},
  number={1},
  pages={1--25},
  year={2022},
  publisher={ACM New York, NY, USA}
}


@inproceedings{zheng2019zero,
  title={Zero-effort cross-domain gesture recognition with Wi-Fi},
  author={Zheng, Yue and Zhang, Yi and Qian, Kun and Zhang, Guidong and Liu, Yunhao and Wu, Chenshu and Yang, Zheng},
  booktitle={Proceedings of the 17th annual international conference on mobile systems, applications, and services},
  pages={313--325},
  year={2019}
}


@article{cheng2024survey,
  title={A survey on deep neural network pruning: Taxonomy, comparison, analysis, and recommendations},
  author={Cheng, Hongrong and Zhang, Miao and Shi, Javen Qinfeng},
  journal={IEEE Transactions on Pattern Analysis and Machine Intelligence},
  year={2024},
  publisher={IEEE}
}


@article{kang2024sf,
  title={SF-Adapter: Computational-Efficient Source-Free Domain Adaptation for Human Activity Recognition},
  author={Kang, Hua and Hu, Qingyong and Zhang, Qian},
  journal={Proceedings of the ACM on Interactive, Mobile, Wearable and Ubiquitous Technologies},
  volume={7},
  number={4},
  pages={1--23},
  year={2024},
  publisher={ACM New York, NY, USA}
}


@article{nirmal2021deep,
  title={Deep learning for radio-based human sensing: Recent advances and future directions},
  author={Nirmal, Isura and Khamis, Abdelwahed and Hassan, Mahbub and Hu, Wen and Zhu, Xiaoqing},
  journal={IEEE Communications Surveys \& Tutorials},
  volume={23},
  number={2},
  pages={995--1019},
  year={2021},
  publisher={IEEE}
}


@article{khamis2023earth,
  title={Earth movers in the big data era: A review of optimal transport in machine learning},
  author={Khamis, Abdelwahed and Russell Tsuchida, Mohamed Tarek and Rolland, Vivien and Petersson, Lars},
  journal={arXiv preprint arXiv:2305.05080},
  volume={3},
  year={2023}
}


@inproceedings{yu2022deep,
  title={Deep bayesian video frame interpolation},
  author={Yu, Zhiyang and Zhang, Yu and Xiang, Xujie and Zou, Dongqing and Chen, Xijun and Ren, Jimmy S},
  booktitle={European Conference on Computer Vision},
  pages={144--160},
  year={2022},
  organization={Springer}
}



%% references in shepherding

@article{ansari2024chronos,
  title={Chronos: Learning the language of time series},
  author={Ansari, Abdul Fatir and Stella, Lorenzo and Turkmen, Caner and Zhang, Xiyuan and Mercado, Pedro and Shen, Huibin and Shchur, Oleksandr and Rangapuram, Syama Sundar and Arango, Sebastian Pineda and Kapoor, Shubham and others},
  journal={arXiv preprint arXiv:2403.07815},
  year={2024}
}


@article{du2024tsi,
  title={Tsi-bench: Benchmarking time series imputation},
  author={Du, Wenjie and Wang, Jun and Qian, Linglong and Yang, Yiyuan and Ibrahim, Zina and Liu, Fanxing and Wang, Zepu and Liu, Haoxin and Zhao, Zhiyuan and Zhou, Yingjie and others},
  journal={arXiv preprint arXiv:2406.12747},
  year={2024}
}


@article{dempster1977maximum,
  title={Maximum likelihood from incomplete data via the EM algorithm},
  author={Dempster, Arthur P and Laird, Nan M and Rubin, Donald B},
  journal={Journal of the royal statistical society: series B (methodological)},
  volume={39},
  number={1},
  pages={1--22},
  year={1977},
  publisher={Wiley Online Library}
}

@article{ma2020transfer,
  title={Transfer learning for long-interval consecutive missing values imputation without external features in air pollution time series},
  author={Ma, Jun and Cheng, Jack CP and Ding, Yuexiong and Lin, Changqing and Jiang, Feifeng and Wang, Mingzhu and Zhai, Chong},
  journal={Advanced Engineering Informatics},
  volume={44},
  pages={101092},
  year={2020},
  publisher={Elsevier}
}

@article{horn1981determining,
  title={Determining optical flow},
  author={Horn, Berthold KP and Schunck, Brian G},
  journal={Artificial intelligence},
  volume={17},
  number={1-3},
  pages={185--203},
  year={1981},
  publisher={Elsevier}
}

@article{ballas2015delving,
  title={Delving deeper into convolutional networks for learning video representations},
  author={Ballas, Nicolas and Yao, Li and Pal, Chris and Courville, Aaron},
  journal={arXiv preprint arXiv:1511.06432},
  year={2015}
}


@article{ma2021emflow,
  title={EMFlow: Data imputation in latent space via em and deep flow models},
  author={Ma, Qi and Ghosh, Sujit K},
  journal={arXiv preprint arXiv:2106.04804},
  year={2021}
}

@inproceedings{richardson2020mcflow,
  title={Mcflow: Monte carlo flow models for data imputation},
  author={Richardson, Trevor W and Wu, Wencheng and Lin, Lei and Xu, Beilei and Bernal, Edgar A},
  booktitle={Proceedings of the IEEE/CVF conference on computer vision and pattern recognition},
  pages={14205--14214},
  year={2020}
}


@article{Goyal2023,
  author = {Pawan Goyal and Peter Benner},
  title = {Neural ordinary differential equations with irregular and noisy data},
  journal = {R. Soc. Open Sci.},
  year = {2023},
  volume = {10},
  pages = {221475},
  doi = {10.1098/rsos.221475}
}

@inproceedings{goyallearning,
  title={Learning Dynamics from Noisy Measurements using Deep Learning with a Runge-Kutta Constraint},
  author={Goyal, Pawan and Benner, Peter},
  booktitle={The Symbiosis of Deep Learning and Differential Equations}, 
  year = {2021},
}

@article{qian2024unveiling,
  title={Unveiling the Secrets: How Masking Strategies Shape Time Series Imputation},
  author={Qian, Linglong and Ibrahim, Zina and Du, Wenjie and Yang, Yiyuan and Dobson, Richard JB},
  journal={arXiv preprint arXiv:2405.17508},
  year={2024}
}