@String(PAMI = {IEEE Trans. Pattern Anal. Mach. Intell.})
@String(IJCV = {Int. J. Comput. Vis.})
@String(CVPR= {IEEE Conf. Comput. Vis. Pattern Recog.})
@String(ICCV= {Int. Conf. Comput. Vis.})
@String(ECCV= {Eur. Conf. Comput. Vis.})
@String(NIPS= {Adv. Neural Inform. Process. Syst.})
@String(ICPR = {Int. Conf. Pattern Recog.})
@String(BMVC= {Brit. Mach. Vis. Conf.})
@String(TOG= {ACM Trans. Graph.})
@String(TIP  = {IEEE Trans. Image Process.})
@String(TVCG  = {IEEE Trans. Vis. Comput. Graph.})
@String(TMM  = {IEEE Trans. Multimedia})
@String(ACMMM= {ACM Int. Conf. Multimedia})
@String(ICME = {Int. Conf. Multimedia and Expo})
@String(ICASSP=	{ICASSP})
@String(ICIP = {IEEE Int. Conf. Image Process.})
@String(ACCV  = {ACCV})
@String(ICLR = {Int. Conf. Learn. Represent.})
@String(IJCAI = {IJCAI})
@String(PR   = {Pattern Recognition})
@String(AAAI = {AAAI})
@String(CVPRW= {IEEE Conf. Comput. Vis. Pattern Recog. Worksh.})
@String(CSVT = {IEEE Trans. Circuit Syst. Video Technol.})

@String(SPL	= {IEEE Sign. Process. Letters})
@String(VR   = {Vis. Res.})
@String(JOV	 = {J. Vis.})
@String(TVC  = {The Vis. Comput.})
@String(JCST  = {J. Comput. Sci. Tech.})
@String(CGF  = {Comput. Graph. Forum})
@String(CVM = {Computational Visual Media})


@String(PAMI  = {IEEE TPAMI})
@String(IJCV  = {IJCV})
@String(CVPR  = {CVPR})
@String(ICCV  = {ICCV})
@String(ECCV  = {ECCV})
@String(NIPS  = {NeurIPS})
@String(ICPR  = {ICPR})
@String(BMVC  =	{BMVC})
@String(TOG   = {ACM TOG})
@String(TIP   = {IEEE TIP})
@String(TVCG  = {IEEE TVCG})
@String(TCSVT = {IEEE TCSVT})
@String(TMM   =	{IEEE TMM})
@String(ACMMM = {ACM MM})
@String(ICME  =	{ICME})
@String(ICASSP=	{ICASSP})
@String(ICIP  = {ICIP})
@String(ACCV  = {ACCV})
@String(ICLR  = {ICLR})
@String(IJCAI = {IJCAI})
@String(PR = {PR})
@String(AAAI = {AAAI})
@String(CVPRW= {CVPRW})
@String(CSVT = {IEEE TCSVT})



@inproceedings{fang2015captions,
  title={From captions to visual concepts and back},
  author={Fang, Hao and Gupta, Saurabh and Iandola, Forrest and Srivastava, Rupesh K and Deng, Li and Doll{\'a}r, Piotr and Gao, Jianfeng and He, Xiaodong and Mitchell, Margaret and Platt, John C and others},
  booktitle={Proceedings of the IEEE conference on computer vision and pattern recognition},
  pages={1473--1482},
  year={2015}
}

@article{xu2015show,
  title={Show, attend and tell: Neural image caption generation with visual attention},
  author={Xu, Kelvin},
  journal={arXiv preprint arXiv:1502.03044},
  year={2015}
}

@article{mscoco,
  title={Microsoft coco captions: Data collection and evaluation server},
  author={Chen, Xinlei and Fang, Hao and Lin, Tsung-Yi and Vedantam, Ramakrishna and Gupta, Saurabh and Doll{\'a}r, Piotr and Zitnick, C Lawrence},
  journal={arXiv preprint arXiv:1504.00325},
  year={2015}
}

@inproceedings{nocaps,
  title={Nocaps: Novel object captioning at scale},
  author={Agrawal, Harsh and Desai, Karan and Wang, Yufei and Chen, Xinlei and Jain, Rishabh and Johnson, Mark and Batra, Dhruv and Parikh, Devi and Lee, Stefan and Anderson, Peter},
  booktitle={Proceedings of the IEEE/CVF international conference on computer vision},
  pages={8948--8957},
  year={2019}
}

@inproceedings{msrvtt,
  title={Msr-vtt: A large video description dataset for bridging video and language},
  author={Xu, Jun and Mei, Tao and Yao, Ting and Rui, Yong},
  booktitle={Proceedings of the IEEE conference on computer vision and pattern recognition},
  pages={5288--5296},
  year={2016}
}

@inproceedings{vatex,
  title={Vatex: A large-scale, high-quality multilingual dataset for video-and-language research},
  author={Wang, Xin and Wu, Jiawei and Chen, Junkun and Li, Lei and Wang, Yuan-Fang and Wang, William Yang},
  booktitle={Proceedings of the IEEE/CVF international conference on computer vision},
  pages={4581--4591},
  year={2019}
}

@inproceedings{papinesi2002bleu,
  title={Bleu: A method for automatic evaluation of machine translation},
  author={Papinesi, K},
  booktitle={Proc. 40th Actual Meeting of the Association for Computational Linguistics (ACL), 2002},
  pages={311--318},
  year={2002}
}

@inproceedings{vedantam2015cider,
  title={Cider: Consensus-based image description evaluation},
  author={Vedantam, Ramakrishna and Lawrence Zitnick, C and Parikh, Devi},
  booktitle={Proceedings of the IEEE conference on computer vision and pattern recognition},
  pages={4566--4575},
  year={2015}
}

@inproceedings{banerjee2005meteor,
  title={METEOR: An automatic metric for MT evaluation with improved correlation with human judgments},
  author={Banerjee, Satanjeev and Lavie, Alon},
  booktitle={Proceedings of the acl workshop on intrinsic and extrinsic evaluation measures for machine translation and/or summarization},
  pages={65--72},
  year={2005}
}

@article{detailcaps,
  title={Benchmarking and Improving Detail Image Caption},
  author={Dong, Hongyuan and Li, Jiawen and Wu, Bohong and Wang, Jiacong and Zhang, Yuan and Guo, Haoyuan},
  journal={arXiv preprint arXiv:2405.19092},
  year={2024}
}

@article{comprecap,
  title={Benchmarking Large Vision-Language Models via Directed Scene Graph for Comprehensive Image Captioning},
  author={Lu, Fan and Wu, Wei and Zheng, Kecheng and Ma, Shuailei and Gong, Biao and Liu, Jiawei and Zhai, Wei and Cao, Yang and Shen, Yujun and Zha, Zheng-Jun},
  journal={arXiv preprint arXiv:2412.08614},
  year={2024}
}

@article{dream1k,
  title={Tarsier: Recipes for training and evaluating large video description models},
  author={Wang, Jiawei and Yuan, Liping and Zhang, Yuchen and Sun, Haomiao},
  journal={arXiv preprint arXiv:2407.00634},
  year={2024}
}

@article{auroracap,
  title={AuroraCap: Efficient, Performant Video Detailed Captioning and a New Benchmark},
  author={Chai, Wenhao and Song, Enxin and Du, Yilun and Meng, Chenlin and Madhavan, Vashisht and Bar-Tal, Omer and Hwang, Jeng-Neng and Xie, Saining and Manning, Christopher D},
  journal={arXiv preprint arXiv:2410.03051},
  year={2024}
}

@article{llava,
  title={Visual instruction tuning},
  author={Liu, Haotian and Li, Chunyuan and Wu, Qingyang and Lee, Yong Jae},
  journal={NeurIPS},
  volume={36},
  year={2023}
}

@inproceedings{llava1.5,
  title={Improved baselines with visual instruction tuning},
  author={Liu, Haotian and Li, Chunyuan and Li, Yuheng and Lee, Yong Jae},
  booktitle={CVPR},
  pages={26296--26306},
  year={2024}
}

@misc{llavanext,
    title={LLaVA-NeXT: Improved reasoning, OCR, and world knowledge},
    howpublished={\url{https://llava-vl.github.io/blog/2024-01-30-llava-next/}},
    author={Liu, Haotian and Li, Chunyuan and Li, Yuheng and Li, Bo and Zhang, Yuanhan and Shen, Sheng and Lee, Yong Jae},
    month={January},
    year={2024}
}

@misc{llavanextvideo,
  title={LLaVA-NeXT: A Strong Zero-shot Video Understanding Model},
  howpublished={\url{https://llava-vl.github.io/blog/2024-04-30-llava-next-video/}},
  author={Zhang, Yuanhan and Li, Bo and Liu, haotian and Lee, Yong jae and Gui, Liangke and Fu, Di and Feng, Jiashi and Liu, Ziwei and Li, Chunyuan},
  month={April},
  year={2024}
}

@article{llavaov,
  title={Llava-onevision: Easy visual task transfer},
  author={Li, Bo and Zhang, Yuanhan and Guo, Dong and Zhang, Renrui and Li, Feng and Zhang, Hao and Zhang, Kaichen and Li, Yanwei and Liu, Ziwei and Li, Chunyuan},
  journal={arXiv preprint arXiv:2408.03326},
  year={2024}
}

@article{llavavideo,
  title={Video Instruction Tuning With Synthetic Data},
  author={Zhang, Yuanhan and Wu, Jinming and Li, Wei and Li, Bo and Ma, Zejun and Liu, Ziwei and Li, Chunyuan},
  journal={arXiv preprint arXiv:2410.02713},
  year={2024}
}

@article{minigpt4,
  title={Minigpt-4: Enhancing vision-language understanding with advanced large language models},
  author={Zhu, Deyao and Chen, Jun and Shen, Xiaoqian and Li, Xiang and Elhoseiny, Mohamed},
  journal={arXiv preprint arXiv:2304.10592},
  year={2023}
}

@inproceedings{internvl,
  title={Internvl: Scaling up vision foundation models and aligning for generic visual-linguistic tasks},
  author={Chen, Zhe and Wu, Jiannan and Wang, Wenhai and Su, Weijie and Chen, Guo and Xing, Sen and Zhong, Muyan and Zhang, Qinglong and Zhu, Xizhou and Lu, Lewei and others},
  booktitle={Proceedings of the IEEE/CVF Conference on Computer Vision and Pattern Recognition},
  pages={24185--24198},
  year={2024}
}

@article{internvl1.5,
  title={How far are we to gpt-4v? closing the gap to commercial multimodal models with open-source suites},
  author={Chen, Zhe and Wang, Weiyun and Tian, Hao and Ye, Shenglong and Gao, Zhangwei and Cui, Erfei and Tong, Wenwen and Hu, Kongzhi and Luo, Jiapeng and Ma, Zheng and others},
  journal={arXiv preprint arXiv:2404.16821},
  year={2024}
}

@article{internvl2.5,
  title={Expanding performance boundaries of open-source multimodal models with model, data, and test-time scaling},
  author={Chen, Zhe and Wang, Weiyun and Cao, Yue and Liu, Yangzhou and Gao, Zhangwei and Cui, Erfei and Zhu, Jinguo and Ye, Shenglong and Tian, Hao and Liu, Zhaoyang and others},
  journal={arXiv preprint arXiv:2412.05271},
  year={2024}
}

@article{qwen2.5,
  title={Qwen2.5 technical report},
  author={Yang, An and Yang, Baosong and Zhang, Beichen and Hui, Binyuan and Zheng, Bo and Yu, Bowen and Li, Chengyuan and Liu, Dayiheng and Huang, Fei and Wei, Haoran and others},
  journal={arXiv preprint arXiv:2412.15115},
  year={2024}
}

@article{qwenvl,
  title={Qwen-vl: A frontier large vision-language model with versatile abilities},
  author={Bai, Jinze and Bai, Shuai and Yang, Shusheng and Wang, Shijie and Tan, Sinan and Wang, Peng and Lin, Junyang and Zhou, Chang and Zhou, Jingren},
  journal={arXiv preprint arXiv:2308.12966},
  year={2023}
}

@article{qwen2vl,
  title={Qwen2-VL: Enhancing Vision-Language Model's Perception of the World at Any Resolution},
  author={Wang, Peng and Bai, Shuai and Tan, Sinan and Wang, Shijie and Fan, Zhihao and Bai, Jinze and Chen, Keqin and Liu, Xuejing and Wang, Jialin and Ge, Wenbin and others},
  journal={arXiv preprint arXiv:2409.12191},
  year={2024}
}

@misc{qwen2.5vl,
    title = {Qwen2.5-VL},
    howpublished={\url{https://qwenlm.github.io/blog/qwen2.5-vl/}},
    author = {Qwen Team},
    month = {January},
    year = {2025}
}

@article{nvila,
  title={NVILA: Efficient frontier visual language models},
  author={Liu, Zhijian and Zhu, Ligeng and Shi, Baifeng and Zhang, Zhuoyang and Lou, Yuming and Yang, Shang and Xi, Haocheng and Cao, Shiyi and Gu, Yuxian and Li, Dacheng and others},
  journal={arXiv preprint arXiv:2412.04468},
  year={2024}
}

@article{videollama3,
  title={VideoLLaMA 3: Frontier Multimodal Foundation Models for Image and Video Understanding},
  author={Zhang, Boqiang and Li, Kehan and Cheng, Zesen and Hu, Zhiqiang and Yuan, Yuqian and Chen, Guanzheng and Leng, Sicong and Jiang, Yuming and Zhang, Hang and Li, Xin and others},
  journal={arXiv preprint arXiv:2501.13106},
  year={2025}
}

@article{gpt3,
  title={Language models are few-shot learners},
  author={Brown, Tom and Mann, Benjamin and Ryder, Nick and Subbiah, Melanie and Kaplan, Jared D and Dhariwal, Prafulla and Neelakantan, Arvind and Shyam, Pranav and Sastry, Girish and Askell, Amanda and others},
  journal={Advances in neural information processing systems},
  volume={33},
  pages={1877--1901},
  year={2020}
}

@article{gpt4,
  title={Gpt-4 technical report},
  author={Achiam, Josh and Adler, Steven and Agarwal, Sandhini and Ahmad, Lama and Akkaya, Ilge and Aleman, Florencia Leoni and Almeida, Diogo and Altenschmidt, Janko and Altman, Sam and Anadkat, Shyamal and others},
  journal={arXiv preprint arXiv:2303.08774},
  year={2023}
}

@misc{gpt4v,
  title = {Gpt-4V(ision) system card},
  author = {OpenAI},
  year = {2023},
  howpublished={\url{https://cdn.openai.com/papers/GPTV_System_Card.pdf}}
}

@misc{gpt4o,
  title = {Gpt-4O(mini) system card},
  author = {OpenAI},
  year = {2024},
  howpublished={\url{https://openai.com/index/hello-gpt-4o/}}
}

@article{gemini1.5,
  title={Gemini 1.5: Unlocking multimodal understanding across millions of tokens of context},
  author={Reid, Machel and Savinov, Nikolay and Teplyashin, Denis and Lepikhin, Dmitry and Lillicrap, Timothy and Alayrac, Jean-baptiste and Soricut, Radu and Lazaridou, Angeliki and Firat, Orhan and Schrittwieser, Julian and others},
  journal={arXiv preprint arXiv:2403.05530},
  year={2024}
}

@misc{gemini2.0,
    title = {Gemini 2.0 is now available to everyone},
    howpublished={\url{https://blog.google/technology/google-deepmind/gemini-model-updates-february-2025/}},
    author = {Google Deepmind},
    month = {February},
    year = {2025}
}

@misc{vicuna,
    title = {Vicuna: An Open-Source Chatbot Impressing GPT-4 with 90\%* ChatGPT Quality},
    howpublished={\url{https://lmsys.org/blog/2023-03-30-vicuna/}},
    author = {Chiang, Wei-Lin and Li, Zhuohan and Lin, Zi and Sheng, Ying and Wu, Zhanghao and Zhang, Hao and Zheng, Lianmin and Zhuang, Siyuan and Zhuang, Yonghao and Gonzalez, Joseph E. and Stoica, Ion and Xing, Eric P.},
    month = {March},
    year = {2023}
}

@article{llama3,
  title={The llama 3 herd of models},
  author={Dubey, Abhimanyu and Jauhri, Abhinav and Pandey, Abhinav and Kadian, Abhishek and Al-Dahle, Ahmad and Letman, Aiesha and Mathur, Akhil and Schelten, Alan and Yang, Amy and Fan, Angela and others},
  journal={arXiv preprint arXiv:2407.21783},
  year={2024}
}

@inproceedings{sam,
  title={Segment anything},
  author={Kirillov, Alexander and Mintun, Eric and Ravi, Nikhila and Mao, Hanzi and Rolland, Chloe and Gustafson, Laura and Xiao, Tete and Whitehead, Spencer and Berg, Alexander C and Lo, Wan-Yen and others},
  booktitle={Proceedings of the IEEE/CVF International Conference on Computer Vision},
  pages={4015--4026},
  year={2023}
}

@misc{coyo700m,
  title         = {COYO-700M: Image-Text Pair Dataset},
  author        = {Byeon, Minwoo and Park, Beomhee and Kim, Haecheon and Lee, Sungjun and Baek, Woonhyuk and Kim, Saehoon},
  year          = {2022},
  howpublished  = {\url{https://github.com/kakaobrain/coyo-dataset}},
}

@article{wukong100m,
  title={Wukong: A 100 million large-scale chinese cross-modal pre-training benchmark},
  author={Gu, Jiaxi and Meng, Xiaojun and Lu, Guansong and Hou, Lu and Minzhe, Niu and Liang, Xiaodan and Yao, Lewei and Huang, Runhui and Zhang, Wei and Jiang, Xin and others},
  journal={Advances in Neural Information Processing Systems},
  volume={35},
  pages={26418--26431},
  year={2022}
}

@article{wikipaintings,
  title={Recognizing image style},
  author={Karayev, Sergey and Trentacoste, Matthew and Han, Helen and Agarwala, Aseem and Darrell, Trevor and Hertzmann, Aaron and Winnemoeller, Holger},
  journal={arXiv preprint arXiv:1311.3715},
  year={2013}
}

@article{vsibench,
  title={Thinking in space: How multimodal large language models see, remember, and recall spaces},
  author={Yang, Jihan and Yang, Shusheng and Gupta, Anjali W and Han, Rilyn and Fei-Fei, Li and Xie, Saining},
  journal={arXiv preprint arXiv:2412.14171},
  year={2024}
}

@article{ppocrv3,
  title={PP-OCRv3: More attempts for the improvement of ultra lightweight OCR system},
  author={Li, Chenxia and Liu, Weiwei and Guo, Ruoyu and Yin, Xiaoting and Jiang, Kaitao and Du, Yongkun and Du, Yuning and Zhu, Lingfeng and Lai, Baohua and Hu, Xiaoguang and others},
  journal={arXiv preprint arXiv:2206.03001},
  year={2022}
}


@inproceedings{tang2023visual,
  title={Visual recognition by request},
  author={Tang, Chufeng and Xie, Lingxi and Zhang, Xiaopeng and Hu, Xiaolin and Tian, Qi},
  booktitle={Proceedings of the IEEE/CVF Conference on Computer Vision and Pattern Recognition},
  pages={15265--15274},
  year={2023}
}

@article{wang2023all,
  title={The all-seeing project: Towards panoptic visual recognition and understanding of the open world},
  author={Wang, Weiyun and Shi, Min and Li, Qingyun and Wang, Wenhai and Huang, Zhenhang and Xing, Linjie and Chen, Zhe and Li, Hao and Zhu, Xizhou and Cao, Zhiguo and others},
  journal={arXiv preprint arXiv:2308.01907},
  year={2023}
}

@inproceedings{wang2024all,
  title={The all-seeing project v2: Towards general relation comprehension of the open world},
  author={Wang, Weiyun and Ren, Yiming and Luo, Haowen and Li, Tiantong and Yan, Chenxiang and Chen, Zhe and Wang, Wenhai and Li, Qingyun and Lu, Lewei and Zhu, Xizhou and others},
  booktitle={European Conference on Computer Vision},
  pages={471--490},
  year={2024},
  organization={Springer}
}

@inproceedings{peebles2023scalable,
  title={Scalable diffusion models with transformers},
  author={Peebles, William and Xie, Saining},
  booktitle={Proceedings of the IEEE/CVF international conference on computer vision},
  pages={4195--4205},
  year={2023}
}

@article{wang2023modelscope,
  title={Modelscope text-to-video technical report},
  author={Wang, Jiuniu and Yuan, Hangjie and Chen, Dayou and Zhang, Yingya and Wang, Xiang and Zhang, Shiwei},
  journal={arXiv preprint arXiv:2308.06571},
  year={2023}
}