@inproceedings{ahmadian2024back,
 author = {Arash Ahmadian and
Chris Cremer and
Matthias Gall{\'{e}} and
Marzieh Fadaee and
Julia Kreutzer and
Olivier Pietquin and
Ahmet {\"{U}}st{\"{u}}n and
Sara Hooker},
 booktitle = {ACL},
 title = {Back to Basics: Revisiting {REINFORCE}-Style Optimization for Learning
from Human Feedback in {LLMs}},
 year = {2024}
}

@misc{anonymous,
 author = {Author, N. N.},
 title = {Suppressed for Anonymity},
 year = {2021}
}

@inproceedings{Anthony2017,
 author = {Anthony, Thomas and Tian, Zheng and Barber, David},
 booktitle = {NeurIPS},
 title = {Thinking Fast and Slow with Deep Learning and Tree Search},
 year = {2017}
}

@article{bai2024digirl,
 author = {Bai, Hao and Zhou, Yifei and Cemri, Mert and Pan, Jiayi and Suhr, Alane and Levine, Sergey and Kumar, Aviral},
 journal = {arXiv:2406.11896},
 title = {{DigiRL}: Training In-The-Wild Device-Control Agents with Autonomous Reinforcement Learning},
 year = {2024}
}

@inproceedings{carta2023grounding,
 author = {Carta, Thomas and Romac, Cl{\'e}ment and Wolf, Thomas and Lamprier, Sylvain and Sigaud, Olivier and Oudeyer, Pierre-Yves},
 booktitle = {ICML},
 title = {Grounding large language models in interactive environments with online reinforcement learning},
 year = {2023}
}

@article{chen2023fireact,
 author = {Chen, Baian and Shu, Chang and Shareghi, Ehsan and Collier, Nigel and Narasimhan, Karthik and Yao, Shunyu},
 journal = {arXiv:2310.05915},
 title = {{FireAct}: Toward Language Agent Fine-tuning},
 year = {2023}
}

@article{christiano2017deep,
 author = {Christiano, Paul F and Leike, Jan and Brown, Tom and Martic, Miljan and Legg, Shane and Amodei, Dario},
 journal = {NeurIPS},
 title = {Deep reinforcement learning from human preferences},
 year = {2017}
}

@article{deepseekai2025deepseekr1,
 author = {{DeepSeek-AI}},
 journal = {arXiv:2501.12948},
 title = {{DeepSeek-R1}: Incentivizing Reasoning Capability in {LLMs} via Reinforcement Learning},
 year = {2025}
}

@article{dong2023raft,
 author = {Hanze Dong and
Wei Xiong and
Deepanshu Goyal and
Yihan Zhang and
Winnie Chow and
Rui Pan and
Shizhe Diao and
Jipeng Zhang and
Kashun Shum and
Tong Zhang},
 journal = {TMLR},
 title = {{RAFT}: Reward rAnked FineTuning for Generative Foundation Model Alignment},
 volume = {2023},
 year = {2023}
}

@article{dubey2024llama,
 author = {Dubey, Abhimanyu and Jauhri, Abhinav and Pandey, Abhinav and Kadian, Abhishek and Al-Dahle, Ahmad and Letman, Aiesha and Mathur, Akhil and Schelten, Alan and Yang, Amy and Fan, Angela and others},
 journal = {arXiv:2407.21783},
 title = {The {Llama} 3 Herd of Models},
 year = {2024}
}

@book{DudaHart2nd,
 author = {R. O. Duda and P. E. Hart and D. G. Stork},
 edition = {2nd},
 publisher = {John Wiley and Sons},
 title = {Pattern Classification},
 year = {2000}
}

@article{gulcehre2023reinforced,
 author = {Gulcehre, Caglar and Paine, Tom Le and Srinivasan, Srivatsan and Konyushkova, Ksenia and Weerts, Lotte and Sharma, Abhishek and Siddhant, Aditya and Ahern, Alex and Wang, Miaosen and Gu, Chenjie and others},
 journal = {arXiv:2308.08998},
 title = {Reinforced self-training (rest) for language modeling},
 year = {2023}
}

@article{havrilla2024teaching,
 author = {Havrilla, Alex and Du, Yuqing and Raparthy, Sharath Chandra and Nalmpantis, Christoforos and Dwivedi-Yu, Jane and Zhuravinskyi, Maksym and Hambro, Eric and Sukhbaatar, Sainbayar and Raileanu, Roberta},
 journal = {arXiv:2403.04642},
 title = {Teaching large language models to reason with reinforcement learning},
 year = {2024}
}

@inproceedings{hu2022lora,
 author = {Edward J Hu and Yelong Shen and Phillip Wallis and Zeyuan Allen-Zhu and Yuanzhi Li and Shean Wang and Lu Wang and Weizhu Chen},
 booktitle = {ICLR},
 title = {Lo{RA}: Low-Rank Adaptation of Large Language Models},
 year = {2022}
}

@article{kaelbling1998planning,
 author = {Kaelbling, Leslie Pack and Littman, Michael L and Cassandra, Anthony R},
 journal = {Artificial Intelligence},
 number = {1-2},
 title = {Planning and acting in partially observable stochastic domains},
 volume = {101},
 year = {1998}
}

@inproceedings{kakade2002approximately,
 author = {Kakade, Sham and Langford, John},
 booktitle = {ICML},
 title = {Approximately Optimal Approximate Reinforcement Learning},
 year = {2002}
}

@article{kazemnejad2024vineppo,
 author = {Kazemnejad, Amirhossein and Aghajohari, Milad and Portelance, Eva and Sordoni, Alessandro and Reddy, Siva and Courville, Aaron and Roux, Nicolas Le},
 journal = {arXiv:2410.01679},
 title = {{VinePPO}: Unlocking {RL} Potential For {LLM} Reasoning Through Refined Credit Assignment},
 year = {2024}
}

@phdthesis{kearns89,
 author = {M. J. Kearns},
 school = {Department of Computer Science, Harvard University},
 title = {Computational Complexity of Machine Learning},
 year = {1989}
}

@inproceedings{kim2024language,
 author = {Kim, Geunwoo and Baldi, Pierre and McAleer, Stephen},
 booktitle = {NeurIPS},
 title = {Language models can solve computer tasks},
 year = {2024}
}

@inproceedings{kool2019buy,
 author = {Kool, Wouter and van Hoof, Herke and Welling, Max},
 booktitle = {ICLR 2019 Workshops},
 title = {Buy 4 REINFORCE Samples, Get a Baseline for Free!},
 year = {2019}
}

@inproceedings{kwon2023efficient,
 author = {Kwon, Woosuk and Li, Zhuohan and Zhuang, Siyuan and Sheng, Ying and Zheng, Lianmin and Yu, Cody Hao and Gonzalez, Joseph and Zhang, Hao and Stoica, Ion},
 booktitle = {Symposium on Operating Systems Principles},
 title = {Efficient Memory Management for Large Language Model Serving with {PagedAttention}},
 year = {2023}
}

@article{lambert2024t,
 author = {Lambert, Nathan and Morrison, Jacob and Pyatkin, Valentina and Huang, Shengyi and Ivison, Hamish and Brahman, Faeze and Miranda, Lester James V and Liu, Alisa and Dziri, Nouha and Lyu, Shane and others},
 journal = {arXiv:2411.15124},
 title = {Tulu 3: Pushing Frontiers in Open Language Model Post-Training},
 year = {2024}
}

@inproceedings{langley00,
 author = {P. Langley},
 booktitle = {ICML},
 title = {Crafting Papers on Machine Learning},
 year = {2000}
}

@article{lu2024toolsandbox,
 author = {Lu, Jiarui and Holleis, Thomas and Zhang, Yizhe and Aumayer, Bernhard and Nan, Feng and Bai, Felix and Ma, Shuang and Ma, Shen and Li, Mengyu and Yin, Guoli and others},
 journal = {arXiv:2408.04682},
 title = {{ToolSandbox}: A Stateful, Conversational, Interactive Evaluation Benchmark for {LLM} Tool Use Capabilities},
 year = {2024}
}

@book{MachineLearningI,
 publisher = {Tioga},
 title = {Machine Learning: An Artificial Intelligence Approach, Vol. I},
 year = {1983}
}

@techreport{mitchell80,
 address = {New Brunswick, MA},
 author = {T. M. Mitchell},
 institution = {Computer Science Department, Rutgers University},
 title = {The Need for Biases in Learning Generalizations},
 year = {1980}
}

@article{mitra2024agentinstruct,
 author = {Mitra, Arindam and Del Corro, Luciano and Zheng, Guoqing and Mahajan, Shweti and Rouhana, Dany and Codas, Andres and Lu, Yadong and Chen, Wei-ge and Vrousgos, Olga and Rosset, Corby and others},
 journal = {arXiv:2407.03502},
 title = {{AgentInstruct}: Toward Generative Teaching with Agentic Flows},
 year = {2024}
}

@article{nakano2021webgpt,
 author = {Nakano, Reiichiro and Hilton, Jacob and Balaji, Suchir and Wu, Jeff and Ouyang, Long and Kim, Christina and Hesse, Christopher and Jain, Shantanu and Kosaraju, Vineet and Saunders, William and others},
 journal = {arXiv:2112.09332},
 title = {{WebGPT}: Browser-assisted question-answering with human feedback},
 year = {2021}
}

@inproceedings{narasimhan2015language,
 author = {Karthik Narasimhan and
Tejas D. Kulkarni and
Regina Barzilay},
 booktitle = {EMNLP},
 title = {Language Understanding for Text-based Games using Deep Reinforcement
Learning},
 year = {2015}
}

@incollection{Newell81,
 address = {Hillsdale, NJ},
 author = {A. Newell and P. S. Rosenbloom},
 booktitle = {Cognitive Skills and Their Acquisition},
 chapter = {1},
 pages = {1--51},
 title = {Mechanisms of Skill Acquisition and the Law of Practice},
 year = {1981}
}

@misc{openai2024o1,
 author = {OpenAI},
 title = {Introducing {OpenAI} o1},
 url = {https://openai.com/o1/},
 year = {2024}
}

@article{ouyang2022training,
 author = {Ouyang, Long and Wu, Jeffrey and Jiang, Xu and Almeida, Diogo and Wainwright, Carroll and Mishkin, Pamela and Zhang, Chong and Agarwal, Sandhini and Slama, Katarina and Ray, Alex and others},
 journal = {NeurIPS},
 title = {Training language models to follow instructions with human feedback},
 year = {2022}
}

@article{putta2024agent,
 author = {Putta, Pranav and Mills, Edmund and Garg, Naman and Motwani, Sumeet and Finn, Chelsea and Garg, Divyansh and Rafailov, Rafael},
 journal = {arXiv:2408.07199},
 title = {{Agent Q}: Advanced Reasoning and Learning for Autonomous {AI} Agents},
 year = {2024}
}

@inproceedings{qin2023toolllm,
 author = {Yujia Qin and
Shihao Liang and
Yining Ye and
Kunlun Zhu and
Lan Yan and
Yaxi Lu and
Yankai Lin and
Xin Cong and
Xiangru Tang and
Bill Qian and
others},
 booktitle = {ICLR},
 title = {{ToolLLM}: Facilitating Large Language Models to Master 16000+ Real-world {APIs}},
 year = {2024}
}

@article{qwen2.5,
 author = {An Yang and Baosong Yang and Beichen Zhang and Binyuan Hui and Bo Zheng and Bowen Yu and Chengyuan Li and Dayiheng Liu and Fei Huang and Haoran Wei and others},
 journal = {arXiv:2412.15115},
 title = {Qwen2.5 Technical Report},
 year = {2024}
}

@article{rafailov2024direct,
 author = {Rafailov, Rafael and Sharma, Archit and Mitchell, Eric and Manning, Christopher D and Ermon, Stefano and Finn, Chelsea},
 journal = {NeurIPS},
 title = {Direct preference optimization: Your language model is secretly a reward model},
 year = {2024}
}

@article{Samuel59,
 author = {A. L. Samuel},
 journal = {IBM Journal of Research and Development},
 number = {3},
 title = {Some Studies in Machine Learning Using the Game of Checkers},
 volume = {3},
 year = {1959}
}

@article{schick2023toolformer,
 author = {Schick, Timo and Dwivedi-Yu, Jane and Dess{\`\i}, Roberto and Raileanu, Roberta and Lomeli, Maria and Hambro, Eric and Zettlemoyer, Luke and Cancedda, Nicola and Scialom, Thomas},
 journal = {NeurIPS},
 title = {Toolformer: Language models can teach themselves to use tools},
 year = {2023}
}

@inproceedings{schulman2015high,
 author = {John Schulman and
Philipp Moritz and
Sergey Levine and
Michael I. Jordan and
Pieter Abbeel},
 booktitle = {ICLR},
 title = {High-Dimensional Continuous Control Using Generalized Advantage Estimation},
 year = {2016}
}

@article{schulman2017proximal,
 author = {Schulman, John and Wolski, Filip and Dhariwal, Prafulla and Radford, Alec and Klimov, Oleg},
 journal = {arXiv:1707.06347},
 title = {Proximal policy optimization algorithms},
 year = {2017}
}

@article{shao2024deepseekmath,
 author = {Shao, Zhihong and Wang, Peiyi and Zhu, Qihao and Xu, Runxin and Song, Junxiao and Bi, Xiao and Zhang, Haowei and Zhang, Mingchuan and Li, YK and Wu, Y and others},
 title = {{DeepSeekMath}: Pushing the Limits of Mathematical Reasoning in Open Language Models},
 journal = {arXiv:2402.03300},
 year = {2024},
}

@inproceedings{shi2024direct,
 author = {Wentao Shi and
Mengqi Yuan and
Junkang Wu and
Qifan Wang and
Fuli Feng},
 booktitle = {EMNLP},
 title = {Direct Multi-Turn Preference Optimization for Language Agents},
 year = {2024}
}

@article{shinn2024reflexion,
 author = {Shinn, Noah and Cassano, Federico and Gopinath, Ashwin and Narasimhan, Karthik and Yao, Shunyu},
 journal = {NeurIPS},
 title = {Reflexion: Language agents with verbal reinforcement learning},
 year = {2024}
}

@article{singh2023beyond,
 author = {Avi Singh and
John D. Co{-}Reyes and
Rishabh Agarwal and
Ankesh Anand and
Piyush Patil and
Xavier Garcia and
Peter J. Liu and
James Harrison and
Jaehoon Lee and
Kelvin Xu and
others},
 journal = {TMLR},
 title = {Beyond Human Data: Scaling Self-Training for Problem-Solving with
Language Models},
 year = {2024}
}

@inproceedings{stiennon2020learning,
 author = {Stiennon, Nisan and Ouyang, Long and Wu, Jeff and Ziegler, Daniel M. and Lowe, Ryan and Voss, Chelsea and Radford, Alec and Amodei, Dario and Christiano, Paul},
 booktitle = {NeurIPS},
 title = {Learning to summarize from human feedback},
 year = {2020}
}

@misc{torchtune,
 author = {torchtune maintainers and contributors},
 license = {BSD-3-Clause},
 month = {April},
 title = {torchtune: {PyTorch's} finetuning library},
 url = {https//github.com/pytorch/torchtune},
 year = {2024}
}

@inproceedings{trivedi2024appworld,
 author = {Trivedi, Harsh  and
Khot, Tushar  and
Hartmann, Mareike  and
Manku, Ruskin  and
Dong, Vinty  and
Li, Edward  and
Gupta, Shashank  and
Sabharwal, Ashish  and
Balasubramanian, Niranjan},
 booktitle = {ACL},
 title = {{A}pp{W}orld: A Controllable World of Apps and People for Benchmarking Interactive Coding Agents},
 year = {2024}
}

@inproceedings{wang2024executable,
 author = {Wang, Xingyao and Chen, Yangyi and Yuan, Lifan and Zhang, Yizhe and Li, Yunzhu and Peng, Hao and Ji, Heng},
 booktitle = {ICML},
 title = {Executable code actions elicit better {LLM} agents},
 year = {2024}
}

@inproceedings{wijmans2020ddppo,
 author = {Erik Wijmans and Abhishek Kadian and Ari Morcos and Stefan Lee and Irfan Essa and Devi Parikh and Manolis Savva and Dhruv Batra},
 booktitle = {ICLR},
 title = {{DD-PPO}: {L}earning Near-Perfect {PointGoal} Navigators from 2.5 Billion Frames},
 year = {2020}
}

@article{Wijmans2024xentropy,
 author = {Erik Wijmans and
Brody Huval and
Alexander Hertzberg and
Vladlen Koltun and
Philipp Kr{\"{a}}henb{\"{u}}hl},
 journal = {arXiv:2411.09009},
 title = {Cut Your Losses in Large-Vocabulary Language Models},
 year = {2024}
}

@article{williams1992simple,
 author = {Williams, Ronald J},
 journal = {Machine Learning},
 title = {Simple statistical gradient-following algorithms for connectionist reinforcement learning},
 volume = {8},
 year = {1992}
}

@inproceedings{yang2024intercode,
 author = {Yang, John and Prabhakar, Akshara and Narasimhan, Karthik and Yao, Shunyu},
 booktitle = {NeurIPS},
 title = {InterCode: standardizing and benchmarking interactive coding with execution feedback},
 year = {2023}
}

@inproceedings{yao2020keep,
 author = {Yao, Shunyu  and
Rao, Rohan  and
Hausknecht, Matthew  and
Narasimhan, Karthik},
 booktitle = {EMNLP},
 title = {Keep {CALM} and Explore: Language Models for Action Generation in Text-based Games},
 year = {2020}
}

@inproceedings{yao2022react,
 author = {Shunyu Yao and Jeffrey Zhao and Dian Yu and Nan Du and Izhak Shafran and Karthik R Narasimhan and Yuan Cao},
 booktitle = {ICLR},
 title = {{ReAct}: Synergizing Reasoning and Acting in Language Models},
 year = {2023}
}

@inproceedings{yao2022webshop,
 author = {Yao, Shunyu and Chen, Howard and Yang, John and Narasimhan, Karthik},
 booktitle = {NeurIPS},
 title = {{WebShop}: Towards Scalable Real-World Web Interaction with Grounded Language Agents},
 year = {2022}
}

@article{yuan2023scaling,
 author = {Yuan, Zheng and Yuan, Hongyi and Li, Chengpeng and Dong, Guanting and Lu, Keming and Tan, Chuanqi and Zhou, Chang and Zhou, Jingren},
 journal = {arXiv:2308.01825},
 title = {Scaling relationship on learning mathematical reasoning with large language models},
 year = {2023}
}

@inproceedings{zelikman2022star,
 author = {Eric Zelikman and Yuhuai Wu and Jesse Mu and Noah Goodman},
 booktitle = {NeurIPS},
 title = {{ST}aR: Bootstrapping Reasoning With Reasoning},
 year = {2022}
}

@inproceedings{zhai2024fine,
 author = {Zhai, Yuexiang and Bai, Hao and Lin, Zipeng and Pan, Jiayi and Tong, Shengbang and Zhou, Yifei and Suhr, Alane and Xie, Saining and LeCun, Yann and Ma, Yi and Levine, Sergey},
 booktitle = {NeurIPS},
 title = {Fine-Tuning Large Vision-Language Models as Decision-Making Agents via Reinforcement Learning},
 year = {2024}
}

@article{zhao2023pytorch,
 author = {Zhao, Yanli and Gu, Andrew and Varma, Rohan and Luo, Liang and Huang, Chien-Chin and Xu, Min and Wright, Less and Shojanazeri, Hamid and Ott, Myle and Shleifer, Sam and Desmaison, Alban and Balioglu, Can and Damania, Pritam and Nguyen, Bernard and Chauhan, Geeta and Hao, Yuchen and Mathews, Ajit and Li, Shen},
 journal = {Proceedings of the VLDB Endowment},
 title = {{PyTorch} {FSDP}: Experiences on Scaling Fully Sharded Data Parallel},
 volume = {16},
 number = {12},
 year = {2023}
}

@inproceedings{zhou2024archer,
 author = {Zhou, Yifei and Zanette, Andrea},
 booktitle = {ICML},
 title = {{ArCHer}: training language model agents via hierarchical multi-turn {RL}},
 year = {2024}
}

@article{ziegler2019fine,
 author = {Ziegler, Daniel M and Stiennon, Nisan and Wu, Jeffrey and Brown, Tom B and Radford, Alec and Amodei, Dario and Christiano, Paul and Irving, Geoffrey},
 journal = {arXiv:1909.08593},
 title = {Fine-tuning language models from human preferences},
 year = {2019}
}

@article{gupta2025simple,
 author = {Shashank Gupta and Chaitanya Ahuja and Tsung-Yu Lin and Sreya Dutta Roy and Harrie Oosterhuis and Maarten de Rijke and Satya Narayan Shukla},
 journal = {arXiv:2503.00897},
 title = {A Simple and Effective Reinforcement Learning Method for Text-to-Image Diffusion Fine-tuning},
 year = {2025}
}

