@article{EcRD,
  title={EcRD: Edge-cloud computing framework for smart road damage detection and warning},
  author={Yuan, Yachao and Islam, Md Saiful and Yuan, Yali and Wang, Shengjin and Baker, Thar and Kolbe, Lutz Maria},
  journal={IEEE Internet of Things Journal},
  volume={8},
  number={16},
  pages={12734--12747},
  year={2020},
  publisher={IEEE}
}

@article{FedRD,
  title={FedRD: Privacy-preserving adaptive Federated learning framework for intelligent hazardous Road Damage detection and warning},
  author={Yuan, Yachao and Yuan, Yali and Baker, Thar and Kolbe, Lutz Maria and Hogrefe, Dieter},
  journal={Future Generation Computer Systems},
  volume={125},
  pages={385--398},
  year={2021},
  publisher={Elsevier}
}

@inproceedings{Hoai2017,
  title={Large-scale Continual Road Inspection: Visual Infrastructure Assessment in the Wild.},
  author={Ma, Ke and Hoai, Minh and Samaras, Dimitris},
  booktitle={BMVC},
  year={2017}
}

@inproceedings{abavisani2020multimodal,
  title={Multimodal Categorization of Crisis Events in Social Media},
  author={Abavisani, Mahdi and Wu, Liwei and Hu, Shengli and Tetreault, Joel and Jaimes, Alejandro},
  booktitle={Proceedings of the IEEE/CVF Conference on Computer Vision and Pattern Recognition},
  pages={14679--14689},
  year={2020}
}

@article{alistarh2017qsgd,
  title={QSGD: Communication-efficient SGD via gradient quantization and encoding},
  author={Alistarh, Dan and Grubic, Demjan and Li, Jerry and Tomioka, Ryota and Vojnovic, Milan},
  journal={Advances in Neural Information Processing Systems},
  volume={30},
  pages={1709--1720},
  year={2017}
}

@article{batool2024secure,
  title={A secure and privacy preserved infrastructure for VANETs based on federated learning with local differential privacy},
  author={Batool, Hajira and Anjum, Adeel and Khan, Abid and Izzo, Stefano and Mazzocca, Carlo and Jeon, Gwanggil},
  journal={Information Sciences},
  volume={652},
  pages={119717},
  year={2024},
  publisher={Elsevier}
}

@inproceedings{bernstein2018signsgd,
  title={signSGD: Compressed optimisation for non-convex problems},
  author={Bernstein, Jeremy and Wang, Yu-Xiang and Azizzadenesheli, Kamyar and Anandkumar, Animashree},
  booktitle={International Conference on Machine Learning},
  pages={560--569},
  year={2018},
  organization={PMLR}
}

@inproceedings{briggs2020federated,
  title={Federated learning with hierarchical clustering of local updates to improve training on non-IID data},
  author={Briggs, Christopher and Fan, Zhong and Andras, Peter},
  booktitle={2020 International Joint Conference on Neural Networks (IJCNN)},
  pages={1--9},
  year={2020},
  organization={IEEE}
}

@inproceedings{chen2020asynchronous,
  title={Asynchronous online federated learning for edge devices with non-iid data},
  author={Chen, Yujing and Ning, Yue and Slawski, Martin and Rangwala, Huzefa},
  booktitle={2020 IEEE International Conference on Big Data (Big Data)},
  pages={15--24},
  year={2020},
  organization={IEEE}
}

@article{dar2025social,
  title={A social context-aware graph-based multimodal attentive learning framework for disaster content classification during emergencies},
  author={Dar, Shahid Shafi and Rehman, Mohammad Zia Ur and Bais, Karan and Haseeb, Mohammed Abdul and Kumar, Nagendra},
  journal={Expert Systems with Applications},
  volume={259},
  pages={125337},
  year={2025},
  publisher={Elsevier}
}

@article{dwork2014algorithmic,
  title={The algorithmic foundations of differential privacy},
  author={Dwork, Cynthia and Roth, Aaron and others},
  journal={Foundations and Trends{\textregistered} in Theoretical Computer Science},
  volume={9},
  number={3--4},
  pages={211--407},
  year={2014},
  publisher={Now Publishers, Inc.}
}

@article{fanti2016building,
  title={Building a RAPPOR with the Unknown: Privacy-Preserving Learning of Associations and Data Dictionaries.},
  author={Fanti, Giulia C and Pihur, Vasyl and Erlingsson, {\'U}lfar},
  journal={Proc. Priv. Enhancing Technol.},
  volume={2016},
  number={3},
  pages={41--61},
  year={2016}
}

@inproceedings{gallo2018image,
  title={Image and encoded text fusion for multi-modal classification},
  author={Gallo, Ignazio and Calefati, Alessandro and Nawaz, Shah and Janjua, Muhammad Kamran},
  booktitle={2018 Digital Image Computing: Techniques and Applications (DICTA)},
  pages={1--7},
  year={2018},
  organization={IEEE}
}

@article{guan2019appa,
  title={APPA: An anonymous and privacy preserving data aggregation scheme for fog-enhanced IoT},
  author={Guan, Zhitao and Zhang, Yue and Wu, Longfei and Wu, Jun and Li, Jing and Ma, Yinglong and Hu, Jingjing},
  journal={Journal of Network and Computer Applications},
  volume={125},
  pages={82--92},
  year={2019},
  publisher={Elsevier}
}

@inproceedings{kairouz2016discrete,
  title={Discrete distribution estimation under local privacy},
  author={Kairouz, Peter and Bonawitz, Keith and Ramage, Daniel},
  booktitle={International Conference on Machine Learning},
  pages={2436--2444},
  year={2016},
  organization={PMLR}
}

@article{kelly2017mining,
  title={Mining Multimodal Information on Social Media for Increased Situational Awareness},
  author={Kelly, Stephen and Zhang, Xiubo and Ahmad, Khurshid},
  journal={system},
  year={2016}
}

@inproceedings{konevcny2016federated,
  title={Federated learning: Strategies for improving communication efficiency},
  author={McMahan, H Brendan and Yu, FX and Richtarik, P and Suresh, AT and Bacon, D and others},
  booktitle={Proceedings of the 29th Conference on Neural Information Processing Systems (NIPS), Barcelona, Spain},
  pages={5--10},
  year={2016}
}

@article{lan2014multimedia,
  title={Multimedia classification and event detection using double fusion},
  author={Lan, Zhen-zhong and Bao, Lei and Yu, Shoou-I and Liu, Wei and Hauptmann, Alexander G},
  journal={Multimedia tools and applications},
  volume={71},
  pages={333--347},
  year={2014},
  publisher={Springer}
}

@article{li2019convergence,
  title={On the convergence of fedavg on non-iid data},
  author={Li, Xiang and Huang, Kaixuan and Yang, Wenhao and Wang, Shusen and Zhang, Zhihua},
  journal={arXiv preprint arXiv:1907.02189},
  year={2019}
}

@article{li2020attribute,
  title={Attribute based encryption with privacy protection and accountability for CloudIoT},
  author={Li, Jiguo and Zhang, Yichen and Ning, Jianting and Huang, Xinyi and Poh, Geong Sen and Wang, Debang},
  journal={IEEE Transactions on Cloud Computing},
  year={2020},
  publisher={IEEE}
}

@article{li2020privacy,
  title={Privacy preservation for machine learning training and classification based on homomorphic encryption schemes},
  author={Li, Jing and Kuang, Xiaohui and Lin, Shujie and Ma, Xu and Tang, Yi},
  journal={Information Sciences},
  volume={526},
  pages={166--179},
  year={2020},
  publisher={Elsevier}
}

@article{li2024feature,
  title={Feature matching data synthesis for non-IID federated learning},
  author={Li, Zijian and Sun, Yuchang and Shao, Jiawei and Mao, Yuyi and Wang, Jessie Hui and Zhang, Jun},
  journal={IEEE Transactions on Mobile Computing},
  volume={23},
  number={10},
  pages={9352--9367},
  year={2024},
  publisher={IEEE}
}

@article{li2024iofl,
  title={IOFL: Intelligent-optimization-based federated learning for Non-IID data},
  author={Li, Xinyan and Zhao, Huimin and Deng, Wu},
  journal={IEEE Internet of Things Journal},
  volume={11},
  number={9},
  pages={16693--16699},
  year={2024},
  publisher={IEEE}
}

@article{li2025wf,
  title={WF-LDPSR: A local differential privacy mechanism based on water-filling for secure release of trajectory statistics data},
  author={Li, Yan-zi and Xu, Li and Zhang, Jing and others},
  journal={Computers \& Security},
  volume={148},
  pages={104165},
  year={2025},
  publisher={Elsevier}
}

@article{maeda2018road,
  title={Road damage detection and classification using deep neural networks with smartphone images},
  author={Maeda, Hiroya and Sekimoto, Yoshihide and Seto, Toshikazu and Kashiyama, Takehiro and Omata, Hiroshi},
  journal={Computer-Aided Civil and Infrastructure Engineering},
  volume={33},
  number={12},
  pages={1127--1141},
  year={2018},
  publisher={Wiley Online Library}
}

@inproceedings{mcmahan2017communication,
  title={Communication-efficient learning of deep networks from decentralized data},
  author={McMahan, Brendan and Moore, Eider and Ramage, Daniel and Hampson, Seth and y Arcas, Blaise Aguera},
  booktitle={Artificial Intelligence and Statistics},
  pages={1273--1282},
  year={2017},
  organization={PMLR}
}

@inproceedings{mouzannar2018damage,
  title={Damage Identification in Social Media Posts using Multimodal Deep Learning.},
  author={Mouzannar, Hussein and Rizk, Yara and Awad, Mariette},
  booktitle={ISCRAM},
  year={2018}
}

@inproceedings{narayanan2008robust,
  title={Robust de-anonymization of large sparse datasets},
  author={Narayanan, Arvind and Shmatikov, Vitaly},
  booktitle={2008 IEEE Symposium on Security and Privacy (SP 2008)},
  pages={111--125},
  year={2008},
  organization={IEEE}
}

@article{ofli2020analysis,
  title={Analysis of Social Media Data using Multimodal Deep Learning for Disaster Response},
  author={Ofli, Ferda and Alam, Firoj and Imran, Muhammad},
  journal={arXiv preprint arXiv:2004.11838},
  year={2020}
}

@inproceedings{pauly2017deeper,
  title={Deeper networks for pavement crack detection},
  author={Pauly, Leo and Hogg, D and Fuentes, R and Peel, H},
  booktitle={Proceedings of the 34th ISARC},
  pages={479--485},
  year={2017},
  organization={IAARC}
}

@inproceedings{praneshexploring,
  title={Exploring multimodal features and fusion strategies for analyzing disaster tweets},
  author={Pranesh, Raj},
  booktitle={Proceedings of the Eighth Workshop on Noisy User-generated Text (W-NUT 2022)},
  pages={62--68},
  year={2022}
}

@article{qian2017social,
  title={Social network de-anonymization and privacy inference with knowledge graph model},
  author={Qian, Jianwei and Li, Xiang-Yang and Zhang, Chunhong and Chen, Linlin and Jung, Taeho and Han, Junze},
  journal={IEEE Transactions on Dependable and Secure Computing},
  volume={16},
  number={4},
  pages={679--692},
  year={2017},
  publisher={IEEE}
}

@article{ren2018textsf,
  title={LoPub: High-Dimensional Crowdsourced Data Publication with Local Differential Privacy},
  author={Ren, Xuebin and Yu, Chia-Mu and Yu, Weiren and Yang, Shusen and Yang, Xinyu and McCann, Julie A and Philip, S Yu},
  journal={IEEE Transactions on Information Forensics and Security},
  volume={13},
  number={9},
  pages={2151--2166},
  year={2018},
  publisher={IEEE}
}

@article{saha2024federated,
  title={Federated learning--based global road damage detection},
  author={Saha, Poonam Kumari and Arya, Deeksha and Sekimoto, Yoshihide},
  journal={Computer-Aided Civil and Infrastructure Engineering},
  volume={39},
  number={14},
  pages={2223--2238},
  year={2024},
  publisher={Wiley Online Library}
}

@inproceedings{sattler2019sparse,
  title={Sparse binary compression: Towards distributed deep learning with minimal communication},
  author={Sattler, Felix and Wiedemann, Simon and M{\"u}ller, Klaus-Robert and Samek, Wojciech},
  booktitle={2019 International Joint Conference on Neural Networks (IJCNN)},
  pages={1--8},
  year={2019},
  organization={IEEE}
}

@article{shoham2019overcoming,
  title={Overcoming forgetting in federated learning on non-iid data},
  author={Shoham, Neta and Avidor, Tomer and Keren, Aviv and Israel, Nadav and Benditkis, Daniel and Mor-Yosef, Liron and Zeitak, Itai},
  journal={arXiv preprint arXiv:1910.07796},
  year={2019}
}

@inproceedings{sulistyowati2021monitoring,
  title={Monitoring of road damage detection systems using image processing methods and Google Map},
  author={Sulistyowati, Riny and Suryowinoto, A and Sujono, HA and Iswahyudi, I},
  booktitle={IOP Conference Series: Materials Science and Engineering},
  volume={1010},
  number={1},
  pages={012017},
  year={2021},
  organization={IOP Publishing}
}

@inproceedings{wang2017locally,
  title={Locally differentially private protocols for frequency estimation},
  author={Wang, Tianhao and Blocki, Jeremiah and Li, Ninghui and Jha, Somesh},
  booktitle={26th $\{$USENIX$\}$ Security Symposium ($\{$USENIX$\}$ Security 17)},
  pages={729--745},
  year={2017}
}

@inproceedings{wang2021assistant,
  title={Assistant Driving Safety Early Warning System Based on Internet of Vehicles},
  author={Wang, Rongxia and He, Fen and Yang, Weihuang and Zhao, Linling},
  booktitle={International Conference on Machine Learning and Big Data Analytics for IoT Security and Privacy},
  pages={969--976},
  year={2021},
  organization={Springer}
}

@article{xia2020distributed,
  title={Distributed K-Means clustering guaranteeing local differential privacy},
  author={Xia, Chang and Hua, Jingyu and Tong, Wei and Zhong, Sheng},
  journal={Computers \& Security},
  volume={90},
  pages={101699},
  year={2020},
  publisher={Elsevier}
}

@article{zhao2018federated,
  title={Federated learning with non-iid data},
  author={Zhao, Yue and Li, Meng and Lai, Liangzhen and Suda, Naveen and Civin, Damon and Chandra, Vikas},
  journal={arXiv preprint arXiv:1806.00582},
  year={2018}
}

@article{zhao2021anonymous,
  title={Anonymous and privacy-preserving federated learning with industrial big data},
  author={Zhao, Bin and Fan, Kai and Yang, Kan and Wang, Zilong and Li, Hui and Yang, Yintang},
  journal={IEEE Transactions on Industrial Informatics},
  volume={17},
  number={9},
  pages={6314--6323},
  year={2021},
  publisher={IEEE}
}

@article{zhao2024community,
  title={Community awareness personalized federated learning for defect detection},
  author={Zhao, Hongwei and Liu, Qiyuan and Sun, Haoyun and Xu, Liang and Zhang, Weishan and Zhao, Yikang and Wang, Fei-Yue},
  journal={IEEE Transactions on Computational Social Systems},
  year={2024},
  publisher={IEEE}
}

