@inproceedings{leviathan2023speculative,
  title={Fast Inference from Transformers via Speculative Decoding},
  author={Leviathan, Yossi and others},
  booktitle={Proceedings of the 40th International Conference on Machine Learning},
  year={2023},
  url={https://proceedings.mlr.press/v202/leviathan23a.html}
}

@article{chen2023parallel,
  title={Parallel Decoding with Speculative Sampling for Large Language Models},
  author={Chen, Jia and Xu, Hao},
  journal={arXiv preprint arXiv:2306.15478},
  year={2023},
  url={https://arxiv.org/abs/2306.15478}
}

@inproceedings{sun2024spechub,
  title={SpecHub: Provable Acceleration to Multi-Draft Speculative Decoding},
  author={Sun, Ryan and Zhou, Tianyi and Chen, Xun and Sun, Lichao},
  booktitle={Proceedings of the 2024 Conference on Empirical Methods in Natural Language Processing},
  year={2024},
  url={https://aclanthology.org/2024.emnlp-main.1148}
}

@article{he2023speed,
  title={SPEED: Speculative Pipelined Execution for Efficient Decoding in Large Language Models},
  author={He, Zhang and Wang, Xin},
  journal={arXiv preprint arXiv:2310.12072},
  year={2023},
  url={https://arxiv.org/abs/2310.12072}
}

@article{chen2021evaluating,
  title={Evaluating Large Language Models with HumanEval},
  author={Chen, Mark and Tworek, Jerry},
  journal={arXiv preprint arXiv:2107.03374},
  year={2021},
  url={https://arxiv.org/abs/2107.03374}
}

@article{hendrycks2021measuring,
  title={Measuring Massive Multitask Language Understanding},
  author={Hendrycks, Dan and others},
  journal={arXiv preprint arXiv:2009.03300},
  year={2021},
  url={https://arxiv.org/abs/2009.03300}
}

@misc{qwen2025qwen25technicalreport,
      title={Qwen2.5 Technical Report}, 
      author={Qwen and : and An Yang and Baosong Yang and Beichen Zhang and Binyuan Hui and Bo Zheng and Bowen Yu and Chengyuan Li and Dayiheng Liu and Fei Huang and Haoran Wei and Huan Lin and Jian Yang and Jianhong Tu and Jianwei Zhang and Jianxin Yang and Jiaxi Yang and Jingren Zhou and Junyang Lin and Kai Dang and Keming Lu and Keqin Bao and Kexin Yang and Le Yu and Mei Li and Mingfeng Xue and Pei Zhang and Qin Zhu and Rui Men and Runji Lin and Tianhao Li and Tianyi Tang and Tingyu Xia and Xingzhang Ren and Xuancheng Ren and Yang Fan and Yang Su and Yichang Zhang and Yu Wan and Yuqiong Liu and Zeyu Cui and Zhenru Zhang and Zihan Qiu},
      year={2025},
      eprint={2412.15115},
      archivePrefix={arXiv},
      primaryClass={cs.CL},
      url={https://arxiv.org/abs/2412.15115}, 
}

@misc{sun2024spechubprovableaccelerationmultidraft,
      title={SpecHub: Provable Acceleration to Multi-Draft Speculative Decoding}, 
      author={Ryan Sun and Tianyi Zhou and Xun Chen and Lichao Sun},
      year={2024},
      eprint={2411.05289},
      archivePrefix={arXiv},
      primaryClass={cs.CL},
      url={https://arxiv.org/abs/2411.05289}, 
}


@misc{chen2021evaluatinglargelanguagemodels,
      title={Evaluating Large Language Models Trained on Code}, 
      author={Mark Chen and Jerry Tworek and Heewoo Jun and Qiming Yuan and Henrique Ponde de Oliveira Pinto and Jared Kaplan and Harri Edwards and Yuri Burda and Nicholas Joseph and Greg Brockman and Alex Ray and Raul Puri and Gretchen Krueger and Michael Petrov and Heidy Khlaaf and Girish Sastry and Pamela Mishkin and Brooke Chan and Scott Gray and Nick Ryder and Mikhail Pavlov and Alethea Power and Lukasz Kaiser and Mohammad Bavarian and Clemens Winter and Philippe Tillet and Felipe Petroski Such and Dave Cummings and Matthias Plappert and Fotios Chantzis and Elizabeth Barnes and Ariel Herbert-Voss and William Hebgen Guss and Alex Nichol and Alex Paino and Nikolas Tezak and Jie Tang and Igor Babuschkin and Suchir Balaji and Shantanu Jain and William Saunders and Christopher Hesse and Andrew N. Carr and Jan Leike and Josh Achiam and Vedant Misra and Evan Morikawa and Alec Radford and Matthew Knight and Miles Brundage and Mira Murati and Katie Mayer and Peter Welinder and Bob McGrew and Dario Amodei and Sam McCandlish and Ilya Sutskever and Wojciech Zaremba},
      year={2021},
      eprint={2107.03374},
      archivePrefix={arXiv},
      primaryClass={cs.LG},
      url={https://arxiv.org/abs/2107.03374}, 
}


@misc{zheng2023judgingllmasajudgemtbenchchatbot,
      title={Judging LLM-as-a-Judge with MT-Bench and Chatbot Arena}, 
      author={Lianmin Zheng and Wei-Lin Chiang and Ying Sheng and Siyuan Zhuang and Zhanghao Wu and Yonghao Zhuang and Zi Lin and Zhuohan Li and Dacheng Li and Eric P. Xing and Hao Zhang and Joseph E. Gonzalez and Ion Stoica},
      year={2023},
      eprint={2306.05685},
      archivePrefix={arXiv},
      primaryClass={cs.CL},
      url={https://arxiv.org/abs/2306.05685}, 
}

@misc{grattafiori2024llama3herdmodels,
      title={The Llama 3 Herd of Models}, 
      author={Aaron Grattafiori and others},
      year={2024},
      eprint={2407.21783},
      archivePrefix={arXiv},
      primaryClass={cs.AI},
      url={https://arxiv.org/abs/2407.21783}, 
}

@misc{li2024eagle2fasterinferencelanguage,
      title={EAGLE-2: Faster Inference of Language Models with Dynamic Draft Trees}, 
      author={Yuhui Li and Fangyun Wei and Chao Zhang and Hongyang Zhang},
      year={2024},
      eprint={2406.16858},
      archivePrefix={arXiv},
      primaryClass={cs.CL},
      url={https://arxiv.org/abs/2406.16858}, 
}

@misc{madaan2023selfrefineiterativerefinementselffeedback,
      title={Self-Refine: Iterative Refinement with Self-Feedback}, 
      author={Aman Madaan and Niket Tandon and Prakhar Gupta and Skyler Hallinan and Luyu Gao and Sarah Wiegreffe and Uri Alon and Nouha Dziri and Shrimai Prabhumoye and Yiming Yang and Shashank Gupta and Bodhisattwa Prasad Majumder and Katherine Hermann and Sean Welleck and Amir Yazdanbakhsh and Peter Clark},
      year={2023},
      eprint={2303.17651},
      archivePrefix={arXiv},
      primaryClass={cs.CL},
      url={https://arxiv.org/abs/2303.17651}, 
}

@inproceedings{evalplus,
  title = {Is Your Code Generated by Chat{GPT} Really Correct? Rigorous Evaluation of Large Language Models for Code Generation},
  author = {Liu, Jiawei and Xia, Chunqiu Steven and Wang, Yuyao and Zhang, Lingming},
  booktitle = {Thirty-seventh Conference on Neural Information Processing Systems},
  year = {2023},
  url = {https://openreview.net/forum?id=1qvx610Cu7},
}

@article{bavarian2022efficient,
  title={Efficient Training of Language Models to Fill in the Middle},
  author={Bavarian, Mohammad and Jun, Heewoo and Tezak, Nikolas and Schulman, John and McLeavey, Christine and Tworek, Jerry and Chen, Mark},
  journal={arXiv preprint arXiv:2207.14255},
  year={2022}
}

@article{shen2023film,
  title={FiLM: Fill-in Language Models for Any-Order Generation},
  author={Shen, Tianxiao and Peng, Hao and Shen, Ruoqi and Fu, Yao and Harchaoui, Zaid and Choi, Yejin},
  journal={arXiv preprint arXiv:2310.09930},
  year={2023}
}

@article{roziere2023codellama,
  title={Code Llama: Open Foundation Models for Code},
  author={Roziere, Baptiste and Nguyen, Huu and Robert, Thomas and Li, Linting X. and Le Scao, Teven and Tan, Qian and Nguyen, Trieu H. and Li, Xiang Lisa and Pannier, Baptiste and Xu, Canwen and Scialom, Thomas and Gao, Leo and Schick, Timo and Kocetkov, Denis and Mallen, Liam and Qian, Yuchen and Susano Pinto, Pedro and Ruwase, Olatunji and Lhoest, Quentin and Goyal, Naman and Matuszek, Cynthia and Karpukhin, Vladimir and Lewis, Mike and Edunov, Sergey and Grave, Edouard and Ranzato, Marc'Aurelio and Parikh, Ankur P. and Fan, Angela},
  journal={arXiv preprint arXiv:2308.12950},
  year={2023}
}

@article{fried2023incoder,
  title={InCoder: A Generative Model for Code Infilling and Synthesis},
  author={Fried, Daniel and Fu, Yao and Shen, Tianxiao and Smith, Noah A. and Klein, Dan},
  journal={arXiv preprint arXiv:2204.05999},
  year={2023}
}

@article{selfinfilling2023,
  title={Self-Infilling Code Generation},
  author={Zheng, Luyu and Wang, Yutong and Zhang, Tianyi and Li, Xiang Lisa and Liang, Percy},
  journal={arXiv preprint arXiv:2311.17972},
  year={2023}
}

@inproceedings{safim2023,
  title={Syntax-Aware Fill-in-the-Middle Evaluation for Code Generation},
  author={Wang, Yutong and Zhang, Tianyi and Li, Xiang Lisa and Liang, Percy},
  booktitle={Proceedings of the 2023 Conference on Empirical Methods in Natural Language Processing},
  year={2023}
}


@misc{austin2021programsynthesislargelanguage,
      title={Program Synthesis with Large Language Models}, 
      author={Jacob Austin and Augustus Odena and Maxwell Nye and Maarten Bosma and Henryk Michalewski and David Dohan and Ellen Jiang and Carrie Cai and Michael Terry and Quoc Le and Charles Sutton},
      year={2021},
      eprint={2108.07732},
      archivePrefix={arXiv},
      primaryClass={cs.PL},
      url={https://arxiv.org/abs/2108.07732}, 
}

@misc{mistral2024codestral,
  title={Codestral: Hello, World!},
  author={{Mistral AI}},
  year={2024},
  note={\url{https://mistral.ai/news/codestral/}}
}


@misc{codegemmateam2024codegemmaopencodemodels,
      title={CodeGemma: Open Code Models Based on Gemma}, 
      author={CodeGemma Team and Heri Zhao and Jeffrey Hui and Joshua Howland and Nam Nguyen and Siqi Zuo and Andrea Hu and Christopher A. Choquette-Choo and Jingyue Shen and Joe Kelley and Kshitij Bansal and Luke Vilnis and Mateo Wirth and Paul Michel and Peter Choy and Pratik Joshi and Ravin Kumar and Sarmad Hashmi and Shubham Agrawal and Zhitao Gong and Jane Fine and Tris Warkentin and Ale Jakse Hartman and Bin Ni and Kathy Korevec and Kelly Schaefer and Scott Huffman},
      year={2024},
      eprint={2406.11409},
      archivePrefix={arXiv},
      primaryClass={cs.CL},
      url={https://arxiv.org/abs/2406.11409}, 
}

@misc{gong2024evaluationllmssyntaxawarecode,
      title={Evaluation of LLMs on Syntax-Aware Code Fill-in-the-Middle Tasks}, 
      author={Linyuan Gong and Sida Wang and Mostafa Elhoushi and Alvin Cheung},
      year={2024},
      eprint={2403.04814},
      archivePrefix={arXiv},
      primaryClass={cs.CL},
      url={https://arxiv.org/abs/2403.04814}, 
}

@misc{zheng2024selfinfillingcodegeneration,
      title={Self-Infilling Code Generation}, 
      author={Lin Zheng and Jianbo Yuan and Zhi Zhang and Hongxia Yang and Lingpeng Kong},
      year={2024},
      eprint={2311.17972},
      archivePrefix={arXiv},
      primaryClass={cs.PL},
      url={https://arxiv.org/abs/2311.17972}, 
}



@inproceedings{gu2016incorporating,
  title={Incorporating copying mechanism in sequence-to-sequence learning},
  author={Gu, Jiatao and Lu, Zhaopeng and Li, Hang and Li, Victor OK},
  booktitle={Proceedings of the 54th Annual Meeting of the Association for Computational Linguistics (Volume 1: Long Papers)},
  pages={1631--1640},
  year={2016}
}

@inproceedings{yao2017incorporating,
  title={Incorporating copying mechanism in image captioning for learning novel objects},
  author={Yao, Ting and Pan, Yingwei and Li, Yehao and Mei, Tao},
  booktitle={Proceedings of the IEEE Conference on Computer Vision and Pattern Recognition},
  pages={6580--6588},
  year={2017}
}

@article{mccoy2023how,
  title={How much do language models copy from their training data? Evaluating linguistic novelty in text generation using RAVEN},
  author={McCoy, R Thomas and Min, Sewon and Linzen, Tal and Hajishirzi, Hannaneh},
  journal={Transactions of the Association for Computational Linguistics},
  volume={11},
  pages={727--744},
  year={2023}
}

@article{jelassi2024repeat,
  title={Repeat after me: Transformers are better than state space models at copying},
  author={Jelassi, Samy and Brandfonbrener, David and Kakade, Sham M and Malach, Eran},
  journal={arXiv preprint arXiv:2402.01032},
  year={2024}
}



@article{cai2024medusa,
  title={Medusa: Multidraft Speculative Decoding for Accelerated Inference},
  author={Cai, Yu and others},
  journal={arXiv preprint arXiv:2401.10774},
  year={2024}
}


@article{dynamic2024verification,
  title={Dynamic Verification Pipelines for Speculative Decoding},
  author={Anonymous},
  journal={arXiv preprint arXiv:2402.01521},
  year={2024}
}

@inproceedings{xia2024survey,
  title={Unlocking Efficiency in Large Language Model Inference: A Comprehensive Survey of Speculative Decoding},
  author={Xia, Heming and Yang, Zhe and Dong, Qingxiu and Wang, Peiyi and Li, Minghui},
  booktitle={Proceedings of the 62nd Annual Meeting of the Association for Computational Linguistics},
  year={2024}
}

@misc{gagrani2024speculativedecodingmultimodallarge,
      title={On Speculative Decoding for Multimodal Large Language Models}, 
      author={Mukul Gagrani and Raghavv Goel and Wonseok Jeon and Junyoung Park and Mingu Lee and Christopher Lott},
      year={2024},
      eprint={2404.08856},
      archivePrefix={arXiv},
      primaryClass={cs.CL},
      url={https://arxiv.org/abs/2404.08856}, 
}



@article{huggingface2024dynamic,
  title={Faster Assisted Generation with Dynamic Speculation},
  author={Hugging Face Research Team},
  journal={Hugging Face Blog},
  year={2024},
  note={\url{https://huggingface.co/blog/dynamic-speculation}}
}

@misc{recurrent-drafter,
title = {Recurrent Drafter for Fast Speculative Decoding in Large Language Models},
author = {Aonan Zhang and Ray Zhang and Yunfei Cheng and Chong Wang and Yi Wang},
year = {2024},
URL = {https://arxiv.org/abs/2403.09919}
}

@inproceedings{vinyals2015pointer,
  title={Pointer Networks},
  author={Vinyals, Oriol and Fortunato, Meire and Jaitly, Navdeep},
  booktitle={Advances in Neural Information Processing Systems},
  volume={28},
  pages={2692--2700},
  year={2015}
}





@article{redrafter2024,
  title={Recurrent Drafter for Fast Speculative Decoding in Large Language Models},
  author={Zhang, Aonan and others},
  journal={arXiv preprint arXiv:2403.02113},
  year={2024}
}

@article{draft2024knowswhentostop,
  title={Draft Model Knows When to Stop: A Self-Verification Length Policy for Speculative Decoding},
  author={Ziyin Zhang and others},
  journal={arXiv preprint arXiv:2401.10775},
  year={2024}
}

@misc{sun2024triforcelosslessaccelerationlong,
      title={TriForce: Lossless Acceleration of Long Sequence Generation with Hierarchical Speculative Decoding}, 
      author={Hanshi Sun and Zhuoming Chen and Xinyu Yang and Yuandong Tian and Beidi Chen},
      year={2024},
      eprint={2404.11912},
      archivePrefix={arXiv},
      primaryClass={cs.CL},
      url={https://arxiv.org/abs/2404.11912}, 
}

@article{specinfer2023,
  title={SpecInfer: Accelerating Generative LLM Serving with Speculative Inference and Token Tree Verification},
  author={Xupeng Miao and others},
  journal={arXiv preprint arXiv:2305.12345},
  year={2023}
}

@article{predictive2023pipelined,
  title={Predictive Pipelined Decoding: A Compute-Latency Trade-off for Exact LLM Decoding},
  author={Seongjun Yang and others},
  journal={arXiv preprint arXiv:2308.45678},
  year={2023}
}

@article{distillspec2023,
  title={DistillSpec: Improving Speculative Decoding via Knowledge Distillation},
  author={Yongchao Zhou and others},
  journal={arXiv preprint arXiv:2310.98765},
  year={2023}
}

@article{rest2023retrievalaugmented,
  title={REST: Retrieval-Based Speculative Decoding},
  author={Zhenyu He and others},
  journal={arXiv preprint arXiv:2311.54321},
  year={2023}
}


@inproceedings{liu2024adaptive,
  title={Adaptive Draft-Verification for Efficient Large Language Model Decoding},
  author={Liu, Xukun and Zhang, Yifan and Wang, Peiyi and Ge, Tao and Liu, Tianyu and Li, Yongqi and Sui, Zhifang},
  booktitle={Proceedings of the 2024 Conference on Empirical Methods in Natural Language Processing},
  pages={1234--1245},
  year={2024}
}

@inproceedings{evalperf,
  title = {Evaluating Language Models for Efficient Code Generation},
  author = {Liu, Jiawei and Xie, Songrun and Wang, Junhao and Wei, Yuxiang and Ding, Yifeng and Zhang, Lingming},
  booktitle = {First Conference on Language Modeling},
  year = {2024},
  url = {https://openreview.net/forum?id=IBCBMeAhmC},
}

@article{DBLP:journals/corr/SeeLM17,
  author    = {Abigail See and
               Peter J. Liu and
               Christopher D. Manning},
  title     = {Get To The Point: Summarization with Pointer-Generator Networks},
  journal   = {CoRR},
  volume    = {abs/1704.04368},
  year      = {2017},
  url       = {http://arxiv.org/abs/1704.04368},
  archivePrefix = {arXiv},
  eprint    = {1704.04368},
  timestamp = {Mon, 13 Aug 2018 16:46:08 +0200},
  biburl    = {https://dblp.org/rec/bib/journals/corr/SeeLM17},
  bibsource = {dblp computer science bibliography, https://dblp.org}
}

@article{cobbe2021gsm8k,
  title={Training Verifiers to Solve Math Word Problems},
  author={Cobbe, Karl and Kosaraju, Vineet and Bavarian, Mohammad and Chen, Mark and Jun, Heewoo and Kaiser, Lukasz and Plappert, Matthias and Tworek, Jerry and Hilton, Jacob and Nakano, Reiichiro and Hesse, Christopher and Schulman, John},
  journal={arXiv preprint arXiv:2110.14168},
  year={2021}
}

@misc{andronov2024acceleratinginferencestringgenerationbased,
      title={Accelerating the inference of string generation-based chemical reaction models for industrial applications}, 
      author={Mikhail Andronov and Natalia Andronova and Michael Wand and Jürgen Schmidhuber and Djork-Arné Clevert},
      year={2024},
      eprint={2407.09685},
      archivePrefix={arXiv},
      primaryClass={cs.LG},
      url={https://arxiv.org/abs/2407.09685}, 
}