@inproceedings{an2024fluctuation,
  title={Fluctuation-based adaptive structured pruning for large language models},
  author={An, Yongqi and Zhao, Xu and Yu, Tao and Tang, Ming and Wang, Jinqiao},
  booktitle={Proceedings of the AAAI Conference on Artificial Intelligence},
  pages={10865--10873},
  year={2024}
}

@article{bartz2014evolutionary,
  title={Evolutionary algorithms},
  author={Bartz-Beielstein, Thomas and Branke, J{\"u}rgen and Mehnen, J{\"o}rn and Mersmann, Olaf},
  journal={Wiley Interdisciplinary Reviews: Data Mining and Knowledge Discovery},
  volume={4},
  number={3},
  pages={178--195},
  year={2014},
  publisher={Wiley Online Library}
}

@article{brown2020language,
  title={Language models are few-shot learners},
  author={Brown, Tom and Mann, Benjamin and Ryder, Nick and Subbiah, Melanie and Kaplan, Jared D and Dhariwal, Prafulla and Neelakantan, Arvind and Shyam, Pranav and Sastry, Girish and Askell, Amanda and others},
  journal={Advances in neural information processing systems},
  volume={33},
  pages={1877--1901},
  year={2020}
}

@article{chen2024evoprompting,
  title={EvoPrompting: language models for code-level neural architecture search},
  author={Chen, Angelica and Dohan, David and So, David},
  journal={Advances in Neural Information Processing Systems},
  volume={36},
  year={2024}
}

@article{eiben2015evolutionary,
  title={What is an evolutionary algorithm?},
  author={Eiben, Agoston E and Smith, James E and Eiben, AE and Smith, JE},
  journal={Introduction to evolutionary computing},
  pages={25--48},
  year={2015},
  publisher={Springer}
}

@article{guo2023connecting,
  title={Connecting large language models with evolutionary algorithms yields powerful prompt optimizers},
  author={Guo, Qingyan and Wang, Rui and Guo, Junliang and Li, Bei and Song, Kaitao and Tan, Xu and Liu, Guoqing and Bian, Jiang and Yang, Yujiu},
  journal={arXiv preprint arXiv:2309.08532},
  year={2023}
}

@article{hong2023metagpt,
  title={Metagpt: Meta programming for multi-agent collaborative framework},
  author={Hong, Sirui and Zheng, Xiawu and Chen, Jonathan and Cheng, Yuheng and Wang, Jinlin and Zhang, Ceyao and Wang, Zili and Yau, Steven Ka Shing and Lin, Zijuan and Zhou, Liyang and others},
  journal={arXiv preprint arXiv:2308.00352},
  year={2023}
}

@article{hou2020dynabert,
  title={Dynabert: Dynamic bert with adaptive width and depth},
  author={Hou, Lu and Huang, Zhiqi and Shang, Lifeng and Jiang, Xin and Chen, Xiao and Liu, Qun},
  journal={Advances in Neural Information Processing Systems},
  volume={33},
  pages={9782--9793},
  year={2020}
}

@article{huang2022towards,
  title={Towards reasoning in large language models: A survey},
  author={Huang, Jie and Chang, Kevin Chen-Chuan},
  journal={arXiv preprint arXiv:2212.10403},
  year={2022}
}

@incollection{lehman2023evolution,
  title={Evolution through large models},
  author={Lehman, Joel and Gordon, Jonathan and Jain, Shawn and Ndousse, Kamal and Yeh, Cathy and Stanley, Kenneth O},
  booktitle={Handbook of Evolutionary Machine Learning},
  pages={331--366},
  year={2023},
  publisher={Springer}
}

@inproceedings{liu2024evolution,
  title={Evolution of Heuristics: Towards Efficient Automatic Algorithm Design Using Large Language Model},
  author={Liu, Fei and Xialiang, Tong and Yuan, Mingxuan and Lin, Xi and Luo, Fu and Wang, Zhenkun and Lu, Zhichao and Zhang, Qingfu},
  booktitle={Forty-first International Conference on Machine Learning},
  year={2024}
}

@inproceedings{liventsev2023fully,
  title={Fully autonomous programming with large language models},
  author={Liventsev, Vadim and Grishina, Anastasiia and H{\"a}rm{\"a}, Aki and Moonen, Leon},
  booktitle={Proceedings of the Genetic and Evolutionary Computation Conference},
  pages={1146--1155},
  year={2023}
}

@article{ma2023llm,
  title={Llm-pruner: On the structural pruning of large language models},
  author={Ma, Xinyin and Fang, Gongfan and Wang, Xinchao},
  journal={Advances in neural information processing systems},
  volume={36},
  pages={21702--21720},
  year={2023}
}

@article{madani2023large,
  title={Large language models generate functional protein sequences across diverse families},
  author={Madani, Ali and Krause, Ben and Greene, Eric R and Subramanian, Subu and Mohr, Benjamin P and Holton, James M and Olmos, Jose Luis and Xiong, Caiming and Sun, Zachary Z and Socher, Richard and others},
  journal={Nature Biotechnology},
  volume={41},
  number={8},
  pages={1099--1106},
  year={2023},
  publisher={Nature Publishing Group}
}

@article{minitron2024,
  title={Compact language models via pruning and knowledge distillation},
  author={Muralidharan, Saurav and Sreenivas, Sharath Turuvekere and Joshi, Raviraj and Chochowski, Marcin and Patwary, Mostofa and Shoeybi, Mohammad and Catanzaro, Bryan and Kautz, Jan and Molchanov, Pavlo},
  journal={arXiv preprint arXiv:2407.14679},
  year={2024}
}

@article{molchanov2016pruning,
  title={Pruning convolutional neural networks for resource efficient inference},
  author={Molchanov, Pavlo and Tyree, Stephen and Karras, Tero and Aila, Timo and Kautz, Jan},
  journal={arXiv preprint arXiv:1611.06440},
  year={2016}
}

@article{naveed2023comprehensive,
  title={A comprehensive overview of large language models},
  author={Naveed, Humza and Khan, Asad Ullah and Qiu, Shi and Saqib, Muhammad and Anwar, Saeed and Usman, Muhammad and Akhtar, Naveed and Barnes, Nick and Mian, Ajmal},
  journal={arXiv preprint arXiv:2307.06435},
  year={2023}
}

@article{romera2024mathematical,
  title={Mathematical discoveries from program search with large language models},
  author={Romera-Paredes, Bernardino and Barekatain, Mohammadamin and Novikov, Alexander and Balog, Matej and Kumar, M Pawan and Dupont, Emilien and Ruiz, Francisco JR and Ellenberg, Jordan S and Wang, Pengming and Fawzi, Omar and others},
  journal={Nature},
  volume={625},
  number={7995},
  pages={468--475},
  year={2024},
  publisher={Nature Publishing Group UK London}
}

@article{sun2023simple,
  title={A simple and effective pruning approach for large language models},
  author={Sun, Mingjie and Liu, Zhuang and Bair, Anna and Kolter, J Zico},
  journal={arXiv preprint arXiv:2306.11695},
  year={2023}
}

@article{wei2022chain,
  title={Chain-of-thought prompting elicits reasoning in large language models},
  author={Wei, Jason and Wang, Xuezhi and Schuurmans, Dale and Bosma, Maarten and Xia, Fei and Chi, Ed and Le, Quoc V and Zhou, Denny and others},
  journal={Advances in neural information processing systems},
  volume={35},
  pages={24824--24837},
  year={2022}
}

@article{whitley2001overview,
  title={An overview of evolutionary algorithms: practical issues and common pitfalls},
  author={Whitley, Darrell},
  journal={Information and software technology},
  volume={43},
  number={14},
  pages={817--831},
  year={2001},
  publisher={Elsevier}
}

@article{xia2023sheared,
  title={Sheared llama: Accelerating language model pre-training via structured pruning},
  author={Xia, Mengzhou and Gao, Tianyu and Zeng, Zhiyuan and Chen, Danqi},
  journal={arXiv preprint arXiv:2310.06694},
  year={2023}
}

@article{xu2023wizardlm,
  title={Wizardlm: Empowering large language models to follow complex instructions},
  author={Xu, Can and Sun, Qingfeng and Zheng, Kai and Geng, Xiubo and Zhao, Pu and Feng, Jiazhan and Tao, Chongyang and Jiang, Daxin},
  journal={arXiv preprint arXiv:2304.12244},
  year={2023}
}

@article{zheng2023can,
  title={Can gpt-4 perform neural architecture search?},
  author={Zheng, Mingkai and Su, Xiu and You, Shan and Wang, Fei and Qian, Chen and Xu, Chang and Albanie, Samuel},
  journal={arXiv preprint arXiv:2304.10970},
  year={2023}
}

