@article{Diffusion_Bioinformatics,
    author    = {Guo, Zhiye and Liu, Jian and Wang, Yanli and Chen, Mengrui and Wang, Duolin and Xu, Dong and Cheng, Jianlin},
    title     = {Diffusion Models in Bioinformatics: A New Wave of Deep Learning Revolution in Action},
    journal   = {CoRR},
    volume    = {abs/2302.10907},
    year      = {2023},
    url       = {https://arxiv.org/abs/2302.10907},
    eprint    = {2302.10907},
    archivePrefix = {arXiv},
    primaryClass = {cs.LG},
}

@InProceedings{Goetschalckx_2019_ICCV_ganalyze,
  author    = {Goetschalckx, Lore and Andonian, Alex and Oliva, Aude and Isola, Phillip},
  title     = {GANalyze: Toward Visual Definitions of Cognitive Image Properties},
  booktitle = {Proceedings of the IEEE/CVF International Conference on Computer Vision (ICCV)},
  month     = {October},
  year      = {2019},
  pages     = {5743-5752},
  doi       = {10.1109/ICCV.2019.00584}
}

@misc{INFO_NCE,
      title={Representation Learning with Contrastive Predictive Coding}, 
      author={Aaron van den Oord and Yazhe Li and Oriol Vinyals},
      year={2019},
      eprint={1807.03748},
      archivePrefix={arXiv},
      primaryClass={cs.LG},
      url={https://arxiv.org/abs/1807.03748}, 
}

@InProceedings{Lang_2021_ICCV,
  author    = {Lang, Oran and Gandelsman, Yossi and Yarom, Michal and Wald, Yoav and Elidan, Gal and Hassidim, Avinatan and Freeman, William T. and Isola, Phillip and Globerson, Amir and Irani, Michal and Mosseri, Inbar},
  title     = {Explaining in Style: Training a GAN To Explain a Classifier in StyleSpace},
  booktitle = {Proceedings of the IEEE/CVF International Conference on Computer Vision (ICCV)},
  month     = {October},
  year      = {2021},
}

@inproceedings{Singla2020,
  title={Explanation by Progressive Exaggeration},
  author={Sumedha Singla and Brian Pollack and Junxiang Chen and Kayhan Batmanghelich},
  booktitle={Proceedings of the International Conference on Learning Representations (ICLR)},
  year={2020},
  url={https://openreview.net/forum?id=r1xDBaEKvH},
}

@article{Unet,
  author       = {Olaf Ronneberger and
                  Philipp Fischer and
                  Thomas Brox},
  title        = {U-Net: Convolutional Networks for Biomedical Image Segmentation},
  journal      = {CoRR},
  volume       = {abs/1505.04597},
  year         = {2015},
  url          = {http://arxiv.org/abs/1505.04597},
  eprinttype    = {arXiv},
  eprint       = {1505.04597},
  timestamp    = {Mon, 13 Aug 2018 16:46:52 +0200},
  biburl       = {https://dblp.org/rec/journals/corr/RonnebergerFB15.bib},
  bibsource    = {dblp computer science bibliography, https://dblp.org}
}

@misc{bourou,
      title={Unpaired Image-to-Image Translation with Limited Data to Reveal Subtle Phenotypes}, 
      author={Anis Bourou and Auguste Genovesio},
      year={2023},
      eprint={2302.08503},
      archivePrefix={arXiv},
      primaryClass={cs.CV}
}

@InProceedings{bourou_2,
        author = { Bourou, Anis and Boyer, Thomas and Gheisari, Marzieh and Daupin, Kévin and Dubreuil, Véronique and De Thonel, Aurélie and Mezger, Valérie and Genovesio, Auguste},
        title = { { PhenDiff: Revealing Subtle Phenotypes with Diffusion Models in Real Images } },
        booktitle = {proceedings of Medical Image Computing and Computer Assisted Intervention -- MICCAI 2024},
        year = {2024},
        publisher = {Springer Nature Switzerland},
        volume = {LNCS 15003},
        month = {October},
        page = {358 -- 367}
}

@article{cellprofiler,
author = {Anne Carpenter et al},
year = {2006},
month = {02},
pages = {R100},
title = {CellProfiler: Image analysis software for identifying and quantifying cell phenotypes},
volume = {7},
journal = {Genome biology},
doi = {10.1186/gb-2006-7-10-r100}
}

@article{cellular_profiling_2,
  title={Image-based profiling for drug discovery: due for a machine-learning upgrade?},
  author={Chandrasekaran, Srinivas Niranj Chandrasekaran and Ceulemans, Hugo and Boyd, Jeffrey D and Carpenter, Anne E},
  journal={Nature Reviews Drug Discovery},
  volume={20},
  pages={145--159},
  year={2021},
  publisher={Nature Publishing Group},
  doi={10.1038/s41573-020-00117-w}
}

@article{cellular_profiling_3,
  title={Predicting cellular responses to complex perturbations in high-throughput screens},
  author={Lotfollahi, Mohammad and Klimovskaia Susmelj, Anna and De Donno, Carlo and Hetzel, Leon and Ji, Yuge and Ibarra, Ignacio L and Srivatsan, Sanjay R and Naghipourfar, Mohsen and Daza, Riza M and Martin, Beth and Shendure, Jay and McFaline-Figueroa, Jose L and Boyeau, Pierre and Wolf, F Alexander and Yakubova, Nafissa and Günnemann, Stephan and Trapnell, Cole and Lopez-Paz, David and Theis, Fabian J},
  journal={Molecular Systems Biology},
  volume={19},
  number={6},
  year={2023},
  publisher={Springer Nature},
  doi={10.15252/msb.202211517}
}

@inproceedings{clip,
  title={Learning transferable visual models from natural language supervision},
  author={Radford, Alec and Kim, Jong Wook and Hallacy, Chris and Ramesh, Aditya and Goh, Gabriel and Agarwal, Sandhini and Sastry, Girish and Askell, Amanda and Mishkin, Pamela and Clark, Jack and others},
  booktitle={International Conference on Machine Learning},
  year={2021}
}

@inproceedings{contragan,
  title={ContraGAN: Contrastive Learning for Conditional Image Generation},
  author={Kang, Minguk and Park, Jaesik},
  booktitle={Advances in Neural Information Processing Systems},
  volume={33},
  pages={21312--21323},
  year={2020}
}

@inproceedings{contrastive_learning,
  title={Understanding the behaviour of contrastive loss},
  author={Wang, Feng and Liu, Huaping},
  booktitle={Proceedings of the IEEE/CVF Conference on Computer Vision and Pattern Recognition},
  pages={2495--2504},
  year={2021}
}

@misc{cyclegan,
      title={Unpaired Image-to-Image Translation using Cycle-Consistent Adversarial Networks}, 
      author={Jun-Yan Zhu and Taesung Park and Phillip Isola and Alexei A. Efros},
      year={2020},
      eprint={1703.10593},
      archivePrefix={arXiv},
      primaryClass={cs.CV}
}

@misc{ddim,
      title={Denoising Diffusion Implicit Models}, 
      author={Jiaming Song and Chenlin Meng and Stefano Ermon},
      year={2022},
      eprint={2010.02502},
      archivePrefix={arXiv},
      primaryClass={cs.LG}
}

@misc{ddpm,
      title={Denoising Diffusion Probabilistic Models}, 
      author={Jonathan Ho and Ajay Jain and Pieter Abbeel},
      year={2020},
      eprint={2006.11239},
      archivePrefix={arXiv},
      primaryClass={cs.LG}
}

@inproceedings{diffusion_ae,
  title={Diffusion Autoencoders: Toward a Meaningful and Decodable Representation},
  author={Preechakul, Konpat and Chatthee, Nattanat and Wizadwongsa, Suttisak and Suwajanakorn, Supasorn},
  booktitle={Proceedings of the IEEE/CVF Conference on Computer Vision and Pattern Recognition (CVPR)},
  pages={10657--10667},
  year={2022},
  doi={10.1109/CVPR52688.2022.01039},
  url={https://Diff-AE.github.io/}
}

@misc{diffusion_beat_gans,
      title={Diffusion Models Beat GANs on Image Synthesis}, 
      author={Prafulla Dhariwal and Alex Nichol},
      year={2021},
      eprint={2105.05233},
      archivePrefix={arXiv},
      primaryClass={cs.LG}
}

@inproceedings{diffusion_contra,
  title={Zero-Shot Contrastive Loss for Text-Guided Diffusion Image Style Transfer},
  author={Serin Yang and Hyunmin Hwang and Jong Chul Ye},
  booktitle={Proceedings of the IEEE/CVF International Conference on Computer Vision (ICCV)},
  year={2023},
  url={https://openaccess.thecvf.com/content/ICCV2023/html/Yang_Zero-Shot_Contrastive_Loss_for_Text-Guided_Diffusion_Image_Style_Transfer_ICCV_2023_paper.html}
}

@misc{diffusion_semantic_space,
      title={Diffusion Models already have a Semantic Latent Space}, 
      author={Mingi Kwon and Jaeseok Jeong and Youngjung Uh},
      year={2023},
      eprint={2210.10960},
      archivePrefix={arXiv},
      primaryClass={cs.CV},
      url={https://arxiv.org/abs/2210.10960}, 
}

@inproceedings{dvce,
  title={Diffusion Visual Counterfactual Explanations},
  author={Augustin, Maximilian and Boreiko, Valentyn and Croce, Francesco and Hein, Matthias},
  booktitle={Advances in Neural Information Processing Systems (NeurIPS)},
  year={2022}
}

@misc{gan,
      title={Generative Adversarial Networks}, 
      author={Ian J. Goodfellow and Jean Pouget-Abadie and Mehdi Mirza and Bing Xu and David Warde-Farley and Sherjil Ozair and Aaron Courville and Yoshua Bengio},
      year={2014},
      eprint={1406.2661},
      archivePrefix={arXiv},
      primaryClass={stat.ML}
}

@inproceedings{global_counterfactual_explanations,
  title={Global Counterfactual Directions},
  author={Sobieski, Bartlomiej and Biecek, Przemysław},
  booktitle={Proceedings of the European Conference on Computer Vision (ECCV)},
  year={2024},
  url={https://arxiv.org/abs/2404.12488},
  doi={10.48550/ARXIV.2404.12488}
}

@inproceedings{grad_cam1,
  title={Grad-CAM: Visual Explanations from Deep Networks via Gradient-based Localization},
  author={Selvaraju, Ramprasaath R and Cogswell, Michael and Das, Abhishek and Vedantam, Ramakrishna and Parikh, Devi and Batra, Dhruv},
  booktitle={Proceedings of the IEEE International Conference on Computer Vision (ICCV)},
  pages={618--626},
  year={2017}
}

@inproceedings{grad_cam2,
  title={Grad-CAM++: Improved Visual Explanations for Deep Convolutional Networks},
  author={Chattopadhay, Aditya and Sarkar, Anirban and Howlader, Prantik and Balasubramanian, Vineeth N},
  booktitle={2018 IEEE Winter Conference on Applications of Computer Vision (WACV)},
  pages={839--847},
  year={2018},
  organization={IEEE}
}

@InProceedings{improved_denoising_diffusion_models,
  title     = {Improved Denoising Diffusion Probabilistic Models},
  author    = {Nichol, Alexander Quinn and Dhariwal, Prafulla},
  booktitle = {Proceedings of the 38th International Conference on Machine Learning},
  pages     = {8162--8171},
  year      = {2021},
  editor    = {Meila, Marina and Zhang, Tong},
  volume    = {139},
  series    = {Proceedings of Machine Learning Research},
  month     = {18--24 Jul},
  publisher = {PMLR},
  url       = {https://proceedings.mlr.press/v139/nichol21a.html},
}

@inproceedings{language_1,
  title={SimCSE: Simple contrastive learning of sentence embeddings},
  author={Gao, Tianyi and Yao, Xingcheng and Chen, Danqi},
  booktitle={Proceedings of the 2021 Conference on Empirical Methods in Natural Language Processing},
  pages={6894--6910},
  year={2021}
}

@article{language_2,
  title={CERT: Contrastive self-supervised learning for language understanding},
  author={Fang, Meng and Smith, Andrew and Guo, Hongyu and others},
  journal={arXiv preprint arXiv:2005.12766},
  year={2020}
}

@InProceedings{latent_clr,
  author    = {Y{\"u}ksel, O{\u{g}}uz Kaan and Simsar, Enis and Er, Ezgi G{\"u}lperi and Yanardag, Pinar},
  title     = {LatentCLR: A Contrastive Learning Approach for Unsupervised Discovery of Interpretable Directions},
  booktitle = {Proceedings of the IEEE/CVF International Conference on Computer Vision (ICCV)},
  month     = {October},
  year      = {2021},
  pages     = {14263-14272}
}

@inproceedings{ldm,
  title={High-resolution image synthesis with latent diffusion models},
  author={Rombach, Robin and Blattmann, Andreas and Lorenz, Dominik and Esser, Patrick and Ommer, Bj{\"o}rn},
  booktitle={Proceedings of the IEEE/CVF Conference on Computer Vision and Pattern Recognition (CVPR)},
  pages={10684--10695},
  year={2022},
  doi={10.1109/CVPR52688.2022.01042}
}

@InProceedings{noise_clr,
  author    = {Dalva, Yusuf and Yanardag, Pinar},
  title     = {NoiseCLR: A Contrastive Learning Approach for Unsupervised Discovery of Interpretable Directions in Diffusion Models},
  booktitle = {Proceedings of the IEEE/CVF Conference on Computer Vision and Pattern Recognition (CVPR)},
  month     = {June},
  year      = {2024},
  pages     = {24209-24218}
}

@article{phenexp,
  title={Revealing invisible cell phenotypes with conditional generative modeling},
  author={Alexis Lamiable et al.},
  journal={Nature Communications},
  year={2022},
  volume={14},
  url={https://api.semanticscholar.org/CorpusID:249873188}
}

@misc{score_based_generative_models,
      title={Generative Modeling by Estimating Gradients of the Data Distribution}, 
      author={Yang Song and Stefano Ermon},
      year={2020},
      eprint={1907.05600},
      archivePrefix={arXiv},
      primaryClass={cs.LG}
}

@inproceedings{simclr,
  title={A simple framework for contrastive learning of visual representations},
  author={Chen, Ting and Kornblith, Simon and Norouzi, Mohammad and Hinton, Geoffrey},
  booktitle={International Conference on Machine Learning},
  pages={1597--1607},
  year={2020}
}

@InProceedings{stable_diffusion,
  author    = {Rombach, Robin and Blattmann, Andreas and Lorenz, Dominik and Esser, Patrick and Ommer, Bj{\"o}rn},
  title     = {High-Resolution Image Synthesis With Latent Diffusion Models},
  booktitle = {Proceedings of the IEEE/CVF Conference on Computer Vision and Pattern Recognition (CVPR)},
  month     = {June},
  year      = {2022},
  pages     = {10684-10695},
  doi       = {10.1109/CVPR52688.2022.01045},
  url       = {https://arxiv.org/abs/2112.10752}
}

@inproceedings{stylegan2,
  title     = {Analyzing and Improving the Image Quality of {StyleGAN}},
  author    = {Tero Karras and Samuli Laine and Miika Aittala and Janne Hellsten and Jaakko Lehtinen and Timo Aila},
  booktitle = {Proc. CVPR},
  year      = {2020}
}

@InProceedings{time_WACV,
  author    = {Jeanneret, Guillaume and Simon, Lo{\"i}c and Jurie, Fr{\'e}d{\'e}ric},
  title     = {Text-to-Image Models for Counterfactual Explanations: A Black-Box Approach},
  booktitle = {Proceedings of the IEEE/CVF Winter Conference on Applications of Computer Vision (WACV)},
  month     = {January},
  year      = {2024},
  pages     = {4757-4767}
}

@inproceedings{triplet_loss,
  title={FaceNet: A unified embedding for face recognition and clustering},
  author={Schroff, Florian and Kalenichenko, Dmitry and Philbin, James},
  booktitle={Proceedings of the IEEE conference on computer vision and pattern recognition},
  pages={815--823},
  year={2015}
}

@article{vae,
    author    = {Kingma, Diederik P. and Welling, Max},
    title     = {Auto-Encoding Variational Bayes},
    journal   = {Proceedings of the International Conference on Learning Representations (ICLR)},
    year      = {2014},
    url       = {https://arxiv.org/abs/1312.6114}
}

