
@inproceedings{
denker2024deft,
title={{DEFT}: Efficient Fine-tuning of Diffusion Models by Learning the Generalised \$h\$-transform},
author={Alexander Denker and Francisco Vargas and Shreyas Padhy and Kieran Didi and Simon V Mathis and Riccardo Barbano and Vincent Dutordoir and Emile Mathieu and Urszula Julia Komorowska and Pietro Lio},
booktitle={The Thirty-eighth Annual Conference on Neural Information Processing Systems},
year={2024},
url={https://openreview.net/forum?id=AKBTFQhCjm}
}

@article{leonard2014some,
  title={Some properties of path measures},
  author={L{\'e}onard, Christian},
  journal={S{\'e}minaire de Probabilit{\'e}s XLVI},
  pages={207--230},
  year={2014},
  publisher={Springer}
}

@article{sun2024dynamical,
  title={Dynamical measure transport and neural PDE solvers for sampling},
  author={Sun, Jingtong and Berner, Julius and Richter, Lorenz and Zeinhofer, Marius and M{\"u}ller, Johannes and Azizzadenesheli, Kamyar and Anandkumar, Anima},
  journal={arXiv preprint arXiv:2407.07873},
  year={2024}
}

@article{heng2021simulating,
  title={Simulating diffusion bridges with score matching},
  author={Heng, Jeremy and De Bortoli, Valentin and Doucet, Arnaud and Thornton, James},
  journal={arXiv preprint arXiv:2111.07243},
  year={2021}
}

@article{mate2023learning,
  title={Learning interpolations between boltzmann densities},
  author={M{\'a}t{\'e}, B{\'a}lint and Fleuret, Fran{\c{c}}ois},
  journal={arXiv preprint arXiv:2301.07388},
  year={2023}
}


@article{berner2022optimal,
  title={An optimal control perspective on diffusion-based generative modeling},
  author={Berner, Julius and Richter, Lorenz and Ullrich, Karen},
  journal={arXiv preprint arXiv:2211.01364},
  year={2022}
}

@article{chen2018neural,
  title={Neural ordinary differential equations},
  author={Chen, Ricky TQ and Rubanova, Yulia and Bettencourt, Jesse and Duvenaud, David K},
  journal={Advances in neural information processing systems},
  volume={31},
  year={2018}
}

@article{grathwohl2018ffjord,
  title={Ffjord: Free-form continuous dynamics for scalable reversible generative models},
  author={Grathwohl, Will and Chen, Ricky TQ and Bettencourt, Jesse and Sutskever, Ilya and Duvenaud, David},
  journal={arXiv preprint arXiv:1810.01367},
  year={2018}
}



@article{hertrich2024importance,
  title={Importance corrected neural JKO sampling},
  author={Hertrich, Johannes and Gruhlke, Robert},
  journal={arXiv preprint arXiv:2407.20444},
  year={2024}
}

@article{woo2024iterated,
  title={Iterated Energy-based Flow Matching for Sampling from Boltzmann Densities},
  author={Woo, Dongyeop and Ahn, Sungsoo},
  journal={arXiv preprint arXiv:2408.16249},
  year={2024}
}

@inproceedings{
midgley2022flow,
title={Flow Annealed Importance Sampling Bootstrap},
author={Laurence Illing Midgley and Vincent Stimper and Gregor N. C. Simm and Bernhard Sch{\"o}lkopf and Jos{\'e} Miguel Hern{\'a}ndez-Lobato},
booktitle={The Eleventh International Conference on Learning Representations },
year={2023},
url={https://openreview.net/forum?id=XCTVFJwS9LJ}
}

@inproceedings{
akhound2024iterated,
title={Iterated Denoising Energy Matching for Sampling from Boltzmann Densities},
author={Tara Akhound-Sadegh and Jarrid Rector-Brooks and Joey Bose and Sarthak Mittal and Pablo Lemos and Cheng-Hao Liu and Marcin Sendera and Siamak Ravanbakhsh and Gauthier Gidel and Yoshua Bengio and Nikolay Malkin and Alexander Tong},
booktitle={Forty-first International Conference on Machine Learning},
year={2024},
url={https://openreview.net/forum?id=gVjMwLDFoQ}
}

@inproceedings{song2021Scorebased,
	title        = {Score-Based Generative Modeling through Stochastic Differential Equations},
	author       = {Song, Yang and {Sohl-Dickstein}, Jascha and Kingma, Diederik P and Kumar, Abhishek and Ermon, Stefano and Poole, Ben},
	year         = 2021,
	booktitle    = {ICLR}
}

@article{anderson1982reverse,
	title        = {Reverse-time diffusion equation models},
	author       = {Anderson, Brian D.O.},
	year         = 1982,
	journal      = {Stochastic Processes and their Applications},
	publisher    = {Elsevier},
	volume       = 12,
	number       = 3,
	pages        = {313--326}
}

@article{galashov2024deep,
  title={Deep MMD Gradient Flow without adversarial training},
  author={Galashov, Alexandre and de Bortoli, Valentin and Gretton, Arthur},
  journal={arXiv preprint arXiv:2405.06780},
  year={2024}
}

@article{du2023nonparametric,
  title={Nonparametric generative modeling with conditional sliced-Wasserstein flows},
  author={Du, Chao and Li, Tianbo and Pang, Tianyu and Yan, Shuicheng and Lin, Min},
  journal={arXiv preprint arXiv:2305.02164},
  year={2023}
}

@inproceedings{
hertrich2023generative,
title={Generative Sliced {MMD} Flows with Riesz Kernels},
author={Johannes Hertrich and Christian Wald and Fabian Altekr{\"u}ger and Paul Hagemann},
booktitle={The Twelfth International Conference on Learning Representations},
year={2024},
url={https://openreview.net/forum?id=VdkGRV1vcf}
}


@inproceedings{
hagemann2023posterior,
title={Posterior Sampling Based on Gradient Flows of the {MMD} with Negative Distance Kernel},
author={Paul Hagemann and Johannes Hertrich and Fabian Altekr{\"u}ger and Robert Beinert and Jannis Chemseddine and Gabriele Steidl},
booktitle={The Twelfth International Conference on Learning Representations},
year={2024},
url={https://openreview.net/forum?id=YrXHEb2qMb}
}


@article{rector2024steering,
  title={Steering Masked Discrete Diffusion Models via Discrete Denoising Posterior Prediction},
  author={Rector-Brooks, Jarrid and Hasan, Mohsin and Peng, Zhangzhi and Quinn, Zachary and Liu, Chenghao and Mittal, Sarthak and Dziri, Nouha and Bronstein, Michael and Bengio, Yoshua and Chatterjee, Pranam and others},
  journal={arXiv preprint arXiv:2410.08134},
  year={2024}
}


@inproceedings{
venkatraman2024amortizing,
title={Amortizing intractable inference in diffusion models for vision, language, and control},
author={Siddarth Venkatraman and Moksh Jain and Luca Scimeca and Minsu Kim and Marcin Sendera and Mohsin Hasan and Luke Rowe and Sarthak Mittal and Pablo Lemos and Emmanuel Bengio and Alexandre Adam and Jarrid Rector-Brooks and Yoshua Bengio and Glen Berseth and Nikolay Malkin},
booktitle={The Thirty-eighth Annual Conference on Neural Information Processing Systems},
year={2024},
url={https://openreview.net/forum?id=gVTkMsaaGI}
}

@inproceedings{
nusken2024transport,
title={Transport meets Variational Inference: Controlled Monte Carlo Diffusions},
author={Francisco Vargas and Shreyas Padhy and Denis Blessing and Nikolas N{\"u}sken},
booktitle={The Twelfth International Conference on Learning Representations},
year={2024},
url={https://openreview.net/forum?id=PP1rudnxiW}
}

@article{nusken2021solving,
  title={Solving high-dimensional Hamilton--Jacobi--Bellman PDEs using neural networks: perspectives from the theory of controlled diffusions and measures on path space},
  author={N{\"u}sken, Nikolas and Richter, Lorenz},
  journal={Partial differential equations and applications},
  volume={2},
  number={4},
  pages={48},
  year={2021},
  publisher={Springer}
}

@article{xu2024imagereward,
  title={Imagereward: Learning and evaluating human preferences for text-to-image generation},
  author={Xu, Jiazheng and Liu, Xiao and Wu, Yuchen and Tong, Yuxuan and Li, Qinkai and Ding, Ming and Tang, Jie and Dong, Yuxiao},
  journal={Advances in Neural Information Processing Systems},
  volume={36},
  year={2024}
}


@misc{berner2025discrete,
      title={From discrete-time policies to continuous-time diffusion samplers: Asymptotic equivalences and faster training}, 
      author={Julius Berner and Lorenz Richter and Marcin Sendera and Jarrid Rector-Brooks and Nikolay Malkin},
      year={2025},
      eprint={2501.06148},
      archivePrefix={arXiv},
      primaryClass={cs.LG},
      url={https://arxiv.org/abs/2501.06148}, 
}

@article{ho2020denoising,
  title={Denoising diffusion probabilistic models},
  author={Ho, Jonathan and Jain, Ajay and Abbeel, Pieter},
  journal={Advances in neural information processing systems},
  volume={33},
  pages={6840--6851},
  year={2020}
}


@inproceedings{
ferbach2024self,
title={Self-Consuming Generative Models with Curated Data Provably Optimize Human Preferences},
author={Damien Ferbach and Quentin Bertrand and Joey Bose and Gauthier Gidel},
booktitle={The Thirty-eighth Annual Conference on Neural Information Processing Systems},
year={2024},
url={https://openreview.net/forum?id=cyv0LkIaoH}
}


@inproceedings{
alemohammad2023self,
title={Self-Consuming Generative Models Go {MAD}},
author={Sina Alemohammad and Josue Casco-Rodriguez and Lorenzo Luzi and Ahmed Imtiaz Humayun and Hossein Babaei and Daniel LeJeune and Ali Siahkoohi and Richard Baraniuk},
booktitle={The Twelfth International Conference on Learning Representations},
year={2024},
url={https://openreview.net/forum?id=ShjMHfmPs0}
}


@article{shumailov2023curse,
  title={The curse of recursion: Training on generated data makes models forget},
  author={Shumailov, Ilia and Shumaylov, Zakhar and Zhao, Yiren and Gal, Yarin and Papernot, Nicolas and Anderson, Ross},
  journal={arXiv preprint arXiv:2305.17493},
  year={2023}
}

@inproceedings{
bertrand2023stability,
title={On the Stability of Iterative Retraining of Generative Models on their own Data},
author={Quentin Bertrand and Joey Bose and Alexandre Duplessis and Marco Jiralerspong and Gauthier Gidel},
booktitle={The Twelfth International Conference on Learning Representations},
year={2024},
url={https://openreview.net/forum?id=JORAfH2xFd}
}


@article{fan2024reinforcement,
  title={Reinforcement learning for fine-tuning text-to-image diffusion models},
  author={Fan, Ying and Watkins, Olivia and Du, Yuqing and Liu, Hao and Ryu, Moonkyung and Boutilier, Craig and Abbeel, Pieter and Ghavamzadeh, Mohammad and Lee, Kangwook and Lee, Kimin},
  journal={Advances in Neural Information Processing Systems},
  volume={36},
  year={2024}
}


@inproceedings{he2016deep,
  title={Deep residual learning for image recognition},
  author={He, Kaiming and Zhang, Xiangyu and Ren, Shaoqing and Sun, Jian},
  booktitle={Proceedings of the IEEE conference on computer vision and pattern recognition},
  pages={770--778},
  year={2016}
}

@inproceedings{
vargas2023denoising,
title={Denoising Diffusion Samplers},
author={Francisco Vargas and Will Sussman Grathwohl and Arnaud Doucet},
booktitle={The Eleventh International Conference on Learning Representations },
year={2023},
url={https://openreview.net/forum?id=8pvnfTAbu1f}
}

@inproceedings{
zhang2021path,
title={Path Integral Sampler: A Stochastic Control Approach For Sampling},
author={Qinsheng Zhang and Yongxin Chen},
booktitle={International Conference on Learning Representations},
year={2022},
url={https://openreview.net/forum?id=_uCb2ynRu7Y}
}

@inproceedings{rombach2022high,
  title={High-resolution image synthesis with latent diffusion models},
  author={Rombach, Robin and Blattmann, Andreas and Lorenz, Dominik and Esser, Patrick and Ommer, Bj{\"o}rn},
  booktitle={Proceedings of the IEEE/CVF conference on computer vision and pattern recognition},
  pages={10684--10695},
  year={2022}
}

@article{watson2023novo,
  title={De novo design of protein structure and function with RFdiffusion},
  author={Watson, Joseph L and Juergens, David and Bennett, Nathaniel R and Trippe, Brian L and Yim, Jason and Eisenach, Helen E and Ahern, Woody and Borst, Andrew J and Ragotte, Robert J and Milles, Lukas F and others},
  journal={Nature},
  volume={620},
  number={7976},
  pages={1089--1100},
  year={2023},
  publisher={Nature Publishing Group UK London}
}

@article{uehara2025reward,
  title={Reward-Guided Controlled Generation for Inference-Time Alignment in Diffusion Models: Tutorial and Review},
  author={Uehara, Masatoshi and Zhao, Yulai and Wang, Chenyu and Li, Xiner and Regev, Aviv and Levine, Sergey and Biancalani, Tommaso},
  journal={arXiv preprint arXiv:2501.09685},
  year={2025}
}

@article{dhariwal2021diffusion,
  title={Diffusion models beat gans on image synthesis},
  author={Dhariwal, Prafulla and Nichol, Alexander},
  journal={Advances in neural information processing systems},
  volume={34},
  pages={8780--8794},
  year={2021}
}

@inproceedings{
song2023solving,
title={Solving Inverse Problems with Latent Diffusion Models via Hard Data Consistency},
author={Bowen Song and Soo Min Kwon and Zecheng Zhang and Xinyu Hu and Qing Qu and Liyue Shen},
booktitle={The Twelfth International Conference on Learning Representations},
year={2024},
url={https://openreview.net/forum?id=j8hdRqOUhN}
}

@inproceedings{
chung2022diffusion,
title={Diffusion Posterior Sampling for General Noisy Inverse Problems},
author={Hyungjin Chung and Jeongsol Kim and Michael Thompson Mccann and Marc Louis Klasky and Jong Chul Ye},
booktitle={The Eleventh International Conference on Learning Representations },
year={2023},
url={https://openreview.net/forum?id=OnD9zGAGT0k}
}


@article{vargas2023bayesian,
  title={Bayesian learning via neural Schr{\"o}dinger--F{\"o}llmer flows},
  author={Vargas, Francisco and Ovsianas, Andrius and Fernandes, David and Girolami, Mark and Lawrence, Neil D and N{\"u}sken, Nikolas},
  journal={Statistics and Computing},
  volume={33},
  number={1},
  pages={3},
  year={2023},
  publisher={Springer}
}

@inproceedings{
hu2021lora,
title={Lo{RA}: Low-Rank Adaptation of Large Language Models},
author={Edward J Hu and yelong shen and Phillip Wallis and Zeyuan Allen-Zhu and Yuanzhi Li and Shean Wang and Lu Wang and Weizhu Chen},
booktitle={International Conference on Learning Representations},
year={2022},
url={https://openreview.net/forum?id=nZeVKeeFYf9}
}

@inproceedings{
clark2023directly,
title={Directly Fine-Tuning Diffusion Models on Differentiable Rewards},
author={Kevin Clark and Paul Vicol and Kevin Swersky and David J. Fleet},
booktitle={The Twelfth International Conference on Learning Representations},
year={2024},
url={https://openreview.net/forum?id=1vmSEVL19f}
}



@article{domingo2024adjoint,
  title={Adjoint matching: Fine-tuning flow and diffusion generative models with memoryless stochastic optimal control},
  author={Domingo-Enrich, Carles and Drozdzal, Michal and Karrer, Brian and Chen, Ricky TQ},
  journal={arXiv preprint arXiv:2409.08861},
  year={2024}
}

@inproceedings{ruiz2022dreambooth,
  title={Dreambooth: Fine tuning text-to-image diffusion models for subject-driven generation},
  author={Ruiz, Nataniel and Li, Yuanzhen and Jampani, Varun and Pritch, Yael and Rubinstein, Michael and Aberman, Kfir},
  booktitle={Proceedings of the IEEE/CVF conference on computer vision and pattern recognition},
  pages={22500--22510},
  year={2023}
}


@article{jalal2021robust,
  title={Robust compressed sensing mri with deep generative priors},
  author={Jalal, Ajil and Arvinte, Marius and Daras, Giannis and Price, Eric and Dimakis, Alexandros G and Tamir, Jon},
  journal={Advances in Neural Information Processing Systems},
  volume={34},
  pages={14938--14954},
  year={2021}
}

@article{rout2024solving,
  title={Solving linear inverse problems provably via posterior sampling with latent diffusion models},
  author={Rout, Litu and Raoof, Negin and Daras, Giannis and Caramanis, Constantine and Dimakis, Alex and Shakkottai, Sanjay},
  journal={Advances in Neural Information Processing Systems},
  volume={36},
  year={2024}
}


@inproceedings{
janati2024divideandconquer,
title={Divide-and-Conquer Posterior Sampling for Denoising Diffusion priors},
author={Yazid Janati and Badr MOUFAD and Alain Oliviero Durmus and Eric Moulines and Jimmy Olsson},
booktitle={The Thirty-eighth Annual Conference on Neural Information Processing Systems},
year={2024},
url={https://openreview.net/forum?id=BOrut7M2X7}
}

@article{richter2020vargrad,
  title={VarGrad: a low-variance gradient estimator for variational inference},
  author={Richter, Lorenz and Boustati, Ayman and N{\"u}sken, Nikolas and Ruiz, Francisco and Akyildiz, Omer Deniz},
  journal={Advances in Neural Information Processing Systems},
  volume={33},
  pages={13481--13492},
  year={2020}
}

@article{malkin2022trajectory,
  title={Trajectory balance: Improved credit assignment in gflownets},
  author={Malkin, Nikolay and Jain, Moksh and Bengio, Emmanuel and Sun, Chen and Bengio, Yoshua},
  journal={Advances in Neural Information Processing Systems},
  volume={35},
  pages={5955--5967},
  year={2022}
}

@inproceedings{
sendera2024improved,
title={Improved off-policy training of diffusion samplers},
author={Marcin Sendera and Minsu Kim and Sarthak Mittal and Pablo Lemos and Luca Scimeca and Jarrid Rector-Brooks and Alexandre Adam and Yoshua Bengio and Nikolay Malkin},
booktitle={The Thirty-eighth Annual Conference on Neural Information Processing Systems},
year={2024},
url={https://openreview.net/forum?id=vieIamY2Gi}
}

@article{ho2022classifier,
  title={Classifier-free diffusion guidance},
  author={Ho, Jonathan and Salimans, Tim},
  journal={arXiv preprint arXiv:2207.12598},
  year={2022}
}

@article{loshchilov2017decoupled,
  title={Decoupled weight decay regularization},
  author={Loshchilov, I},
  journal={arXiv preprint arXiv:1711.05101},
  year={2017}
}

@inproceedings{zhang2023adding,
  title={Adding conditional control to text-to-image diffusion models},
  author={Zhang, Lvmin and Rao, Anyi and Agrawala, Maneesh},
  booktitle={Proceedings of the IEEE/CVF International Conference on Computer Vision},
  pages={3836--3847},
  year={2023}
}

@article{heusel2017gans,
  title={Gans trained by a two time-scale update rule converge to a local nash equilibrium},
  author={Heusel, Martin and Ramsauer, Hubert and Unterthiner, Thomas and Nessler, Bernhard and Hochreiter, Sepp},
  journal={Advances in neural information processing systems},
  volume={30},
  year={2017}
}

@inproceedings{
black2024training,
title={Training Diffusion Models with Reinforcement Learning},
author={Kevin Black and Michael Janner and Yilun Du and Ilya Kostrikov and Sergey Levine},
booktitle={The Twelfth International Conference on Learning Representations},
year={2024},
url={https://openreview.net/forum?id=YCWjhGrJFD}
}