@article{austin2021program,
  title={Program Synthesis with Large Language Models},
  author={Jacob Austin and Augustus Odena and Maxwell Nye and Maarten Bosma and Henryk Michalewski and David Dohan and Ellen Jiang and Carrie J. Cai and Michael Terry and Quoc V. Le and Charles Sutton},
  journal={ArXiv},
  year={2021},
  volume={abs/2108.07732},
  url={https://api.semanticscholar.org/CorpusID:237142385}
}

@article{cassano2022multipl,
  title={Multipl-e: A scalable and extensible approach to benchmarking neural code generation},
  author={Cassano, Federico and Gouwar, John and Nguyen, Daniel and Nguyen, Sydney and Phipps-Costin, Luna and Pinckney, Donald and Yee, Ming-Ho and Zi, Yangtian and Anderson, Carolyn Jane and Feldman, Molly Q and others},
  journal={arXiv preprint arXiv:2208.08227},
  year={2022}
}

@article{chan2024mle,
  title={Mle-bench: Evaluating machine learning agents on machine learning engineering},
  author={Chan, Jun Shern and Chowdhury, Neil and Jaffe, Oliver and Aung, James and Sherburn, Dane and Mays, Evan and Starace, Giulio and Liu, Kevin and Maksin, Leon and Patwardhan, Tejal and others},
  journal={arXiv preprint arXiv:2410.07095},
  year={2024}
}

@article{chen2021evaluating,
  title={Evaluating Large Language Models Trained on Code},
  author={Mark Chen and Jerry Tworek and Heewoo Jun and Qiming Yuan and Henrique Pond{\'e} and Jared Kaplan and Harrison Edwards and Yura Burda and Nicholas Joseph and Greg Brockman and Alex Ray and Raul Puri and Gretchen Krueger and Michael Petrov and Heidy Khlaaf and Girish Sastry and Pamela Mishkin and Brooke Chan and Scott Gray and Nick Ryder and Mikhail Pavlov and Alethea Power and Lukasz Kaiser and Mohammad Bavarian and Clemens Winter and Philippe Tillet and Felipe Petroski Such and David W. Cummings and Matthias Plappert and Fotios Chantzis and Elizabeth Barnes and Ariel Herbert-Voss and William H. Guss and Alex Nichol and Igor Babuschkin and Suchir Balaji and Shantanu Jain and Andrew Carr and Jan Leike and Joshua Achiam and Vedant Misra and Evan Morikawa and Alec Radford and Matthew M. Knight and Miles Brundage and Mira Murati and Katie Mayer and Peter Welinder and Bob McGrew and Dario Amodei and Sam McCandlish and Ilya Sutskever and Wojciech Zaremba},
  journal={ArXiv},
  year={2021},
  volume={abs/2107.03374},
  url={https://api.semanticscholar.org/CorpusID:235755472}
}

@article{hao2022aixbench,
  title={Aixbench: A code generation benchmark dataset},
  author={Hao, Yiyang and Li, Ge and Liu, Yongqiang and Miao, Xiaowei and Zong, He and Jiang, Siyuan and Liu, Yang and Wei, He},
  journal={arXiv preprint arXiv:2206.13179},
  year={2022}
}

@inproceedings{hendrycks2measuring,
  title={Measuring Coding Challenge Competence With APPS},
  author={Hendrycks, Dan and Basart, Steven and Kadavath, Saurav and Mazeika, Mantas and Arora, Akul and Guo, Ethan and Burns, Collin and Puranik, Samir and He, Horace and Song, Dawn and others},
  booktitle={Thirty-fifth Conference on Neural Information Processing Systems Datasets and Benchmarks Track (Round 2)}
}

@inproceedings{lai2023ds,
  title={DS-1000: A natural and reliable benchmark for data science code generation},
  author={Lai, Yuhang and Li, Chengxi and Wang, Yiming and Zhang, Tianyi and Zhong, Ruiqi and Zettlemoyer, Luke and Yih, Wen-tau and Fried, Daniel and Wang, Sida and Yu, Tao},
  booktitle={International Conference on Machine Learning},
  pages={18319--18345},
  year={2023},
  organization={PMLR}
}

@article{shin2023good,
  title={The good, the bad, and the missing: Neural code generation for machine learning tasks},
  author={Shin, Jiho and Wei, Moshi and Wang, Junjie and Shi, Lin and Wang, Song},
  journal={ACM Transactions on Software Engineering and Methodology},
  volume={33},
  number={2},
  pages={1--24},
  year={2023},
  publisher={ACM New York, NY}
}

@article{yu2018spider,
  title={Spider: A large-scale human-labeled dataset for complex and cross-domain semantic parsing and text-to-sql task},
  author={Yu, Tao and Zhang, Rui and Yang, Kai and Yasunaga, Michihiro and Wang, Dongxu and Li, Zifan and Ma, James and Li, Irene and Yao, Qingning and Roman, Shanelle and others},
  journal={arXiv preprint arXiv:1809.08887},
  year={2018}
}

@inproceedings{yu2024codereval,
  title={Codereval: A benchmark of pragmatic code generation with generative pre-trained models},
  author={Yu, Hao and Shen, Bo and Ran, Dezhi and Zhang, Jiaxin and Zhang, Qi and Ma, Yuchi and Liang, Guangtai and Li, Ying and Wang, Qianxiang and Xie, Tao},
  booktitle={Proceedings of the 46th IEEE/ACM International Conference on Software Engineering},
  pages={1--12},
  year={2024}
}

@article{zhang2023repocoder,
  title={Repocoder: Repository-level code completion through iterative retrieval and generation},
  author={Zhang, Fengji and Chen, Bei and Zhang, Yue and Keung, Jacky and Liu, Jin and Zan, Daoguang and Mao, Yi and Lou, Jian-Guang and Chen, Weizhu},
  journal={arXiv preprint arXiv:2303.12570},
  year={2023}
}

