@article{4D_radar_survey,
  title={4d millimeter-wave radar in autonomous driving: A survey},
  author={Han, Zeyu and Wang, Jiahao and Xu, Zikun and Yang, Shuocheng and He, Lei and Xu, Shaobing and Wang, Jianqiang and Li, Keqiang},
  journal={arXiv preprint arXiv:2306.04242},
  year={2023}
}

@inproceedings{4dradar_tutorial,
  author       = {Dong-Hee Paek and Junfeng Guan},
  title        = {Introduction to 4D Radar: Hardware, MIMO, Signal Processing, Dataset, and AI},
  booktitle    = {Tutorial on 2024 IEEE Intelligent Vehicles Symposium},
  year         = {2024},
  url          = {https://www.ieee-iv-4dradar.org/},
  note         = {Tutorial presentation}
}

@inproceedings{FFT-RadNet,
  title={Raw high-definition radar for multi-task learning},
  author={Rebut, Julien and Ouaknine, Arthur and Malik, Waqas and P{\'e}rez, Patrick},
  booktitle={Proceedings of the IEEE/CVF Conference on Computer Vision and Pattern Recognition},
  pages={17021--17030},
  year={2022}
}

@inproceedings{l2r,
  title={L2R GAN: LiDAR-to-radar translation},
  author={Wang, Leichen and Goldluecke, Bastian and Anklam, Carsten},
  booktitle={Proceedings of the Asian Conference on Computer Vision},
  year={2020}
}

@inproceedings{pix2pix,
  title={Image-to-image translation with conditional adversarial networks},
  author={Isola, Phillip and Zhu, Jun-Yan and Zhou, Tinghui and Efros, Alexei A},
  booktitle={Proceedings of the IEEE conference on computer vision and pattern recognition},
  pages={1125--1134},
  year={2017}
}

@inproceedings{pix2pixhd,
  title={High-resolution image synthesis and semantic manipulation with conditional gans},
  author={Wang, Ting-Chun and Liu, Ming-Yu and Zhu, Jun-Yan and Tao, Andrew and Kautz, Jan and Catanzaro, Bryan},
  booktitle={Proceedings of the IEEE conference on computer vision and pattern recognition},
  pages={8798--8807},
  year={2018}
}

@article{radarpointgenerator1,
  title={A novel radar point cloud generation method for robot environment perception},
  author={Cheng, Yuwei and Su, Jingran and Jiang, Mengxin and Liu, Yimin},
  journal={IEEE Transactions on Robotics},
  volume={38},
  number={6},
  pages={3754--3773},
  year={2022},
  publisher={IEEE}
}

@inproceedings{radsimreal,
  title={RadSimReal: Bridging the Gap Between Synthetic and Real Data in Radar Object Detection With Simulation},
  author={Bialer, Oded and Haitman, Yuval},
  booktitle={Proceedings of the IEEE/CVF Conference on Computer Vision and Pattern Recognition},
  pages={15407--15416},
  year={2024}
}

