@article{4D_radar_survey,
  title={4d millimeter-wave radar in autonomous driving: A survey},
  author={Han, Zeyu and Wang, Jiahao and Xu, Zikun and Yang, Shuocheng and He, Lei and Xu, Shaobing and Wang, Jianqiang and Li, Keqiang},
  journal={arXiv preprint arXiv:2306.04242},
  year={2023}
}

@inproceedings{lidar_aug,
  title={Lidar-aug: A general rendering-based augmentation framework for 3d object detection},
  author={Fang, Jin and Zuo, Xinxin and Zhou, Dingfu and Jin, Shengze and Wang, Sen and Zhang, Liangjun},
  booktitle={Proceedings of the IEEE/CVF Conference on Computer Vision and Pattern Recognition},
  pages={4710--4720},
  year={2021}
}

@article{second_gtaug,
  title={Second: Sparsely embedded convolutional detection},
  author={Yan, Yan and Mao, Yuxing and Li, Bo},
  journal={Sensors},
  volume={18},

  pages={3337},
  year={2018},
  publisher={Multidisciplinary Digital Publishing Institute}
}

@inproceedings{pointrcnn_gtaug,
  title={Pointrcnn: 3d object proposal generation and detection from point cloud},
  author={Shi, Shaoshuai and Wang, Xiaogang and Li, Hongsheng},
  booktitle={Proceedings of the IEEE/CVF conference on computer vision and pattern recognition},
  pages={770--779},
  year={2019}
}

@inproceedings{ieee_tutorial,
  author    = {Dong-Hee Paek and Junfeng Guan},
  title     = {Introduction to 4D Radar: Hardware, MIMO, Signal Processing, Dataset, and AI},
  booktitle = {Tutorial on 2024 IEEE Intelligent Vehicles Symposium},
  year      = {2024},
  month     = {June},
  pages     = {},
  url       = {https://www.ieee-iv-4dradar.org/},
  note      = {Accessed: 2024-09-18}
}

@inproceedings{waymo_lidar_aug,
  title={LiDAR augment: Searching for scalable 3D LiDAR data augmentations},
  author={Leng, Zhaoqi and Li, Guowang and Liu, Chenxi and Cubuk, Ekin Dogus and Sun, Pei and He, Tong and Anguelov, Dragomir and Tan, Mingxing},
  booktitle={2023 IEEE International Conference on Robotics and Automation (ICRA)},
  pages={7039--7045},
  year={2023},
  organization={IEEE}
}

@article{KRadar,
  title={K-radar: 4d radar object detection for autonomous driving in various weather conditions},
  author={Paek, Dong-Hee and Kong, Seung-Hyun and Wijaya, Kevin Tirta},
  journal={Advances in Neural Information Processing Systems},
  volume={35},
  pages={3819--3829},
  year={2022}
}

@inproceedings{
  kradargithub,
  title={K-Radar: 4D Radar Object Detection for Autonomous Driving in Various Weather Conditions},
  author={Dong-Hee Paek and Seung-Hyun Kong and Kevin Tirta Wijaya},
  booktitle={Thirty-sixth Conference on Neural Information Processing Systems Datasets and Benchmarks Track},
  year={2022},
  url={https://openreview.net/forum?id=W_bsDmzwaZ7}
}

@inproceedings{image_cut&paste,
  title={Cut, paste and learn: Surprisingly easy synthesis for instance detection},
  author={Dwibedi, Debidatta and Misra, Ishan and Hebert, Martial},
  booktitle={Proceedings of the IEEE international conference on computer vision},
  pages={1301--1310},
  year={2017}
}

@article{3d_copy_paste,
  title={3d copy-paste: Physically plausible object insertion for monocular 3d detection},
  author={Ge, Yunhao and Yu, Hong-Xing and Zhao, Cheng and Guo, Yuliang and Huang, Xinyu and Ren, Liu and Itti, Laurent and Wu, Jiajun},
  journal={Advances in Neural Information Processing Systems},
  volume={36},
  year={2024}
}

@inproceedings{pix2pix,
  title={Image-to-image translation with conditional adversarial networks},
  author={Isola, Phillip and Zhu, Jun-Yan and Zhou, Tinghui and Efros, Alexei A},
  booktitle={Proceedings of the IEEE conference on computer vision and pattern recognition},
  pages={1125--1134},
  year={2017}
}

@inproceedings{pix2pixhd,
  title={High-resolution image synthesis and semantic manipulation with conditional gans},
  author={Wang, Ting-Chun and Liu, Ming-Yu and Zhu, Jun-Yan and Tao, Andrew and Kautz, Jan and Catanzaro, Bryan},
  booktitle={Proceedings of the IEEE conference on computer vision and pattern recognition},
  pages={8798--8807},
  year={2018}
}

@inproceedings{unet,
  title={U-net: Convolutional networks for biomedical image segmentation},
  author={Ronneberger, Olaf and Fischer, Philipp and Brox, Thomas},
  booktitle={Medical image computing and computer-assisted intervention--MICCAI 2015: 18th international conference, Munich, Germany, October 5-9, 2015, proceedings, part III 18},
  pages={234--241},
  year={2015},
  organization={Springer}
}

@inproceedings{l2r,
  title={L2R GAN: LiDAR-to-radar translation},
  author={Wang, Leichen and Goldluecke, Bastian and Anklam, Carsten},
  booktitle={Proceedings of the Asian Conference on Computer Vision},
  year={2020}
}

@article{l2rtranslation_voxel,
  title={LiDAR-to-Radar Translation Based on Voxel Feature Extraction Module for Radar Data Augmentation},
  author={Lee, Jinho and Bang, Geonkyu and Shimizu, Takaya and Iehara, Masato and Kamijo, Shunsuke},
  journal={Sensors},
  volume={24},
  number={2},
  pages={559},
  year={2024},
  publisher={MDPI}
}

@inproceedings{voxelnet,
  title={Voxelnet: End-to-end learning for point cloud based 3d object detection},
  author={Zhou, Yin and Tuzel, Oncel},
  booktitle={Proceedings of the IEEE conference on computer vision and pattern recognition},
  pages={4490--4499},
  year={2018}
}

@article{fastRcnn,
  title={Faster R-CNN: Towards real-time object detection with region proposal networks},
  author={Ren, Shaoqing and He, Kaiming and Girshick, Ross and Sun, Jian},
  journal={IEEE transactions on pattern analysis and machine intelligence},
  volume={39},
  number={6},
  pages={1137--1149},
  year={2016},
  publisher={IEEE}
}

@article{dual_radar_github,
  title={Dual Radar: A Multi-modal Dataset with Dual 4D Radar for Autononous Driving},
  author={Zhang, Xinyu and Wang, Li and Chen, Jian and Fang, Cheng and Yang, Lei and Song, Ziying and Yang, Guangqi and Wang, Yichen and Zhang, Xiaofei and Yang,Qingshan and Li, Jun},
  journal={arXiv preprint arXiv:2310.07602},
  year={2023}
}

@article{Real-aug,
  title={Real-aug: Realistic scene synthesis for lidar augmentation in 3d object detection},
  author={Zhan, Jinglin and Liu, Tiejun and Li, Rengang and Zhang, Jingwei and Zhang, Zhaoxiang and Chen, Yuntao},
  journal={arXiv preprint arXiv:2305.12853},
  year={2023}
}

@article{Byun-gt-aug,
  title={False Positive Sampling-based Data Augmentation for Enhanced 3D Object Detection Accuracy},
  author={Oh, Jiyong and Lee, Junhaeng and Byun, Woongchan and Kong, Minsang and Lee, Sang Hun},
  journal={arXiv preprint arXiv:2403.02639},
  year={2024}
}

@inproceedings{korea-gt-aug,
  title={Resolving class imbalance for lidar-based object detector by dynamic weight average and contextual ground truth sampling},
  author={Lee, Daeun and Kim, Jinkyu},
  booktitle={Proceedings of the IEEE/CVF Winter Conference on Applications of Computer Vision},
  pages={682--691},
  year={2023}
}

@inproceedings{sparse_conv,
  title={Sparse convolutional neural networks},
  author={Liu, Baoyuan and Wang, Min and Foroosh, Hassan and Tappen, Marshall and Pensky, Marianna},
  booktitle={Proceedings of the IEEE conference on computer vision and pattern recognition},
  pages={806--814},
  year={2015}
}

@inproceedings{submaninfold,
  title={3d semantic segmentation with submanifold sparse convolutional networks},
  author={Graham, Benjamin and Engelcke, Martin and Van Der Maaten, Laurens},
  booktitle={Proceedings of the IEEE conference on computer vision and pattern recognition},
  pages={9224--9232},
  year={2018}
}

@inproceedings{kitti_eval,
  title={Are we ready for autonomous driving? the kitti vision benchmark suite},
  author={Geiger, Andreas and Lenz, Philip and Urtasun, Raquel},
  booktitle={2012 IEEE conference on computer vision and pattern recognition},
  pages={3354--3361},
  year={2012},
  organization={IEEE}
}

@article{AI_collapse,
  title={AI models collapse when trained on recursively generated data},
  author={Shumailov, Ilia and Shumaylov, Zakhar and Zhao, Yiren and Papernot, Nicolas and Anderson, Ross and Gal, Yarin},
  journal={Nature},
  volume={631},
  number={8022},
  pages={755--759},
  year={2024},
  publisher={Nature Publishing Group UK London}
}

@book{modern_radar,
  title={Principles of Modern Radar: Basic Principles},
  author={Richards, M.A. and Melvin, W.L.},
  number={v. 1},
  isbn={9781839533815},
  series={Principles of Modern Radar},
  url={https://books.google.co.kr/books?id=SZw3zwEACAAJ},
  year={2023},
  publisher={SciTech Publishing, Incorporated}
}

@inproceedings{FFT-RadNet,
  title={Raw high-definition radar for multi-task learning},
  author={Rebut, Julien and Ouaknine, Arthur and Malik, Waqas and P{\'e}rez, Patrick},
  booktitle={Proceedings of the IEEE/CVF Conference on Computer Vision and Pattern Recognition},
  pages={17021--17030},
  year={2022}
}

@article{sidelobe,
  title={Filter-based design of noise radar waveform with reduced sidelobes},
  author={Kulpa, Janusz S and Ma{\'s}likowski, {\L}ukasz and Malanowski, Mateusz},
  journal={IEEE Transactions on Aerospace and Electronic Systems},
  volume={53},
  number={2},
  pages={816--825},
  year={2017},
  publisher={IEEE}
}

@article{dft,
  title={POWER-OF-SINE WINDOWS AS GENERALIZED MAXIMUM SIDELOBE DECAY WINDOWS--THEORY AND PROPERTIES: A REVIEW AND NEW RESULTS},
  author={Borkowski, J{\'o}zef and Matusiak, Adam},
  year={2024}
}

@inproceedings{rpfa_net,
  title={RPFA-Net: A 4D radar pillar feature attention network for 3D object detection},
  author={Xu, Baowei and Zhang, Xinyu and Wang, Li and Hu, Xiaomei and Li, Zhiwei and Pan, Shuyue and Li, Jun and Deng, Yongqiang},
  booktitle={2021 IEEE International Intelligent Transportation Systems Conference (ITSC)},
  pages={3061--3066},
  year={2021},
  organization={IEEE}
}

@article{dpft,
  title={Dpft: Dual perspective fusion transformer for camera-radar-based object detection},
  author={Fent, Felix and Palffy, Andras and Caesar, Holger},
  journal={arXiv preprint arXiv:2404.03015},
  year={2024}
}

@inproceedings{3DRIMR,
  title={3DRIMR: 3D reconstruction and imaging via mmWave radar based on deep learning},
  author={Sun, Yue and Huang, Zhuoming and Zhang, Honggang and Cao, Zhi and Xu, Deqiang},
  booktitle={2021 IEEE International Performance, Computing, and Communications Conference (IPCCC)},
  pages={1--8},
  year={2021},
  organization={IEEE}
}

@article{radarpointgenerator1,
  title={A novel radar point cloud generation method for robot environment perception},
  author={Cheng, Yuwei and Su, Jingran and Jiang, Mengxin and Liu, Yimin},
  journal={IEEE Transactions on Robotics},
  volume={38},
  number={6},
  pages={3754--3773},
  year={2022},
  publisher={IEEE}
}

@article{rtnh+,
  title={RTNH+: Enhanced 4D Radar Object Detection Network using Two-Level Preprocessing and Vertical Encoding},
  author={Kong, Seung-Hyun and Paek, Dong-Hee and Lee, Sangyeong},
  journal={IEEE Transactions on Intelligent Vehicles},
  year={2024},
  publisher={IEEE}
}

@inproceedings{enhancekradar,
  title={Enhanced k-radar: Optimal density reduction to improve detection performance and accessibility of 4d radar tensor-based object detection},
  author={Paek, Dong-Hee and Kong, Seung-Hyun and Wijaya, Kevin Tirta},
  booktitle={2023 IEEE Intelligent Vehicles Symposium (IV)},
  pages={1--6},
  year={2023},
  organization={IEEE}
}

@inproceedings{clutter,
  title={An overview of radar clutter simulation},
  author={An, Ting and Zhu, Sai and Wang, Lidong and Liu, Zhiyong},
  booktitle={IOP conference series: materials science and engineering},
  volume={452},
  number={4},
  pages={042198},
  year={2018},
  organization={IOP Publishing}
}

@inproceedings{4dradar_tutorial,
  author       = {Dong-Hee Paek and Junfeng Guan},
  title        = {Introduction to 4D Radar: Hardware, MIMO, Signal Processing, Dataset, and AI},
  booktitle    = {Tutorial on 2024 IEEE Intelligent Vehicles Symposium},
  year         = {2024},
  url          = {https://www.ieee-iv-4dradar.org/},
  note         = {Tutorial presentation}
}

@inproceedings{cyclegan,
  title={Unpaired image-to-image translation using cycle-consistent adversarial networks},
  author={Zhu, Jun-Yan and Park, Taesung and Isola, Phillip and Efros, Alexei A},
  booktitle={Proceedings of the IEEE international conference on computer vision},
  pages={2223--2232},
  year={2017}
}

@inproceedings{radsimreal,
  title={RadSimReal: Bridging the Gap Between Synthetic and Real Data in Radar Object Detection With Simulation},
  author={Bialer, Oded and Haitman, Yuval},
  booktitle={Proceedings of the IEEE/CVF Conference on Computer Vision and Pattern Recognition},
  pages={15407--15416},
  year={2024}
}

@article{adam,
  title={Adam: A method for stochastic optimization},
  author={Kingma, Diederik P},
  journal={arXiv preprint arXiv:1412.6980},
  year={2014}
}

@article{PSNR_1,
  title={Optimized transmission of JPEG2000 streams over wireless channels},
  author={Thomos, Nikolaos and Boulgouris, Nikolaos V and Strintzis, Michael G},
  journal={IEEE Transactions on image processing},
  volume={15},
  number={1},
  pages={54--67},
  year={2005},
  publisher={IEEE}
}

@inproceedings{PSNR_2,
  title={Robust transmission of JPEG2000 encoded images over packet loss channels},
  author={Li, Xiangjun and Cai, Jianfei},
  booktitle={2007 IEEE International Conference on Multimedia and Expo},
  pages={947--950},
  year={2007},
  organization={IEEE}
}

@article{4dradar_data_representation,
  title={Exploring radar data representations in autonomous driving: A comprehensive review},
  author={Yao, S and others},
  journal={arXiv preprint arXiv:2312.04861},
  year={2023}
}