@inproceedings{MATH21,
  author       = {Dan Hendrycks and
                  Collin Burns and
                  Saurav Kadavath and
                  Akul Arora and
                  Steven Basart and
                  Eric Tang and
                  Dawn Song and
                  Jacob Steinhardt},
  editor       = {Joaquin Vanschoren and
                  Sai{-}Kit Yeung},
  title        = {Measuring Mathematical Problem Solving With the {MATH} Dataset},
  booktitle    = {Proceedings of the Neural Information Processing Systems Track on
                  Datasets and Benchmarks 1, NeurIPS Datasets and Benchmarks 2021, December
                  2021, virtual},
  year         = {2021},
  url          = {https://datasets-benchmarks-proceedings.neurips.cc/paper/2021/hash/be83ab3ecd0db773eb2dc1b0a17836a1-Abstract-round2.html},
  timestamp    = {Thu, 05 May 2022 16:53:59 +0200},
  biburl       = {https://dblp.org/rec/conf/nips/HendrycksBKABTS21.bib},
  bibsource    = {dblp computer science bibliography, https://dblp.org}
}

@inproceedings{MINIF2F22,
  author       = {Kunhao Zheng and
                  Jesse Michael Han and
                  Stanislas Polu},
  title        = {miniF2F: a cross-system benchmark for formal Olympiad-level mathematics},
  booktitle    = {The Tenth International Conference on Learning Representations, {ICLR}
                  2022, Virtual Event, April 25-29, 2022},
  publisher    = {OpenReview.net},
  year         = {2022},
  url          = {https://openreview.net/forum?id=9ZPegFuFTFv},
  timestamp    = {Sat, 20 Aug 2022 01:15:42 +0200},
  biburl       = {https://dblp.org/rec/conf/iclr/ZhengHP22.bib},
  bibsource    = {dblp computer science bibliography, https://dblp.org}
}


@article{RS24,
  author       = {Bradley C. A. Brown and
                  Jordan Juravsky and
                  Ryan Saul Ehrlich and
                  Ronald Clark and
                  Quoc V. Le and
                  Christopher R{\'{e}} and
                  Azalia Mirhoseini},
  title        = {Large Language Monkeys: Scaling Inference Compute with Repeated Sampling},
  journal      = {CoRR},
  volume       = {abs/2407.21787},
  year         = {2024},
  url          = {https://doi.org/10.48550/arXiv.2407.21787},
  doi          = {10.48550/ARXIV.2407.21787},
  eprinttype    = {arXiv},
  eprint       = {2407.21787},
  timestamp    = {Sat, 24 Aug 2024 12:32:25 +0200},
  biburl       = {https://dblp.org/rec/journals/corr/abs-2407-21787.bib},
  bibsource    = {dblp computer science bibliography, https://dblp.org}
}

@article{Snell24,
  author       = {Charlie Snell and
                  Jaehoon Lee and
                  Kelvin Xu and
                  Aviral Kumar},
  title        = {Scaling {LLM} Test-Time Compute Optimally can be More Effective than
                  Scaling Model Parameters},
  journal      = {CoRR},
  volume       = {abs/2408.03314},
  year         = {2024},
  url          = {https://doi.org/10.48550/arXiv.2408.03314},
  doi          = {10.48550/ARXIV.2408.03314},
  eprinttype    = {arXiv},
  eprint       = {2408.03314},
  timestamp    = {Thu, 12 Sep 2024 21:06:51 +0200},
  biburl       = {https://dblp.org/rec/journals/corr/abs-2408-03314.bib},
  bibsource    = {dblp computer science bibliography, https://dblp.org}
}


@inproceedings{OVM23,
  author       = {Fei Yu and
                  Anningzhe Gao and
                  Benyou Wang},
  editor       = {Kevin Duh and
                  Helena G{\'{o}}mez{-}Adorno and
                  Steven Bethard},
  title        = {OVM, Outcome-supervised Value Models for Planning in Mathematical
                  Reasoning},
  booktitle    = {Findings of the Association for Computational Linguistics: {NAACL}
                  2024, Mexico City, Mexico, June 16-21, 2024},
  pages        = {858--875},
  publisher    = {Association for Computational Linguistics},
  year         = {2024},
  url          = {https://doi.org/10.18653/v1/2024.findings-naacl.55},
  doi          = {10.18653/V1/2024.FINDINGS-NAACL.55},
  timestamp    = {Thu, 12 Sep 2024 13:29:32 +0200},
  biburl       = {https://dblp.org/rec/conf/naacl/YuGW24.bib},
  bibsource    = {dblp computer science bibliography, https://dblp.org}
}

@inproceedings{Wan24,
  author       = {Ziyu Wan and
                  Xidong Feng and
                  Muning Wen and
                  Stephen Marcus McAleer and
                  Ying Wen and
                  Weinan Zhang and
                  Jun Wang},
  title        = {AlphaZero-Like Tree-Search can Guide Large Language Model Decoding
                  and Training},
  booktitle    = {Forty-first International Conference on Machine Learning, {ICML} 2024,
                  Vienna, Austria, July 21-27, 2024},
  publisher    = {OpenReview.net},
  year         = {2024},
  url          = {https://openreview.net/forum?id=C4OpREezgj},
  timestamp    = {Mon, 02 Sep 2024 16:55:26 +0200},
  biburl       = {https://dblp.org/rec/conf/icml/WanFWM00024.bib},
  bibsource    = {dblp computer science bibliography, https://dblp.org}
}

@article{AlphaMath24,
  author       = {Guoxin Chen and
                  Minpeng Liao and
                  Chengxi Li and
                  Kai Fan},
  title        = {AlphaMath Almost Zero: process Supervision without process},
  journal      = {CoRR},
  volume       = {abs/2405.03553},
  year         = {2024},
  url          = {https://doi.org/10.48550/arXiv.2405.03553},
  doi          = {10.48550/ARXIV.2405.03553},
  eprinttype    = {arXiv},
  eprint       = {2405.03553},
  timestamp    = {Fri, 07 Jun 2024 15:57:24 +0200},
  biburl       = {https://dblp.org/rec/journals/corr/abs-2405-03553.bib},
  bibsource    = {dblp computer science bibliography, https://dblp.org}
}

@article{ENN21,
  author       = {Ian Osband and
                  Zheng Wen and
                  Mohammad Asghari and
                  Morteza Ibrahimi and
                  Xiyuan Lu and
                  Benjamin Van Roy},
  title        = {Epistemic Neural Networks},
  journal      = {CoRR},
  volume       = {abs/2107.08924},
  year         = {2021},
  url          = {https://arxiv.org/abs/2107.08924},
  eprinttype    = {arXiv},
  eprint       = {2107.08924},
  timestamp    = {Thu, 31 Aug 2023 10:26:38 +0200},
  biburl       = {https://dblp.org/rec/journals/corr/abs-2107-08924.bib},
  bibsource    = {dblp computer science bibliography, https://dblp.org}
}

@misc{li2024ensemble++,
      title={Scalable Exploration via Ensemble++}, 
      author={Li, Yingru and Xu, Jiawei and Wang, Baoxiang and Luo, Zhi-Quan},
      year={2024},
      eprint={2407.13195},
      archivePrefix={arXiv},
      primaryClass={cs.LG},
      url={https://arxiv.org/abs/2407.13195},
      note  = {Preprint. Presentation at ICML 2024 Workshops: (1) "Aligning Reinforcement Learning Experimentalists and Theorists"; (2) "Automated Reinforcement Learning: Exploring Meta-Learning, AutoML, and LLMs"},
}

@inproceedings{hyperagent24,
  author       = {Yingru Li and
                  Jiawei Xu and
                  Lei Han and
                  Zhi{-}Quan Luo},
  title        = {Q-Star Meets Scalable Posterior Sampling: Bridging Theory and Practice
                  via HyperAgent},
  booktitle    = {Forty-first International Conference on Machine Learning, {ICML} 2024,
                  Vienna, Austria, July 21-27, 2024},
  publisher    = {OpenReview.net},
  year         = {2024},
  url          = {https://openreview.net/forum?id=OF7e0w1uon},
  timestamp    = {Mon, 02 Sep 2024 16:55:25 +0200},
  biburl       = {https://dblp.org/rec/conf/icml/LiX0L24.bib},
  bibsource    = {dblp computer science bibliography, https://dblp.org}
}

@article{ThompsonTutorial18,
  author       = {Daniel Russo and
                  Benjamin Van Roy and
                  Abbas Kazerouni and
                  Ian Osband and
                  Zheng Wen},
  title        = {A Tutorial on Thompson Sampling},
  journal      = {Found. Trends Mach. Learn.},
  volume       = {11},
  number       = {1},
  pages        = {1--96},
  year         = {2018},
  url          = {https://doi.org/10.1561/2200000070},
  doi          = {10.1561/2200000070},
  timestamp    = {Thu, 31 Aug 2023 10:26:38 +0200},
  biburl       = {https://dblp.org/rec/journals/ftml/RussoRKOW18.bib},
  bibsource    = {dblp computer science bibliography, https://dblp.org}
}

@article{GSM8K21,
  author       = {Karl Cobbe and
                  Vineet Kosaraju and
                  Mohammad Bavarian and
                  Mark Chen and
                  Heewoo Jun and
                  Lukasz Kaiser and
                  Matthias Plappert and
                  Jerry Tworek and
                  Jacob Hilton and
                  Reiichiro Nakano and
                  Christopher Hesse and
                  John Schulman},
  title        = {Training Verifiers to Solve Math Word Problems},
  journal      = {CoRR},
  volume       = {abs/2110.14168},
  year         = {2021},
  url          = {https://arxiv.org/abs/2110.14168},
  eprinttype    = {arXiv},
  eprint       = {2110.14168},
  timestamp    = {Mon, 12 Jun 2023 08:23:44 +0200},
  biburl       = {https://dblp.org/rec/journals/corr/abs-2110-14168.bib},
  bibsource    = {dblp computer science bibliography, https://dblp.org}
}

@inproceedings{ToT23,
  author       = {Shunyu Yao and
                  Dian Yu and
                  Jeffrey Zhao and
                  Izhak Shafran and
                  Tom Griffiths and
                  Yuan Cao and
                  Karthik Narasimhan},
  editor       = {Alice Oh and
                  Tristan Naumann and
                  Amir Globerson and
                  Kate Saenko and
                  Moritz Hardt and
                  Sergey Levine},
  title        = {Tree of Thoughts: Deliberate Problem Solving with Large Language Models},
  booktitle    = {Advances in Neural Information Processing Systems 36: Annual Conference
                  on Neural Information Processing Systems 2023, NeurIPS 2023, New Orleans,
                  LA, USA, December 10 - 16, 2023},
  year         = {2023},
  url          = {http://papers.nips.cc/paper\_files/paper/2023/hash/271db9922b8d1f4dd7aaef84ed5ac703-Abstract-Conference.html},
  timestamp    = {Fri, 01 Mar 2024 16:26:19 +0100},
  biburl       = {https://dblp.org/rec/conf/nips/YaoYZS00N23.bib},
  bibsource    = {dblp computer science bibliography, https://dblp.org}
}

@inproceedings{RAP23,
  author       = {Shibo Hao and
                  Yi Gu and
                  Haodi Ma and
                  Joshua Jiahua Hong and
                  Zhen Wang and
                  Daisy Zhe Wang and
                  Zhiting Hu},
  editor       = {Houda Bouamor and
                  Juan Pino and
                  Kalika Bali},
  title        = {Reasoning with Language Model is Planning with World Model},
  booktitle    = {Proceedings of the 2023 Conference on Empirical Methods in Natural
                  Language Processing, {EMNLP} 2023, Singapore, December 6-10, 2023},
  pages        = {8154--8173},
  publisher    = {Association for Computational Linguistics},
  year         = {2023},
  url          = {https://doi.org/10.18653/v1/2023.emnlp-main.507},
  doi          = {10.18653/V1/2023.EMNLP-MAIN.507},
  timestamp    = {Fri, 12 Apr 2024 13:11:32 +0200},
  biburl       = {https://dblp.org/rec/conf/emnlp/HaoGMHWWH23.bib},
  bibsource    = {dblp computer science bibliography, https://dblp.org}
}

@article{Mistral7B-23,
  author       = {Albert Q. Jiang and
                  Alexandre Sablayrolles and
                  Arthur Mensch and
                  Chris Bamford and
                  Devendra Singh Chaplot and
                  Diego de Las Casas and
                  Florian Bressand and
                  Gianna Lengyel and
                  Guillaume Lample and
                  Lucile Saulnier and
                  L{\'{e}}lio Renard Lavaud and
                  Marie{-}Anne Lachaux and
                  Pierre Stock and
                  Teven Le Scao and
                  Thibaut Lavril and
                  Thomas Wang and
                  Timoth{\'{e}}e Lacroix and
                  William El Sayed},
  title        = {Mistral 7B},
  journal      = {CoRR},
  volume       = {abs/2310.06825},
  year         = {2023},
  url          = {https://doi.org/10.48550/arXiv.2310.06825},
  doi          = {10.48550/ARXIV.2310.06825},
  eprinttype    = {arXiv},
  eprint       = {2310.06825},
  timestamp    = {Thu, 26 Oct 2023 16:46:26 +0200},
  biburl       = {https://dblp.org/rec/journals/corr/abs-2310-06825.bib},
  bibsource    = {dblp computer science bibliography, https://dblp.org}
}

@article{DeepSeekMath24,
  author       = {Zhihong Shao and
                  Peiyi Wang and
                  Qihao Zhu and
                  Runxin Xu and
                  Junxiao Song and
                  Mingchuan Zhang and
                  Y. K. Li and
                  Y. Wu and
                  Daya Guo},
  title        = {DeepSeekMath: Pushing the Limits of Mathematical Reasoning in Open
                  Language Models},
  journal      = {CoRR},
  volume       = {abs/2402.03300},
  year         = {2024},
  url          = {https://doi.org/10.48550/arXiv.2402.03300},
  doi          = {10.48550/ARXIV.2402.03300},
  eprinttype    = {arXiv},
  eprint       = {2402.03300},
  timestamp    = {Mon, 12 Feb 2024 13:36:38 +0100},
  biburl       = {https://dblp.org/rec/journals/corr/abs-2402-03300.bib},
  bibsource    = {dblp computer science bibliography, https://dblp.org}
}

@inproceedings{SC23,
  author       = {Xuezhi Wang and
                  Jason Wei and
                  Dale Schuurmans and
                  Quoc V. Le and
                  Ed H. Chi and
                  Sharan Narang and
                  Aakanksha Chowdhery and
                  Denny Zhou},
  title        = {Self-Consistency Improves Chain of Thought Reasoning in Language Models},
  booktitle    = {The Eleventh International Conference on Learning Representations,
                  {ICLR} 2023, Kigali, Rwanda, May 1-5, 2023},
  publisher    = {OpenReview.net},
  year         = {2023},
  url          = {https://openreview.net/forum?id=1PL1NIMMrw},
  timestamp    = {Wed, 24 Jul 2024 16:50:33 +0200},
  biburl       = {https://dblp.org/rec/conf/iclr/0002WSLCNCZ23.bib},
  bibsource    = {dblp computer science bibliography, https://dblp.org}
}

@inproceedings{PRM24,
  author       = {Hunter Lightman and
                  Vineet Kosaraju and
                  Yuri Burda and
                  Harrison Edwards and
                  Bowen Baker and
                  Teddy Lee and
                  Jan Leike and
                  John Schulman and
                  Ilya Sutskever and
                  Karl Cobbe},
  title        = {Let's Verify Step by Step},
  booktitle    = {The Twelfth International Conference on Learning Representations,
                  {ICLR} 2024, Vienna, Austria, May 7-11, 2024},
  publisher    = {OpenReview.net},
  year         = {2024},
  url          = {https://openreview.net/forum?id=v8L0pN6EOi},
  timestamp    = {Wed, 07 Aug 2024 17:11:53 +0200},
  biburl       = {https://dblp.org/rec/conf/iclr/LightmanKBEBLLS24.bib},
  bibsource    = {dblp computer science bibliography, https://dblp.org}
}

@inproceedings{AdamW19,
  author       = {Ilya Loshchilov and
                  Frank Hutter},
  title        = {Decoupled Weight Decay Regularization},
  booktitle    = {7th International Conference on Learning Representations, {ICLR} 2019,
                  New Orleans, LA, USA, May 6-9, 2019},
  publisher    = {OpenReview.net},
  year         = {2019},
  url          = {https://openreview.net/forum?id=Bkg6RiCqY7},
  timestamp    = {Thu, 25 Jul 2019 14:26:04 +0200},
  biburl       = {https://dblp.org/rec/conf/iclr/LoshchilovH19.bib},
  bibsource    = {dblp computer science bibliography, https://dblp.org}
}

@inproceedings{VLLM23,
  author       = {Woosuk Kwon and
                  Zhuohan Li and
                  Siyuan Zhuang and
                  Ying Sheng and
                  Lianmin Zheng and
                  Cody Hao Yu and
                  Joseph Gonzalez and
                  Hao Zhang and
                  Ion Stoica},
  editor       = {Jason Flinn and
                  Margo I. Seltzer and
                  Peter Druschel and
                  Antoine Kaufmann and
                  Jonathan Mace},
  title        = {Efficient Memory Management for Large Language Model Serving with
                  PagedAttention},
  booktitle    = {Proceedings of the 29th Symposium on Operating Systems Principles,
                  {SOSP} 2023, Koblenz, Germany, October 23-26, 2023},
  pages        = {611--626},
  publisher    = {{ACM}},
  year         = {2023},
  url          = {https://doi.org/10.1145/3600006.3613165},
  doi          = {10.1145/3600006.3613165},
  timestamp    = {Thu, 04 Jul 2024 21:53:01 +0200},
  biburl       = {https://dblp.org/rec/conf/sosp/KwonLZ0ZY0ZS23.bib},
  bibsource    = {dblp computer science bibliography, https://dblp.org}
}

@article{thompson1933likelihood,
  title={On the likelihood that one unknown probability exceeds another in view of the evidence of two samples},
  author={Thompson, William R},
  journal={Biometrika},
  volume={25},
  number={3-4},
  pages={285--294},
  year={1933},
  publisher={Oxford University Press}
}

@article{wu2024inference,
  title={Inference Scaling Laws: An Empirical Analysis of Compute-Optimal Inference for Problem-Solving with Language Models},
  author={Wu, Yangzhen and Sun, Zhiqing and Li, Shanda and Welleck, Sean and Yang, Yiming},
  journal={arXiv preprint arXiv:2408.00724},
  year={2024}
}

@article{PAV24,
  author       = {Amrith Setlur and
                  Chirag Nagpal and
                  Adam Fisch and
                  Xinyang Geng and
                  Jacob Eisenstein and
                  Rishabh Agarwal and
                  Alekh Agarwal and
                  Jonathan Berant and
                  Aviral Kumar},
  title        = {Rewarding Progress: Scaling Automated Process Verifiers for {LLM}
                  Reasoning},
  journal      = {CoRR},
  volume       = {abs/2410.08146},
  year         = {2024},
  url          = {https://doi.org/10.48550/arXiv.2410.08146},
  doi          = {10.48550/ARXIV.2410.08146},
  eprinttype    = {arXiv},
  eprint       = {2410.08146},
  timestamp    = {Mon, 18 Nov 2024 14:52:19 +0100},
  biburl       = {https://dblp.org/rec/journals/corr/abs-2410-08146.bib},
  bibsource    = {dblp computer science bibliography, https://dblp.org}
}

@inproceedings{Math-Shepherd24,
  author       = {Peiyi Wang and
                  Lei Li and
                  Zhihong Shao and
                  Runxin Xu and
                  Damai Dai and
                  Yifei Li and
                  Deli Chen and
                  Yu Wu and
                  Zhifang Sui},
  editor       = {Lun{-}Wei Ku and
                  Andre Martins and
                  Vivek Srikumar},
  title        = {Math-Shepherd: Verify and Reinforce LLMs Step-by-step without Human
                  Annotations},
  booktitle    = {Proceedings of the 62nd Annual Meeting of the Association for Computational
                  Linguistics (Volume 1: Long Papers), {ACL} 2024, Bangkok, Thailand,
                  August 11-16, 2024},
  pages        = {9426--9439},
  publisher    = {Association for Computational Linguistics},
  year         = {2024},
  url          = {https://doi.org/10.18653/v1/2024.acl-long.510},
  doi          = {10.18653/V1/2024.ACL-LONG.510},
  timestamp    = {Sun, 19 Jan 2025 13:21:37 +0100},
  biburl       = {https://dblp.org/rec/conf/acl/WangLSXDLCWS24.bib},
  bibsource    = {dblp computer science bibliography, https://dblp.org}
}

@inproceedings{reward_overoptimization23,
  author       = {Leo Gao and
                  John Schulman and
                  Jacob Hilton},
  editor       = {Andreas Krause and
                  Emma Brunskill and
                  Kyunghyun Cho and
                  Barbara Engelhardt and
                  Sivan Sabato and
                  Jonathan Scarlett},
  title        = {Scaling Laws for Reward Model Overoptimization},
  booktitle    = {International Conference on Machine Learning, {ICML} 2023, 23-29 July
                  2023, Honolulu, Hawaii, {USA}},
  series       = {Proceedings of Machine Learning Research},
  volume       = {202},
  pages        = {10835--10866},
  publisher    = {{PMLR}},
  year         = {2023},
  url          = {https://proceedings.mlr.press/v202/gao23h.html},
  timestamp    = {Mon, 28 Aug 2023 17:23:08 +0200},
  biburl       = {https://dblp.org/rec/conf/icml/GaoSH23.bib},
  bibsource    = {dblp computer science bibliography, https://dblp.org}
}

@article{codex21,
  author       = {Mark Chen and
                  Jerry Tworek and
                  Heewoo Jun and
                  Qiming Yuan and
                  Henrique Pond{\'{e}} de Oliveira Pinto and
                  Jared Kaplan and
                  Harri Edwards and
                  Yuri Burda and
                  Nicholas Joseph and
                  Greg Brockman and
                  Alex Ray and
                  Raul Puri and
                  Gretchen Krueger and
                  Michael Petrov and
                  Heidy Khlaaf and
                  Girish Sastry and
                  Pamela Mishkin and
                  Brooke Chan and
                  Scott Gray and
                  Nick Ryder and
                  Mikhail Pavlov and
                  Alethea Power and
                  Lukasz Kaiser and
                  Mohammad Bavarian and
                  Clemens Winter and
                  Philippe Tillet and
                  Felipe Petroski Such and
                  Dave Cummings and
                  Matthias Plappert and
                  Fotios Chantzis and
                  Elizabeth Barnes and
                  Ariel Herbert{-}Voss and
                  William Hebgen Guss and
                  Alex Nichol and
                  Alex Paino and
                  Nikolas Tezak and
                  Jie Tang and
                  Igor Babuschkin and
                  Suchir Balaji and
                  Shantanu Jain and
                  William Saunders and
                  Christopher Hesse and
                  Andrew N. Carr and
                  Jan Leike and
                  Joshua Achiam and
                  Vedant Misra and
                  Evan Morikawa and
                  Alec Radford and
                  Matthew Knight and
                  Miles Brundage and
                  Mira Murati and
                  Katie Mayer and
                  Peter Welinder and
                  Bob McGrew and
                  Dario Amodei and
                  Sam McCandlish and
                  Ilya Sutskever and
                  Wojciech Zaremba},
  title        = {Evaluating Large Language Models Trained on Code},
  journal      = {CoRR},
  volume       = {abs/2107.03374},
  year         = {2021},
  url          = {https://arxiv.org/abs/2107.03374},
  eprinttype    = {arXiv},
  eprint       = {2107.03374},
  timestamp    = {Tue, 20 Aug 2024 16:58:46 +0200},
  biburl       = {https://dblp.org/rec/journals/corr/abs-2107-03374.bib},
  bibsource    = {dblp computer science bibliography, https://dblp.org}
}

@article{Luo24,
  author       = {Liangchen Luo and
                  Yinxiao Liu and
                  Rosanne Liu and
                  Samrat Phatale and
                  Harsh Lara and
                  Yunxuan Li and
                  Lei Shu and
                  Yun Zhu and
                  Lei Meng and
                  Jiao Sun and
                  Abhinav Rastogi},
  title        = {Improve Mathematical Reasoning in Language Models by Automated Process
                  Supervision},
  journal      = {CoRR},
  volume       = {abs/2406.06592},
  year         = {2024},
  url          = {https://doi.org/10.48550/arXiv.2406.06592},
  doi          = {10.48550/ARXIV.2406.06592},
  eprinttype    = {arXiv},
  eprint       = {2406.06592},
  timestamp    = {Sun, 19 Jan 2025 13:42:17 +0100},
  biburl       = {https://dblp.org/rec/journals/corr/abs-2406-06592.bib},
  bibsource    = {dblp computer science bibliography, https://dblp.org}
}

@article{tian24,
  author       = {Ye Tian and
                  Baolin Peng and
                  Linfeng Song and
                  Lifeng Jin and
                  Dian Yu and
                  Haitao Mi and
                  Dong Yu},
  title        = {Toward Self-Improvement of LLMs via Imagination, Searching, and Criticizing},
  journal      = {CoRR},
  volume       = {abs/2404.12253},
  year         = {2024},
  url          = {https://doi.org/10.48550/arXiv.2404.12253},
  doi          = {10.48550/ARXIV.2404.12253},
  eprinttype    = {arXiv},
  eprint       = {2404.12253},
  timestamp    = {Wed, 19 Jun 2024 16:49:24 +0200},
  biburl       = {https://dblp.org/rec/journals/corr/abs-2404-12253.bib},
  bibsource    = {dblp computer science bibliography, https://dblp.org}
}

@article{rebase24,
  author       = {Yangzhen Wu and
                  Zhiqing Sun and
                  Shanda Li and
                  Sean Welleck and
                  Yiming Yang},
  title        = {An Empirical Analysis of Compute-Optimal Inference for Problem-Solving
                  with Language Models},
  journal      = {CoRR},
  volume       = {abs/2408.00724},
  year         = {2024},
  url          = {https://doi.org/10.48550/arXiv.2408.00724},
  doi          = {10.48550/ARXIV.2408.00724},
  eprinttype    = {arXiv},
  eprint       = {2408.00724},
  timestamp    = {Mon, 09 Sep 2024 19:10:54 +0200},
  biburl       = {https://dblp.org/rec/journals/corr/abs-2408-00724.bib},
  bibsource    = {dblp computer science bibliography, https://dblp.org}
}

@article{deepseekprover15-24,
  author       = {Huajian Xin and
                  Z. Z. Ren and
                  Junxiao Song and
                  Zhihong Shao and
                  Wanjia Zhao and
                  Haocheng Wang and
                  Bo Liu and
                  Liyue Zhang and
                  Xuan Lu and
                  Qiushi Du and
                  Wenjun Gao and
                  Qihao Zhu and
                  Dejian Yang and
                  Zhibin Gou and
                  Z. F. Wu and
                  Fuli Luo and
                  Chong Ruan},
  title        = {DeepSeek-Prover-V1.5: Harnessing Proof Assistant Feedback for Reinforcement
                  Learning and Monte-Carlo Tree Search},
  journal      = {CoRR},
  volume       = {abs/2408.08152},
  year         = {2024},
  url          = {https://doi.org/10.48550/arXiv.2408.08152},
  doi          = {10.48550/ARXIV.2408.08152},
  eprinttype    = {arXiv},
  eprint       = {2408.08152},
  timestamp    = {Mon, 23 Sep 2024 16:09:06 +0200},
  biburl       = {https://dblp.org/rec/journals/corr/abs-2408-08152.bib},
  bibsource    = {dblp computer science bibliography, https://dblp.org}
}
