@article{AlphaMath24,
  author       = {Guoxin Chen and
                  Minpeng Liao and
                  Chengxi Li and
                  Kai Fan},
  title        = {AlphaMath Almost Zero: process Supervision without process},
  journal      = {CoRR},
  volume       = {abs/2405.03553},
  year         = {2024},
  url          = {https://doi.org/10.48550/arXiv.2405.03553},
  doi          = {10.48550/ARXIV.2405.03553},
  eprinttype    = {arXiv},
  eprint       = {2405.03553},
  timestamp    = {Fri, 07 Jun 2024 15:57:24 +0200},
  biburl       = {https://dblp.org/rec/journals/corr/abs-2405-03553.bib},
  bibsource    = {dblp computer science bibliography, https://dblp.org}
}

@article{Luo24,
  author       = {Liangchen Luo and
                  Yinxiao Liu and
                  Rosanne Liu and
                  Samrat Phatale and
                  Harsh Lara and
                  Yunxuan Li and
                  Lei Shu and
                  Yun Zhu and
                  Lei Meng and
                  Jiao Sun and
                  Abhinav Rastogi},
  title        = {Improve Mathematical Reasoning in Language Models by Automated Process
                  Supervision},
  journal      = {CoRR},
  volume       = {abs/2406.06592},
  year         = {2024},
  url          = {https://doi.org/10.48550/arXiv.2406.06592},
  doi          = {10.48550/ARXIV.2406.06592},
  eprinttype    = {arXiv},
  eprint       = {2406.06592},
  timestamp    = {Sun, 19 Jan 2025 13:42:17 +0100},
  biburl       = {https://dblp.org/rec/journals/corr/abs-2406-06592.bib},
  bibsource    = {dblp computer science bibliography, https://dblp.org}
}

@inproceedings{Math-Shepherd24,
  author       = {Peiyi Wang and
                  Lei Li and
                  Zhihong Shao and
                  Runxin Xu and
                  Damai Dai and
                  Yifei Li and
                  Deli Chen and
                  Yu Wu and
                  Zhifang Sui},
  editor       = {Lun{-}Wei Ku and
                  Andre Martins and
                  Vivek Srikumar},
  title        = {Math-Shepherd: Verify and Reinforce LLMs Step-by-step without Human
                  Annotations},
  booktitle    = {Proceedings of the 62nd Annual Meeting of the Association for Computational
                  Linguistics (Volume 1: Long Papers), {ACL} 2024, Bangkok, Thailand,
                  August 11-16, 2024},
  pages        = {9426--9439},
  publisher    = {Association for Computational Linguistics},
  year         = {2024},
  url          = {https://doi.org/10.18653/v1/2024.acl-long.510},
  doi          = {10.18653/V1/2024.ACL-LONG.510},
  timestamp    = {Sun, 19 Jan 2025 13:21:37 +0100},
  biburl       = {https://dblp.org/rec/conf/acl/WangLSXDLCWS24.bib},
  bibsource    = {dblp computer science bibliography, https://dblp.org}
}

@inproceedings{OVM23,
  author       = {Fei Yu and
                  Anningzhe Gao and
                  Benyou Wang},
  editor       = {Kevin Duh and
                  Helena G{\'{o}}mez{-}Adorno and
                  Steven Bethard},
  title        = {OVM, Outcome-supervised Value Models for Planning in Mathematical
                  Reasoning},
  booktitle    = {Findings of the Association for Computational Linguistics: {NAACL}
                  2024, Mexico City, Mexico, June 16-21, 2024},
  pages        = {858--875},
  publisher    = {Association for Computational Linguistics},
  year         = {2024},
  url          = {https://doi.org/10.18653/v1/2024.findings-naacl.55},
  doi          = {10.18653/V1/2024.FINDINGS-NAACL.55},
  timestamp    = {Thu, 12 Sep 2024 13:29:32 +0200},
  biburl       = {https://dblp.org/rec/conf/naacl/YuGW24.bib},
  bibsource    = {dblp computer science bibliography, https://dblp.org}
}

@inproceedings{PRM24,
  author       = {Hunter Lightman and
                  Vineet Kosaraju and
                  Yuri Burda and
                  Harrison Edwards and
                  Bowen Baker and
                  Teddy Lee and
                  Jan Leike and
                  John Schulman and
                  Ilya Sutskever and
                  Karl Cobbe},
  title        = {Let's Verify Step by Step},
  booktitle    = {The Twelfth International Conference on Learning Representations,
                  {ICLR} 2024, Vienna, Austria, May 7-11, 2024},
  publisher    = {OpenReview.net},
  year         = {2024},
  url          = {https://openreview.net/forum?id=v8L0pN6EOi},
  timestamp    = {Wed, 07 Aug 2024 17:11:53 +0200},
  biburl       = {https://dblp.org/rec/conf/iclr/LightmanKBEBLLS24.bib},
  bibsource    = {dblp computer science bibliography, https://dblp.org}
}

@inproceedings{RAP23,
  author       = {Shibo Hao and
                  Yi Gu and
                  Haodi Ma and
                  Joshua Jiahua Hong and
                  Zhen Wang and
                  Daisy Zhe Wang and
                  Zhiting Hu},
  editor       = {Houda Bouamor and
                  Juan Pino and
                  Kalika Bali},
  title        = {Reasoning with Language Model is Planning with World Model},
  booktitle    = {Proceedings of the 2023 Conference on Empirical Methods in Natural
                  Language Processing, {EMNLP} 2023, Singapore, December 6-10, 2023},
  pages        = {8154--8173},
  publisher    = {Association for Computational Linguistics},
  year         = {2023},
  url          = {https://doi.org/10.18653/v1/2023.emnlp-main.507},
  doi          = {10.18653/V1/2023.EMNLP-MAIN.507},
  timestamp    = {Fri, 12 Apr 2024 13:11:32 +0200},
  biburl       = {https://dblp.org/rec/conf/emnlp/HaoGMHWWH23.bib},
  bibsource    = {dblp computer science bibliography, https://dblp.org}
}

@article{Snell24,
  author       = {Charlie Snell and
                  Jaehoon Lee and
                  Kelvin Xu and
                  Aviral Kumar},
  title        = {Scaling {LLM} Test-Time Compute Optimally can be More Effective than
                  Scaling Model Parameters},
  journal      = {CoRR},
  volume       = {abs/2408.03314},
  year         = {2024},
  url          = {https://doi.org/10.48550/arXiv.2408.03314},
  doi          = {10.48550/ARXIV.2408.03314},
  eprinttype    = {arXiv},
  eprint       = {2408.03314},
  timestamp    = {Thu, 12 Sep 2024 21:06:51 +0200},
  biburl       = {https://dblp.org/rec/journals/corr/abs-2408-03314.bib},
  bibsource    = {dblp computer science bibliography, https://dblp.org}
}

@inproceedings{Wan24,
  author       = {Ziyu Wan and
                  Xidong Feng and
                  Muning Wen and
                  Stephen Marcus McAleer and
                  Ying Wen and
                  Weinan Zhang and
                  Jun Wang},
  title        = {AlphaZero-Like Tree-Search can Guide Large Language Model Decoding
                  and Training},
  booktitle    = {Forty-first International Conference on Machine Learning, {ICML} 2024,
                  Vienna, Austria, July 21-27, 2024},
  publisher    = {OpenReview.net},
  year         = {2024},
  url          = {https://openreview.net/forum?id=C4OpREezgj},
  timestamp    = {Mon, 02 Sep 2024 16:55:26 +0200},
  biburl       = {https://dblp.org/rec/conf/icml/WanFWM00024.bib},
  bibsource    = {dblp computer science bibliography, https://dblp.org}
}

@article{deepseekprover15-24,
  author       = {Huajian Xin and
                  Z. Z. Ren and
                  Junxiao Song and
                  Zhihong Shao and
                  Wanjia Zhao and
                  Haocheng Wang and
                  Bo Liu and
                  Liyue Zhang and
                  Xuan Lu and
                  Qiushi Du and
                  Wenjun Gao and
                  Qihao Zhu and
                  Dejian Yang and
                  Zhibin Gou and
                  Z. F. Wu and
                  Fuli Luo and
                  Chong Ruan},
  title        = {DeepSeek-Prover-V1.5: Harnessing Proof Assistant Feedback for Reinforcement
                  Learning and Monte-Carlo Tree Search},
  journal      = {CoRR},
  volume       = {abs/2408.08152},
  year         = {2024},
  url          = {https://doi.org/10.48550/arXiv.2408.08152},
  doi          = {10.48550/ARXIV.2408.08152},
  eprinttype    = {arXiv},
  eprint       = {2408.08152},
  timestamp    = {Mon, 23 Sep 2024 16:09:06 +0200},
  biburl       = {https://dblp.org/rec/journals/corr/abs-2408-08152.bib},
  bibsource    = {dblp computer science bibliography, https://dblp.org}
}

@article{rebase24,
  author       = {Yangzhen Wu and
                  Zhiqing Sun and
                  Shanda Li and
                  Sean Welleck and
                  Yiming Yang},
  title        = {An Empirical Analysis of Compute-Optimal Inference for Problem-Solving
                  with Language Models},
  journal      = {CoRR},
  volume       = {abs/2408.00724},
  year         = {2024},
  url          = {https://doi.org/10.48550/arXiv.2408.00724},
  doi          = {10.48550/ARXIV.2408.00724},
  eprinttype    = {arXiv},
  eprint       = {2408.00724},
  timestamp    = {Mon, 09 Sep 2024 19:10:54 +0200},
  biburl       = {https://dblp.org/rec/journals/corr/abs-2408-00724.bib},
  bibsource    = {dblp computer science bibliography, https://dblp.org}
}

@article{tian24,
  author       = {Ye Tian and
                  Baolin Peng and
                  Linfeng Song and
                  Lifeng Jin and
                  Dian Yu and
                  Haitao Mi and
                  Dong Yu},
  title        = {Toward Self-Improvement of LLMs via Imagination, Searching, and Criticizing},
  journal      = {CoRR},
  volume       = {abs/2404.12253},
  year         = {2024},
  url          = {https://doi.org/10.48550/arXiv.2404.12253},
  doi          = {10.48550/ARXIV.2404.12253},
  eprinttype    = {arXiv},
  eprint       = {2404.12253},
  timestamp    = {Wed, 19 Jun 2024 16:49:24 +0200},
  biburl       = {https://dblp.org/rec/journals/corr/abs-2404-12253.bib},
  bibsource    = {dblp computer science bibliography, https://dblp.org}
}

