% Use this file for citations not found in the ACL Anthology (contained in "anthology.bib").
@article{plant1,
    author = {Hilty, Jonas and Muller, Bertrand and Pantin, Florent and Leuzinger, Sebastian},
    title = {Plant growth: the What, the How, and the Why},
    journal = {New Phytologist},
    volume = {232},
    number = {1},
    pages = {25-41},
    keywords = {crop yield, expansive growth, growth control, growth measurement, growth modelling, plant growth, source–sink limitation, structural growth},
    doi = {https://doi.org/10.1111/nph.17610},
    url = {https://nph.onlinelibrary.wiley.com/doi/abs/10.1111/nph.17610},
    eprint = {https://nph.onlinelibrary.wiley.com/doi/pdf/10.1111/nph.17610},
    year = {2021}
}

@article{terrafault,
  title={Automated Bug Discovery in Cloud Infrastructure-as-Code Updates with LLM Agents},
  author={Xiang, Yiming and Yang, Zhenning, Peng, Jingjia, Bauer, Hermann, Kon, Patrick Tser Jern, Qiu, Yiming, and Chen, Ang},
  journal={6th International Workshop on Cloud Intelligence / AIOps},
  year={2025}
}

@article{lilac,
  title={Automated Lifting for Cloud Infrastructure-as-Code Programs},
  author={Peng, Jingjia and Qiu, Yiming and Kon, Patrick Tser Jern and Zhao, Pinhan and Huang, Yibo and Zheng, Guo and Wang, Xinyu and Chen, Ang},
  journal={6th International Workshop on Cloud Intelligence / AIOps},
  year={2025}
}

@misc{cloud1,
      title={Building AI Agents for Autonomous Clouds: Challenges and Design Principles}, 
      author={Manish Shetty and Yinfang Chen and Gagan Somashekar and Minghua Ma and Yogesh Simmhan and Xuchao Zhang and Jonathan Mace and Dax Vandevoorde and Pedro Las-Casas and Shachee Mishra Gupta and Suman Nath and Chetan Bansal and Saravan Rajmohan},
      year={2024},
      eprint={2407.12165},
      archivePrefix={arXiv},
      primaryClass={cs.SE},
      url={https://arxiv.org/abs/2407.12165}, 
}

@misc{voyager,
      title={Voyager: An Open-Ended Embodied Agent with Large Language Models}, 
      author={Guanzhi Wang and Yuqi Xie and Yunfan Jiang and Ajay Mandlekar and Chaowei Xiao and Yuke Zhu and Linxi Fan and Anima Anandkumar},
      year={2023},
      eprint={2305.16291},
      archivePrefix={arXiv},
      primaryClass={cs.AI},
      url={https://arxiv.org/abs/2305.16291}, 
}

@article{rigor3,
    author = {Gill, T. and Gill, Tommy},
    year = {2020},
    month = {01},
    pages = {047-076},
    title = {What is Research Rigor? Lessons for a Transdiscipline},
    volume = {23},
    journal = {Informing Science: The International Journal of an Emerging Transdiscipline},
    doi = {10.28945/4528}
}

@Article{rigor2,
    author={Armour, Marilyn
    and Rivaux, Stephanie L.
    and Bell, Holly},
    title={Using Context to Build Rigor: Application to Two Hermeneutic Phenomenological Studies},
    journal={Qualitative Social Work},
    year={2009},
    month={Mar},
    day={01},
    publisher={SAGE Publications},
    volume={8},
    number={1},
    pages={101-122},
    issn={1473-3250},
    doi={10.1177/1473325008100424},
    url={https://doi.org/10.1177/1473325008100424}
}

@ARTICLE{rigor1,
  title    = "Getting rigorous with scientific rigor",
  author   = "Hofseth, Lorne J",
  journal  = "Carcinogenesis",
  volume   =  39,
  number   =  1,
  pages    = "21--25",
  month    =  jan,
  year     =  2018,
  address  = "England",
  language = "en"
}

@Article{Kitano2021,
    author={Kitano, Hiroaki},
    title={Nobel Turing Challenge: creating the engine for scientific discovery},
    journal={npj Systems Biology and Applications},
    year={2021},
    month={Jun},
    day={18},
    volume={7},
    number={1},
    pages={29},
    issn={2056-7189},
    doi={10.1038/s41540-021-00189-3},
    url={https://doi.org/10.1038/s41540-021-00189-3}
}

@misc{SciAgents,
      title={SciAgents: Automating scientific discovery through multi-agent intelligent graph reasoning}, 
      author={Alireza Ghafarollahi and Markus J. Buehler},
      year={2024},
      eprint={2409.05556},
      archivePrefix={arXiv},
      primaryClass={cs.AI},
      url={https://arxiv.org/abs/2409.05556}
}

@misc{auto-science1,
      title={Automated Scientific Discovery: From Equation Discovery to Autonomous Discovery Systems}, 
      author={Stefan Kramer and Mattia Cerrato and Sašo Džeroski and Ross King},
      year={2023},
      eprint={2305.02251},
      archivePrefix={arXiv},
      primaryClass={cs.AI},
      url={https://arxiv.org/abs/2305.02251}, 
}

@misc{berens2023aiscienceemergingagenda,
      title={AI for Science: An Emerging Agenda}, 
      author={Philipp Berens and Kyle Cranmer and Neil D. Lawrence and Ulrike von Luxburg and Jessica Montgomery},
      year={2023},
      eprint={2303.04217},
      archivePrefix={arXiv},
      primaryClass={cs.AI},
      url={https://arxiv.org/abs/2303.04217}, 
}

@misc{automl2,
      title={MLCopilot: Unleashing the Power of Large Language Models in Solving Machine Learning Tasks}, 
      author={Lei Zhang and Yuge Zhang and Kan Ren and Dongsheng Li and Yuqing Yang},
      year={2024},
      eprint={2304.14979},
      archivePrefix={arXiv},
      primaryClass={cs.LG},
      url={https://arxiv.org/abs/2304.14979}, 
}

@misc{automl1,
      title={AutoML-GPT: Automatic Machine Learning with GPT}, 
      author={Shujian Zhang and Chengyue Gong and Lemeng Wu and Xingchao Liu and Mingyuan Zhou},
      year={2023},
      eprint={2305.02499},
      archivePrefix={arXiv},
      primaryClass={cs.CL},
      url={https://arxiv.org/abs/2305.02499}, 
}

@misc{dolphin,
      title={Dolphin: Closed-loop Open-ended Auto-research through Thinking, Practice, and Feedback}, 
      author={Jiakang Yuan and Xiangchao Yan and Botian Shi and Tao Chen and Wanli Ouyang and Bo Zhang and Lei Bai and Yu Qiao and Bowen Zhou},
      year={2025},
      eprint={2501.03916},
      archivePrefix={arXiv},
      primaryClass={cs.AI},
      url={https://arxiv.org/abs/2501.03916}, 
}

@misc{paper-review1,
      title={AI-Driven Review Systems: Evaluating LLMs in Scalable and Bias-Aware Academic Reviews}, 
      author={Keith Tyser and Ben Segev and Gaston Longhitano and Xin-Yu Zhang and Zachary Meeks and Jason Lee and Uday Garg and Nicholas Belsten and Avi Shporer and Madeleine Udell and Dov Te'eni and Iddo Drori},
      year={2024},
      eprint={2408.10365},
      archivePrefix={arXiv},
      primaryClass={cs.AI},
      url={https://arxiv.org/abs/2408.10365}, 
}

@article{problem-solve2, 
    title={SciEval: A Multi-Level Large Language Model Evaluation Benchmark for Scientific Research}, 
    volume={38}, 
    url={https://ojs.aaai.org/index.php/AAAI/article/view/29872}, 
    DOI={10.1609/aaai.v38i17.29872}, 
    number={17}, 
    journal={Proceedings of the AAAI Conference on Artificial Intelligence}, 
    author={Sun, Liangtai and Han, Yang and Zhao, Zihan and Ma, Da and Shen, Zhennan and Chen, Baocai and Chen, Lu and Yu, Kai}, 
    year={2024}, 
    month={Mar.}, 
    pages={19053-19061} 
}  

@misc{problem-solve1,
      title={SciBench: Evaluating College-Level Scientific Problem-Solving Abilities of Large Language Models}, 
      author={Xiaoxuan Wang and Ziniu Hu and Pan Lu and Yanqiao Zhu and Jieyu Zhang and Satyen Subramaniam and Arjun R. Loomba and Shichang Zhang and Yizhou Sun and Wei Wang},
      year={2024},
      eprint={2307.10635},
      archivePrefix={arXiv},
      primaryClass={cs.CL},
      url={https://arxiv.org/abs/2307.10635}, 
}

@misc{hypothesis3,
      title={Large Language Models as Biomedical Hypothesis Generators: A Comprehensive Evaluation}, 
      author={Biqing Qi and Kaiyan Zhang and Kai Tian and Haoxiang Li and Zhang-Ren Chen and Sihang Zeng and Ermo Hua and Hu Jinfang and Bowen Zhou},
      year={2024},
      eprint={2407.08940},
      archivePrefix={arXiv},
      primaryClass={cs.CL},
      url={https://arxiv.org/abs/2407.08940}, 
}

@misc{science-tutor1,
      title={Language Models as Science Tutors}, 
      author={Alexis Chevalier and Jiayi Geng and Alexander Wettig and Howard Chen and Sebastian Mizera and Toni Annala and Max Jameson Aragon and Arturo Rodríguez Fanlo and Simon Frieder and Simon Machado and Akshara Prabhakar and Ellie Thieu and Jiachen T. Wang and Zirui Wang and Xindi Wu and Mengzhou Xia and Wenhan Xia and Jiatong Yu and Jun-Jie Zhu and Zhiyong Jason Ren and Sanjeev Arora and Danqi Chen},
      year={2024},
      eprint={2402.11111},
      archivePrefix={arXiv},
      primaryClass={cs.CL},
      url={https://arxiv.org/abs/2402.11111}, 
}

@misc{hypothesis2,
      title={Hypothesis Search: Inductive Reasoning with Language Models}, 
      author={Ruocheng Wang and Eric Zelikman and Gabriel Poesia and Yewen Pu and Nick Haber and Noah D. Goodman},
      year={2024},
      eprint={2309.05660},
      archivePrefix={arXiv},
      primaryClass={cs.LG},
      url={https://arxiv.org/abs/2309.05660}, 
}

@inproceedings{hypothesis1,
   title={Hypothesis Generation with Large Language Models},
   url={http://dx.doi.org/10.18653/v1/2024.nlp4science-1.10},
   DOI={10.18653/v1/2024.nlp4science-1.10},
   booktitle={Proceedings of the 1st Workshop on NLP for Science (NLP4Science)},
   publisher={Association for Computational Linguistics},
   author={Zhou, Yangqiaoyu and Liu, Haokun and Srivastava, Tejes and Mei, Hongyuan and Tan, Chenhao},
   year={2024},
   pages={117–139} 
}

@misc{OS-Copilot,
      title={OS-Copilot: Towards Generalist Computer Agents with Self-Improvement}, 
      author={Zhiyong Wu and Chengcheng Han and Zichen Ding and Zhenmin Weng and Zhoumianze Liu and Shunyu Yao and Tao Yu and Lingpeng Kong},
      year={2024},
      eprint={2402.07456},
      archivePrefix={arXiv},
      primaryClass={cs.AI},
      url={https://arxiv.org/abs/2402.07456}, 
}

@misc{gorilla,
      title={Gorilla: Large Language Model Connected with Massive APIs}, 
      author={Shishir G. Patil and Tianjun Zhang and Xin Wang and Joseph E. Gonzalez},
      year={2023},
      eprint={2305.15334},
      archivePrefix={arXiv},
      primaryClass={cs.CL},
      url={https://arxiv.org/abs/2305.15334}, 
}

@misc{webshop,
      title={WebShop: Towards Scalable Real-World Web Interaction with Grounded Language Agents}, 
      author={Shunyu Yao and Howard Chen and John Yang and Karthik Narasimhan},
      year={2023},
      eprint={2207.01206},
      archivePrefix={arXiv},
      primaryClass={cs.CL},
      url={https://arxiv.org/abs/2207.01206}, 
}

@misc{agentworkflowmemory,
      title={Agent Workflow Memory}, 
      author={Zora Zhiruo Wang and Jiayuan Mao and Daniel Fried and Graham Neubig},
      year={2024},
      eprint={2409.07429},
      archivePrefix={arXiv},
      primaryClass={cs.CL},
      url={https://arxiv.org/abs/2409.07429}, 
}

@misc{retrival-bench1,
      title={Is ChatGPT Good at Search? Investigating Large Language Models as Re-Ranking Agents}, 
      author={Weiwei Sun and Lingyong Yan and Xinyu Ma and Shuaiqiang Wang and Pengjie Ren and Zhumin Chen and Dawei Yin and Zhaochun Ren},
      year={2024},
      eprint={2304.09542},
      archivePrefix={arXiv},
      primaryClass={cs.CL},
      url={https://arxiv.org/abs/2304.09542}, 
}

@misc{reasoning-bench,
      title={A Multitask, Multilingual, Multimodal Evaluation of ChatGPT on Reasoning, Hallucination, and Interactivity}, 
      author={Yejin Bang and Samuel Cahyawijaya and Nayeon Lee and Wenliang Dai and Dan Su and Bryan Wilie and Holy Lovenia and Ziwei Ji and Tiezheng Yu and Willy Chung and Quyet V. Do and Yan Xu and Pascale Fung},
      year={2023},
      eprint={2302.04023},
      archivePrefix={arXiv},
      primaryClass={cs.CL},
      url={https://arxiv.org/abs/2302.04023}, 
}

@inproceedings{math-bench2,
 author = {Frieder, Simon and Pinchetti, Luca and  and Griffiths, Ryan-Rhys and Salvatori, Tommaso and Lukasiewicz, Thomas and Petersen, Philipp and Berner, Julius},
 booktitle = {Advances in Neural Information Processing Systems},
 editor = {A. Oh and T. Naumann and A. Globerson and K. Saenko and M. Hardt and S. Levine},
 pages = {27699--27744},
 publisher = {Curran Associates, Inc.},
 title = {Mathematical Capabilities of ChatGPT},
 url = {https://proceedings.neurips.cc/paper_files/paper/2023/file/58168e8a92994655d6da3939e7cc0918-Paper-Datasets_and_Benchmarks.pdf},
 volume = {36},
 year = {2023}
}

@misc{math-bench,
      title={Measuring Mathematical Problem Solving With the MATH Dataset}, 
      author={Dan Hendrycks and Collin Burns and Saurav Kadavath and Akul Arora and Steven Basart and Eric Tang and Dawn Song and Jacob Steinhardt},
      year={2021},
      eprint={2103.03874},
      archivePrefix={arXiv},
      primaryClass={cs.LG},
      url={https://arxiv.org/abs/2103.03874}, 
}

@misc{mmlu,
      title={Measuring Massive Multitask Language Understanding}, 
      author={Dan Hendrycks and Collin Burns and Steven Basart and Andy Zou and Mantas Mazeika and Dawn Song and Jacob Steinhardt},
      year={2021},
      eprint={2009.03300},
      archivePrefix={arXiv},
      primaryClass={cs.CY},
      url={https://arxiv.org/abs/2009.03300}, 
}

@misc{GSM8K,
      title={Training Verifiers to Solve Math Word Problems}, 
      author={Karl Cobbe and Vineet Kosaraju and Mohammad Bavarian and Mark Chen and Heewoo Jun and Lukasz Kaiser and Matthias Plappert and Jerry Tworek and Jacob Hilton and Reiichiro Nakano and Christopher Hesse and John Schulman},
      year={2021},
      eprint={2110.14168},
      archivePrefix={arXiv},
      primaryClass={cs.LG},
      url={https://arxiv.org/abs/2110.14168}, 
}

@book{Aho:72,
    author  = {Alfred V. Aho and Jeffrey D. Ullman},
    title   = {The Theory of Parsing, Translation and Compiling},
    year    = "1972",
    volume  = "1",
    publisher = {Prentice-Hall},
    address = {Englewood Cliffs, NJ}
}

@article{schmidgall2025agent,
  title={Agent Laboratory: Using LLM Agents as Research Assistants},
  author={Schmidgall, Samuel and Su, Yusheng and Wang, Ze and Sun, Ximeng and Wu, Jialian and Yu, Xiaodong and Liu, Jiang and Liu, Zicheng and Barsoum, Emad},
  journal={arXiv preprint arXiv:2501.04227},
  year={2025}
}

@misc{huang2310mlagentbench,
      title={MLAgentBench: Evaluating Language Agents on Machine Learning Experimentation}, 
      author={Qian Huang and Jian Vora and Percy Liang and Jure Leskovec},
      year={2024},
      eprint={2310.03302},
      archivePrefix={arXiv},
      primaryClass={cs.LG},
      url={https://arxiv.org/abs/2310.03302}, 
}

@inproceedings{jain2023improving,
  title={Improving Code Style for Accurate Code Generation},
  author={Jain, Naman and Zhang, Tianjun and Chiang, Wei-Lin and Gonzalez, Joseph E and Sen, Koushik and Stoica, Ion},
  booktitle={NeurIPS 2023 Workshop on Synthetic Data Generation with Generative AI},
  year={2023}
}

@inproceedings{bran2024knowledge,
  title={Knowledge Graph Extraction from Total Synthesis Documents},
  author={Bran, Andres M and Jon{\v{c}}ev, Zlatko and Schwaller, Philippe},
  booktitle={Proceedings of the 1st Workshop on Language+ Molecules (L+ M 2024)},
  pages={74--84},
  year={2024}
}

@article{gu2024generation,
  title={Generation and human-expert evaluation of interesting research ideas using knowledge graphs and large language models},
  author={Gu, Xuemei and Krenn, Mario},
  journal={arXiv preprint arXiv:2405.17044},
  year={2024}
}

@article{zhang2024comprehensive,
  title={A Comprehensive Survey of Scientific Large Language Models and Their Applications in Scientific Discovery},
  author={Zhang, Yu and Chen, Xiusi and Jin, Bowen and Wang, Sheng and Ji, Shuiwang and Wang, Wei and Han, Jiawei},
  journal={arXiv preprint arXiv:2406.10833},
  year={2024}
}

@inproceedings{zhao2024exploration,
  title={Exploration and Application of AI in Space Science},
  author={Zhao, Xiang and Song, You},
  booktitle={ICML 2024 AI for Science Workshop}
}

@article{agarwal2024litllm,
  title={LitLLM: A Toolkit for Scientific Literature Review},
  author={Agarwal, Shubham and Laradji, Issam H and Charlin, Laurent and Pal, Christopher},
  journal={arXiv preprint arXiv:2402.01788},
  year={2024}
}

@article{liang2024mapping,
  title={Mapping the increasing use of llms in scientific papers},
  author={Liang, Weixin and Zhang, Yaohui and Wu, Zhengxuan and Lepp, Haley and Ji, Wenlong and Zhao, Xuandong and Cao, Hancheng and Liu, Sheng and He, Siyu and Huang, Zhi and others},
  journal={arXiv preprint arXiv:2404.01268},
  year={2024}
}

@article{sourati2023accelerating,
  title={Accelerating science with human-aware artificial intelligence},
  author={Sourati, Jamshid and Evans, James A},
  journal={Nature human behaviour},
  volume={7},
  number={10},
  pages={1682--1696},
  year={2023},
  publisher={Nature Publishing Group UK London}
}

@article{lu2024ai,
  title={The ai scientist: Towards fully automated open-ended scientific discovery},
  author={Lu, Chris and Lu, Cong and Lange, Robert Tjarko and Foerster, Jakob and Clune, Jeff and Ha, David},
  journal={arXiv preprint arXiv:2408.06292},
  year={2024}
}

@inproceedings{hong2024metagpt,
      title={Meta{GPT}: Meta Programming for A Multi-Agent Collaborative Framework},
      author={Sirui Hong and Mingchen Zhuge and Jonathan Chen and Xiawu Zheng and Yuheng Cheng and Jinlin Wang and Ceyao Zhang and Zili Wang and Steven Ka Shing Yau and Zijuan Lin and Liyang Zhou and Chenyu Ran and Lingfeng Xiao and Chenglin Wu and J{\"u}rgen Schmidhuber},
      booktitle={The Twelfth International Conference on Learning Representations},
      year={2024},
      url={https://openreview.net/forum?id=VtmBAGCN7o}
}

@article{birhane2023science,
  title={Science in the age of large language models},
  author={Birhane, Abeba and Kasirzadeh, Atoosa and Leslie, David and Wachter, Sandra},
  journal={Nature Reviews Physics},
  volume={5},
  number={5},
  pages={277--280},
  year={2023},
  publisher={Nature Publishing Group UK London}
}

@article{xu2024knowledge,
  title={Knowledge conflicts for llms: A survey},
  author={Xu, Rongwu and Qi, Zehan and Guo, Zhijiang and Wang, Cunxiang and Wang, Hongru and Zhang, Yue and Xu, Wei},
  journal={arXiv preprint arXiv:2403.08319},
  year={2024}
}

@inproceedings{hoque2024hallmark,
  title={The HaLLMark Effect: Supporting Provenance and Transparent Use of Large Language Models in Writing with Interactive Visualization},
  author={Hoque, Md Naimul and Mashiat, Tasfia and Ghai, Bhavya and Shelton, Cecilia D and Chevalier, Fanny and Kraus, Kari and Elmqvist, Niklas},
  booktitle={Proceedings of the CHI Conference on Human Factors in Computing Systems},
  pages={1--15},
  year={2024}
}

@article{fourney2024magentic,
  title={Magentic-one: A generalist multi-agent system for solving complex tasks},
  author={Fourney, Adam and Bansal, Gagan and Mozannar, Hussein and Tan, Cheng and Salinas, Eduardo and Niedtner, Friederike and Proebsting, Grace and Bassman, Griffin and Gerrits, Jack and Alber, Jacob and others},
  journal={arXiv preprint arXiv:2411.04468},
  year={2024}
}

@article{wang2024openhands,
  title={Openhands: An open platform for ai software developers as generalist agents},
  author={Wang, Xingyao and Li, Boxuan and Song, Yufan and Xu, Frank F and Tang, Xiangru and Zhuge, Mingchen and Pan, Jiayi and Song, Yueqi and Li, Bowen and Singh, Jaskirat and others},
  journal={arXiv preprint arXiv:2407.16741},
  year={2024}
}

@book{APA:83,
    author  = {{American Psychological Association}},
    title   = {Publications Manual},
    year    = "1983",
    publisher = {American Psychological Association},
    address = {Washington, DC}
}

@article{Chandra:81,
	author = {Ashok K. Chandra and Dexter C. Kozen and Larry J. Stockmeyer},
	year = "1981",
	title = {Alternation},
	journal = {Journal of the Association for Computing Machinery},
	volume = "28",
	number = "1",
	pages = "114--133",
	doi = "10.1145/322234.322243",
}

@inproceedings{andrew2007scalable,
  title={Scalable training of {L1}-regularized log-linear models},
  author={Andrew, Galen and Gao, Jianfeng},
  booktitle={Proceedings of the 24th International Conference on Machine Learning},
  pages={33--40},
  year={2007},
}

@book{Gusfield:97,
    author  = {Dan Gusfield},
    title   = {Algorithms on Strings, Trees and Sequences},
    year    = "1997",
    publisher = {Cambridge University Press},
    address = {Cambridge, UK}
}

@article{rasooli-tetrault-2015,
    author    = {Mohammad Sadegh Rasooli and Joel R. Tetreault},
    title     = {Yara Parser: {A} Fast and Accurate Dependency Parser},
    journal   = {Computing Research Repository},
    volume    = {arXiv:1503.06733},
    year      = {2015},
    url       = {http://arxiv.org/abs/1503.06733},
    note    = {version 2}
}

@article{Ando2005,
	Acmid = {1194905},
	Author = {Ando, Rie Kubota and Zhang, Tong},
	Issn = {1532-4435},
	Issue_Date = {12/1/2005},
	Journal = {Journal of Machine Learning Research},
	Month = dec,
	Numpages = {37},
	Pages = {1817--1853},
	Publisher = {JMLR.org},
	Title = {A Framework for Learning Predictive Structures from Multiple Tasks and Unlabeled Data},
	Volume = {6},
	Year = {2005}
}

@article{roziere2021leveraging,
  title={Leveraging automated unit tests for unsupervised code translation},
  author={Roziere, Baptiste and Zhang, Jie M and Charton, Francois and Harman, Mark and Synnaeve, Gabriel and Lample, Guillaume},
  journal={arXiv preprint arXiv:2110.06773},
  year={2021}
}

@article{brown2024large,
  title={Large language monkeys: Scaling inference compute with repeated sampling},
  author={Brown, Bradley and Juravsky, Jordan and Ehrlich, Ryan and Clark, Ronald and Le, Quoc V and R{\'e}, Christopher and Mirhoseini, Azalia},
  journal={arXiv preprint arXiv:2407.21787},
  year={2024}
}

@article{li2022competition,
  title={Competition-level code generation with alphacode},
  author={Li, Yujia and Choi, David and Chung, Junyoung and Kushman, Nate and Schrittwieser, Julian and Leblond, R{\'e}mi and Eccles, Tom and Keeling, James and Gimeno, Felix and Dal Lago, Agustin and others},
  journal={Science},
  volume={378},
  number={6624},
  pages={1092--1097},
  year={2022},
  publisher={American Association for the Advancement of Science}
}

@article{yu2018spider,
  title={Spider: A large-scale human-labeled dataset for complex and cross-domain semantic parsing and text-to-sql task},
  author={Yu, Tao and Zhang, Rui and Yang, Kai and Yasunaga, Michihiro and Wang, Dongxu and Li, Zifan and Ma, James and Li, Irene and Yao, Qingning and Roman, Shanelle and others},
  journal={arXiv preprint arXiv:1809.08887},
  year={2018}
}

@inproceedings{xia2022less,
  title={Less training, more repairing please: revisiting automated program repair via zero-shot learning},
  author={Xia, Chunqiu Steven and Zhang, Lingming},
  booktitle={Proceedings of the 30th ACM Joint European Software Engineering Conference and Symposium on the Foundations of Software Engineering},
  pages={959--971},
  year={2022}
}

@inproceedings{zhou-etal-2023-codebertscore,
    title = "{C}ode{BERTS}core: Evaluating Code Generation with Pretrained Models of Code",
    author = "Zhou, Shuyan  and
      Alon, Uri  and
      Agarwal, Sumit  and
      Neubig, Graham",
    editor = "Bouamor, Houda  and
      Pino, Juan  and
      Bali, Kalika",
    booktitle = "Proceedings of the 2023 Conference on Empirical Methods in Natural Language Processing",
    month = dec,
    year = "2023",
    address = "Singapore",
    publisher = "Association for Computational Linguistics",
    url = "https://aclanthology.org/2023.emnlp-main.859",
    doi = "10.18653/v1/2023.emnlp-main.859",
    pages = "13921--13937",
}

@article{cloudwards-report,
	note = {\url{https://www.cloudwards.net/cloud-computing-statistics/#Sources}},
	title = {26 Cloud Computing Statistics, Facts \& Trends for 2023},
        year = {2023},
        Author = {Cloudwards},
}

@article{pluralsight-report,
	note = {\url{https://www.pluralsight.com/resource-center/state-of-cloud-2023}},
	title = {State of Cloud},
        year = {2023},
        Author = {Pluralsight},
}

@article{hashicorp-cloud-report,
	note = {\url{https://www.hashicorp.com/state-of-the-cloud}},
	title = {HashiCorp 2023 State of Cloud Strategy Survey},
        year = {2023},
        Author = {Hashicorp},
}

@article{lachaux2020unsupervised,
  title={Unsupervised translation of programming languages},
  author={Lachaux, Marie-Anne and Roziere, Baptiste and Chanussot, Lowik and Lample, Guillaume},
  journal={arXiv preprint arXiv:2006.03511},
  year={2020}
}

@article{rightscale-report,
	note = {\url{https://resources.flexera.com/web/media/documents/rightscale-2019-state-of-the-cloud-report-from-flexera.pdf}},
	title = {{RightScale 2019 State of the Cloud Report from Flexera}},
        year = {2019},
        Author = {Flexera}
}

@article{luo2023wizardcoder,
  title={Wizardcoder: Empowering code large language models with evol-instruct},
  author={Luo, Ziyang and Xu, Can and Zhao, Pu and Sun, Qingfeng and Geng, Xiubo and Hu, Wenxiang and Tao, Chongyang and Ma, Jing and Lin, Qingwei and Jiang, Daxin},
  journal={arXiv preprint arXiv:2306.08568},
  year={2023}
}

@article{wei2023magicoder,
  title={Magicoder: Source code is all you need},
  author={Wei, Yuxiang and Wang, Zhe and Liu, Jiawei and Ding, Yifeng and Zhang, Lingming},
  journal={arXiv preprint arXiv:2312.02120},
  year={2023}
}

@article{bareiss2022code,
  title={Code generation tools (almost) for free? a study of few-shot, pre-trained language models on code},
  author={Barei{\ss}, Patrick and Souza, Beatriz and d'Amorim, Marcelo and Pradel, Michael},
  journal={arXiv preprint arXiv:2206.01335},
  year={2022}
}

@article{zheng2023judging,
  title={Judging llm-as-a-judge with mt-bench and chatbot arena},
  author={Zheng, Lianmin and Chiang, Wei-Lin and Sheng, Ying and Zhuang, Siyuan and Wu, Zhanghao and Zhuang, Yonghao and Lin, Zi and Li, Zhuohan and Li, Dacheng and Xing, Eric and others},
  journal={Advances in Neural Information Processing Systems},
  volume={36},
  pages={46595--46623},
  year={2023}
}

@article{liu2024your,
  title={Is your code generated by chatgpt really correct? rigorous evaluation of large language models for code generation},
  author={Liu, Jiawei and Xia, Chunqiu Steven and Wang, Yuyao and Zhang, Lingming},
  journal={Advances in Neural Information Processing Systems},
  volume={36},
  year={2024}
}

@inproceedings{joshi2023repair,
  title={Repair is nearly generation: Multilingual program repair with llms},
  author={Joshi, Harshit and Sanchez, Jos{\'e} Cambronero and Gulwani, Sumit and Le, Vu and Verbruggen, Gust and Radi{\v{c}}ek, Ivan},
  booktitle={Proceedings of the AAAI Conference on Artificial Intelligence},
  volume={37},
  number={4},
  pages={5131--5140},
  year={2023}
}

@article{zheng2024judging,
  title={Judging llm-as-a-judge with mt-bench and chatbot arena},
  author={Zheng, Lianmin and Chiang, Wei-Lin and Sheng, Ying and Zhuang, Siyuan and Wu, Zhanghao and Zhuang, Yonghao and Lin, Zi and Li, Zhuohan and Li, Dacheng and Xing, Eric and others},
  journal={Advances in Neural Information Processing Systems},
  volume={36},
  year={2024}
}

@article{azure-report,
	note = {\url{https://www.usesignhouse.com/blog/microsoft-azure-stats}},
	title = {Microsoft Azure Revenue and Growth Statistics (2023)}
}

@article{replicate,
	note = {\url{https://replicate.com/}},
	title = {Run AI with an API},
        year = {2024},
        Author = {Replicate},
}

@article{claude-computer-use,
	note = {\url{https://www.anthropic.com/news/3-5-models-and-computer-use}},
	title = {Introducing computer use, a new Claude 3.5 Sonnet, and Claude 3.5 Haiku},
        year = {2024},
        Author = {Anthropic},
}

@article{autogen-conv-patterns,
	note = {\url{https://microsoft.github.io/autogen/0.2/docs/tutorial/conversation-patterns}},
	title = {Conversation Patterns},
        year = {2024},
        Author = {AutoGen},
}

@article{terrascan,
	note = {\url{https://runterrascan.io/}},
	title = {{Terrascan: Detect compliance and security violations across Infrastructure as Code to mitigate risk before provisioning cloud native infrastructure}}
}

@article{checkov,
	note = {\url{https://bridgecrew.io/checkov/}},
	title = {{Checkov: ship code that’s secure by default}}
}

@article{forrester-report,
	note = {\url{https://www.forrester.com/report/the-public-cloud-market-outlook-2022-to-2026/RES178311?utm_source=pr_pitch&utm_medium=pr&utm_campaign=tech&utm_content=us12_02}},
	title = {The Public Cloud Market Outlook, 2022 To 2026}
}

@article{terraform,
	note = {\url{https://www.terraform.io/}},
	title = {Terraform by {H}ashicorp}, 
        author = {Hashicorp},
        year = {2023}
}

@article{kubernetes,
	note = {\url{https://kubernetes.io/}},
	title = {{[Kubernetes] Production-Grade Container Orchestration}}
}

@article{kubernetes-terraform-provider,
	note = {\url{https://registry.terraform.io/providers/hashicorp/kubernetes/latest/docs}},
	title = {{[Terraform] Kubernetes provider}}
}

@article{chef,
	note = {\url{https://www.chef.io/}},
	title = {{Chef}}
}

@article{puppet,
	note = {\url{https://www.puppet.com/}},
	title = {{Puppet}}
}

@article{lambda,
	note = {\url{https://aws.amazon.com/lambda/}},
	title = {{AWS Lambda}}
}

@article{aws-enum-type,
	note = {\url{https://docs.aws.amazon.com/cdk/api/v1/docs/@aws-cdk_aws-appsync.EnumType.html}},
	title = {{[AWS CDK] class EnumType}}
}

@article{pulumi,
	note = {\url{https://www.pulumi.com/}},
	title = {Pulumi: Infrastructure as code
in any programming language}
}

@article{cloudformation,
	note = {\url{https://aws.amazon.com/cloudformation/}},
	title = {{AWS} {C}loud{F}ormation}
}

@article{bicep,
	note = {\url{https://learn.microsoft.com/en-us/azure/azure-resource-manager/bicep/}},
	title = {Azure {B}icep}
}

@article{bicep-dsl,
	note = {\url{https://learn.microsoft.com/en-us/azure/azure-resource-manager/bicep/compare-template-syntax}},
	title = {{[Azure] Comparing JSON and Bicep for templates}}
}

@article{tf-aws-commit-list,
	note = {\url{https://github.com/hashicorp/terraform-provider-aws/commits/main/}},
	title = {{Terraform AWS Provider commit history}},
        author = {Hashicorp},
        year = {2024}
}

@article{aws-what-new,
	note = {\url{https://aws.amazon.com/new/}},
	title = {{What's New Feed}},
        author = {AWS},
        year = {2024}
}

@article{aws-db-list,
	note = {\url{https://aws.amazon.com/products/databases/}},
	title = {{AWS Cloud Databases}},
        author = {AWS},
        year = {2024}
}

@article{opa,
	note = {\url{https://www.openpolicyagent.org/}},
	title = {Open {P}olicy {A}gent},
        author = {Styra},
        year = {2024}
}

@article{rego,
	note = {\url{https://www.openpolicyagent.org/docs/latest/policy-language/}},
	title = {Policy Language},
        author = {OPA},
        year = {2024}
}

@article{policy-as-code,
	note = {\url{https://www.styra.com/blog/what-is-policy-as-code-definition-and-benefits/}},
	title = {{What is Policy as Code? Definition and Benefits}},
        author = {Styra},
        year = {2023}
}

@article{terraform-modules,
	note = {\url{https://registry.terraform.io/browse/modules}},
	title = {{Terraform Registry: Modules}}
}

@article{terraform-examples,
	note = {\url{https://developer.hashicorp.com/terraform/tutorials}},
	title = {{Terraform: Tutorials}}
}

@article{terraform-plan,
	note = {\url{https://developer.hashicorp.com/terraform/cli/commands/plan}},
	title = {{[Terraform] Command: plan}},
        year = {2023},
        Author = {{Hashicorp}}
}

@article{aws-cloudcontrol-api,
	note = {\url{https://aws.amazon.com/cloudcontrolapi/}},
	title = {{AWS Cloud Control API}}
}

@article{azure-terraform-collab,
	note = {\url{https://azure.microsoft.com/en-us/solutions/devops/terraform/}},
	title = {{HashiCorp Terraform on Azure}}
}

@article{terraform-providers,
	note = {\url{https://registry.terraform.io/browse/providers}},
	title = {{[Terraform] Providers}}
}

@article{terraform-aws-docs,
	note = {\url{https://registry.terraform.io/providers/hashicorp/aws/latest/docs}},
	title = {{[Terraform] AWS Provider Documentation}}
}

https://registry.terraform.io/providers/hashicorp/aws/latest/docs

@article{terraform-apply,
	note = {\url{https://developer.hashicorp.com/terraform/cli/commands/apply}},
	title = {{[Terraform] Command: apply}}
}

@article{pulumi-aws-docs,
	note = {\url{https://www.pulumi.com/registry/packages/aws/api-docs/ec2/instance/}},
	title = {{[Pulumi] aws.ec2.Instance}}
}

@article{pulumi-providers,
	note = {\url{https://www.pulumi.com/registry/}},
	title = {{[Pulumi] Packages}}
}

@article{pulumi-internals,
	note = {\url{https://www.pulumi.com/docs/concepts/how-pulumi-works/}},
	title = {{[Pulumi] How Pulumi works}}
}

@article{pulumi-resource-providers,
	note = {\url{https://www.pulumi.com/docs/concepts/resources/providers/}},
	title = {{[Pulumi] Resource Providers}}
}

@article{pulumi-graph,
	note = {\url{https://www.pulumi.com/docs/cli/commands/pulumi_stack_graph/}},
	title = {{[Pulumi] pulumi stack graph}}
}

@article{pulumi-python,
	note = {\url{https://www.pulumi.com/docs/languages-sdks/python/}},
	title = {{Pulumi \& Python}}
}

@article{pulumi-automation-api,
	note = {\url{https://www.pulumi.com/docs/using-pulumi/automation-api/}},
	title = {{[Pulumi] Automation API}}
}

@article{pulumi-ai,
	note = {\url{https://github.com/pulumi/pulumi-ai/blob/main/src/index.ts}},
	title = {{[Pulumi] AI}},
        year = {{2023}},
        Author = {{Pulumi}}
}

@inproceedings{carlini2021extracting,
  title={Extracting training data from large language models},
  author={Carlini, Nicholas and Tramer, Florian and Wallace, Eric and Jagielski, Matthew and Herbert-Voss, Ariel and Lee, Katherine and Roberts, Adam and Brown, Tom and Song, Dawn and Erlingsson, Ulfar and others},
  booktitle={30th USENIX Security Symposium (USENIX Security 21)},
  pages={2633--2650},
  year={2021}
}

@inproceedings{jain2023skyplane,
  title={Skyplane: Optimizing transfer cost and throughput using $\{$Cloud-Aware$\}$ overlays},
  author={Jain, Paras and Kumar, Sam and Wooders, Sarah and Patil, Shishir G and Gonzalez, Joseph E and Stoica, Ion},
  booktitle={20th USENIX Symposium on Networked Systems Design and Implementation (NSDI 23)},
  pages={1375--1389},
  year={2023}
}

@inproceedings{pu2019shuffling,
  title={Shuffling, fast and slow: Scalable analytics on serverless infrastructure},
  author={Pu, Qifan and Venkataraman, Shivaram and Stoica, Ion},
  booktitle={16th USENIX symposium on networked systems design and implementation (NSDI 19)},
  pages={193--206},
  year={2019}
}

@inproceedings{stoica2021cloud,
  title={From cloud computing to sky computing},
  author={Stoica, Ion and Shenker, Scott},
  booktitle={Proceedings of the Workshop on Hot Topics in Operating Systems},
  pages={26--32},
  year={2021}
}

@article{terraform-graph,
	note = {\url{https://developer.hashicorp.com/terraform/internals/graph}},
	title = {{Terraform: Resource Graph}}
}

@article{terraform-validate,
	note = {\url{https://developer.hashicorp.com/terraform/cli/commands/validate}},
	title = {{[Terraform] Command: validate}}
}

@article{terraform-cli,
	note = {\url{https://developer.hashicorp.com/terraform/cli}},
	title = {{[Terraform] CLI Documentation}}
}

@article{terraform-hcl,
	note = {\url{https://github.com/hashicorp/hcl}},
	title = {{[hcl] HCL is the HashiCorp configuration language.}},
        author = {Terraform},
        year = {2023}
}

@article{aws-aurora-cluster,
	note = {\url{https://docs.aws.amazon.com/AmazonRDS/latest/AuroraUserGuide/Aurora.Overview.html}},
	title = {{Amazon Aurora DB clusters}},
        author = {AWS},
        year = {2024}
}

@article{aws-rds-proxy,
	note = {\url{https://aws.amazon.com/rds/proxy/}},
	title = {{Amazon RDS Proxy}},
        author = {AWS},
        year = {2024}
}

@article{leetcode,
	note = {\url{https://leetcode.com/}},
	title = {{LeetCode}},
        year = {2024}
}

@article{aws-market-share,
	note = {\url{https://techcrunch.com/2024/02/02/ai-pushes-quarterly-cloud-infrastructure-revenue-to-74b-globally/}},
	title = {{Cloud infrastructure saw its biggest revenue growth ever in Q4}},
        author = {TechCrunch},
        year = {2024}
}

@article{terraform-types,
	note = {\url{https://developer.hashicorp.com/terraform/language/expressions/types}},
	title = {{Terraform: Types and Values}}
}

@article{pulumi-types,
	note = {\url{https://www.pulumi.com/docs/concepts/inputs-outputs/}},
	title = {{Pulumi: Inputs and Outputs}}
}

@article{tflint,
	note = {\url{https://github.com/terraform-linters/tflint}},
	title = {{{TFL}int: A Pluggable Terraform Linter}}
}

@article{tfsec,
	note = {\url{https://github.com/aquasecurity/tfsec}},
	title = {{{TFS}ec: Security Scanner for Your Terraform Code}}
}

@article{aztfy,
	note = {\url{https://github.com/Azure/aztfexport}},
	title = {{Microsoft Azure Export for Terraform}}
}

@article{terraformer,
	note = {\url{https://github.com/GoogleCloudPlatform/terraformer}},
	title = {{Terraformer: {CLI} tool to generate terraform files from existing infrastructure}}
}

@article{snyk-ai,
	note = {\url{https://snyk.io/platform/deepcode-ai/}},
	title = {{Snyk powered by DeepCode AI}}
}

@article{structura-ai,
	note = {\url{https://www.structura.io/resources/build-terraform-code-using-structuras-ai-assistant}},
	title = {{STRUCTURA’s AI Assistant}}
}

@article{terraform-validate,
	note = {\url{https://developer.hashicorp.com/terraform/cli/commands/validate}},
	title = {{Terraform validation}}
}

@article{terraform-graph,
	note = {\url{https://developer.hashicorp.com/terraform/internals/graph}},
	title = {{Terraform Graph Algorithm}}
}

@article{terraform-aws-docs-github,
	note = {\url{https://github.com/hashicorp/terraform-provider-aws/tree/main/website/docs/r}},
	title = {{Terraform AWS Provider documentation}},
        year = {2024},
        Author = {Hashicorp},
}

@article{state-of-cloud,
	note = {\url{https://www.hashicorp.com/state-of-the-cloud}},
	title = {{Hashicorp State-of-the-Cloud Survey}},
        year = {2023},
        Author = {Hashicorp},
}

@article{iac-eval-dataset,
	note = {\url{https://drive.google.com/drive/folders/1-MMQR5nETeHlprvKGTgLR990fFOsYHNp?usp=sharing}},
	title = {{IaC-Eval: Dataset}},
        year = {2023},
        Author = {Patrick Kon},
}

@article{tf-statefile,
	note = {\url{https://developer.hashicorp.com/terraform/language/state}},
	title = {{Terraform: State}},
        year = {2023},
        Author = {Terraform},
}

@article{starcoder,
	note = {\url{https://huggingface.co/blog/starcoder}},
	title = {{StarCoder: A State-of-the-Art LLM for Code}},
        year = {2023},
        Author = {Huggingface},
}

@article{ai-benchmark-saturaion,
	note = {\url{https://hai.stanford.edu/news/ai-benchmarks-hit-saturation}},
	title = {Stanford HAI: AI Benchmarks Hit Saturation},
        year = {2023},
        Author = {Stanford HAI},
}

@article{codegen,
	note = {\url{https://github.com/salesforce/CodeGen}},
	title = {{CodeGen}},
        year = {2022},
        Author = {Salesforce},
}

@article{codecontest,
	note = {\url{https://github.com/google-deepmind/code_contests#codecontests}},
	title = {{CodeContests}},
        year = {2022},
        Author = {Google Deepmind},
}

@article{snyk-genai-risk,
	note = {\url{https://www.crn.com/news/security/snyk-ceo-peter-mckay-startups-looking-to-get-acquired-dramatically-increasing}},
	title = {{Snyk CEO Peter McKay: Startups Looking To Get Acquired ‘Dramatically’ Increasing}},
        year = {2023},
        Author = {CRN},
}


@article{chen2021evaluating,
  title={Evaluating large language models trained on code},
  author={Chen, Mark and Tworek, Jerry and Jun, Heewoo and Yuan, Qiming and Pinto, Henrique Ponde de Oliveira and Kaplan, Jared and Edwards, Harri and Burda, Yuri and Joseph, Nicholas and Brockman, Greg and others},
  journal={arXiv preprint arXiv:2107.03374},
  year={2021}
}

@inproceedings{papineni2002bleu,
  title={Bleu: a method for automatic evaluation of machine translation},
  author={Papineni, Kishore and Roukos, Salim and Ward, Todd and Zhu, Wei-Jing},
  booktitle={Proceedings of the 40th annual meeting of the Association for Computational Linguistics},
  pages={311--318},
  year={2002}
}

@article{liu2024visual,
  title={Visual instruction tuning},
  author={Liu, Haotian and Li, Chunyuan and Wu, Qingyang and Lee, Yong Jae},
  journal={Advances in neural information processing systems},
  volume={36},
  year={2024}
}

@inproceedings{deng2009imagenet,
  title={Imagenet: A large-scale hierarchical image database},
  author={Deng, Jia and Dong, Wei and Socher, Richard and Li, Li-Jia and Li, Kai and Fei-Fei, Li},
  booktitle={2009 IEEE conference on computer vision and pattern recognition},
  pages={248--255},
  year={2009},
  organization={Ieee}
}

@article{li2023collaborative,
  title={Collaborative Evaluation: Exploring the Synergy of Large Language Models and Humans for Open-ended Generation Evaluation},
  author={Li, Qintong and Cui, Leyang and Kong, Lingpeng and Bi, Wei},
  journal={arXiv preprint arXiv:2310.19740},
  year={2023}
}

@article{wu2023autogen,
  title={Autogen: Enabling next-gen llm applications via multi-agent conversation framework},
  author={Wu, Qingyun and Bansal, Gagan and Zhang, Jieyu and Wu, Yiran and Zhang, Shaokun and Zhu, Erkang and Li, Beibin and Jiang, Li and Zhang, Xiaoyun and Wang, Chi},
  journal={arXiv preprint arXiv:2308.08155},
  year={2023}
}

@article{xu2023cloudeval,
  title={CloudEval-YAML: A Practical Benchmark for Cloud Configuration Generation},
  author={Xu, Yifei and Chen, Yuning and Zhang, Xumiao and Lin, Xianshang and Hu, Pan and Ma, Yunfei and Lu, Songwu and Du, Wan and Mao, Zhuoqing and Zhai, Ennan and others},
  journal={Proceedings of Machine Learning and Systems},
  volume={6},
  pages={173--195},
  year={2024}
}


@inproceedings{qiu2023simplifying,
  title={Simplifying Cloud Management with Cloudless Computing},
  author={Qiu, Yiming and Kon, Patrick Tser Jern and Xing, Jiarong and Huang, Yibo and Liu, Hongyi and Wang, Xinyu and Huang, Peng and Chowdhury, Mosharaf and Chen, Ang},
  booktitle={Proceedings of the 22nd ACM Workshop on Hot Topics in Networks},
  pages={95--101},
  year={2023}
}

@software{Liu_LlamaIndex_2022,
author = {Liu, Jerry},
doi = {10.5281/zenodo.1234},
month = {11},
title = {{LlamaIndex}},
url = {https://github.com/jerryjliu/llama_index},
year = {2022}
}

@article{sharma2024retrieval,
  title={Retrieval Augmented Generation for Domain-specific Question Answering},
  author={Sharma, Sanat and Yoon, David Seunghyun and Dernoncourt, Franck and Sultania, Dewang and Bagga, Karishma and Zhang, Mengjiao and Bui, Trung and Kotte, Varun},
  journal={arXiv preprint arXiv:2404.14760},
  year={2024}
}

@article{codellama,
	note = {\url{https://ai.meta.com/research/publications/code-llama-open-foundation-models-for-code/}},
	title = {{Code Llama: Open Foundation Models for Code}},
        year = {2023},
        Author = {Meta},
}

@article{austin2021program,
  title={Program synthesis with large language models},
  author={Austin, Jacob and Odena, Augustus and Nye, Maxwell and Bosma, Maarten and Michalewski, Henryk and Dohan, David and Jiang, Ellen and Cai, Carrie and Terry, Michael and Le, Quoc and others},
  journal={arXiv preprint arXiv:2108.07732},
  year={2021}
}

@article{big-google,
	note = {\url{https://github.com/google/BIG-bench}},
	title = {{BIG-bench}},
        year = {2022},
        Author = {Google},
}

@article{codex,
	note = {\url{https://openai.com/index/openai-codex/}},
	title = {{OpenAI Codex}},
        year = {2021},
        Author = {OpenAI},
}

@article{styra-bad,
	note = {\url{https://www.styra.com/blog/ai-generated-infrastructure-as-code-the-good-the-bad-and-the-ugly/}},
	title = {{AI-Generated Infrastructure-as-Code: The Good, the Bad and the Ugly}},
        year = {2023},
        Author = {Styra},
}

@article{gemini,
	note = {\url{https://deepmind.google/technologies/gemini/}},
	title = {{Gemini Models}},
        year = {2023},
        Author = {Google DeepMind},
}

@article{openai,
	note = {\url{https://platform.openai.com/docs/overview}},
	title = {{OpenAI documentation}},
        year = {2024},
        Author = {OpenAI},
}

@article{terraform-target,
	note = {\url{https://developer.hashicorp.com/terraform/tutorials/state/resource-targeting}},
	title = {{Terraform Target Resource}}
}

@article{vicuna,
	note = {\url{https://lmsys.org/blog/2023-03-30-vicuna/}},
	title = {{Vicuna: An Open-Source Chatbot Impressing GPT-4 with 90\%* ChatGPT Quality}}
}

@article{terraform-lifecycle,
	note = {\url{https://developer.hashicorp.com/terraform/tutorials/state/resource-lifecycle}},
	title = {{Terraform Resource Life Cycle}}
}

@article{terraform-apply,
	note = {\url{https://developer.hashicorp.com/terraform/cli/commands/apply}},
	title = {{Terraform Apply}}
}

@article{terraform-timeouts,
	note = {\url{https://developer.hashicorp.com/terraform/plugin/sdkv2/resources/retries-and-customizable-timeouts}},
	title = {{Terraform Retries and Customizable Timeouts}}
}

@article{azure-ratelimit,
	note = {\url{https://learn.microsoft.com/en-us/azure/api-management/rate-limit-policy}},
	title = {{Azure Rate Limit Policy}}
}

@article{terraform-revert,
	note = {\url{https://developers.cloudflare.com/terraform/tutorial/revert-configuration/}},
	title = {{Terraform Rollback}}
}

@article{terraform-locking,
	note = {\url{https://developer.hashicorp.com/terraform/language/state/locking}},
	title = {{Terraform Locking}}
}

@article{pulumi-drifts,
	note = {\url{https://www.pulumi.com/blog/patterns-drift-detection/}},
	title = {{Patterns for Drift Detection with Pulumi}}
}

@article{terraform-drifts,
	note = {\url{https://www.hashicorp.com/blog/detecting-and-managing-drift-with-terraform}},
	title = {{Detecting and Managing Drift with Terraform}}
}

@article{azure-log,
	note = {\url{https://learn.microsoft.com/en-us/azure/azure-monitor/essentials/activity-log}},
	title = {{Azure Monitor Activity Log}}
}

@article{gcp-log,
	note = {\url{https://cloud.google.com/logging/docs/audit}},
	title = {{GCP Cloud Audit Logs}}
}


@article{driftctl,
	note = {\url{https://driftctl.com/}},
	title = {{Driftctl: Catch drift outside of your infrastructure code}}
}

@article{snyk-drift,
	note = {\url{https://snyk.io/blog/infrastructure-drift-detection-mitigation/}},
	title = {{Infrastructure Drift and Drift Detection Explained}}
}

@article{snyk-drift-tools,
	note = {\url{https://snyk.io/blog/tools-infrastructure-drift-detection/}},
	title = {{Tools for Infrastructure Drift Detection}}
}

@article{azure-rate-limit,
	note = {\url{https://learn.microsoft.com/en-us/azure/azure-resource-manager/management/request-limits-and-throttling}},
	title = {{Throttling Resource Manager requests}}
}

@article{repatriation,
	note = {\url{https://www.linkedin.com/pulse/cloud-repatriation-what-isnt-why-its-going-away-erfan-dana/}},
	title = {{Cloud repatriation: What it is, what it isn't, and why it's not going away}}
}


@article{repatriation-reasons,
	note = {\url{https://ubuntu.com/blog/cloud-repatriation-reasons}},
	title = {{Why are companies leaving the cloud? Exploring the main reasons for cloud repatriation}}
}

@article{azure-scale-set,
	note = {\url{https://learn.microsoft.com/en-us/azure/virtual-machine-scale-sets/overview}},
	title = {{Azure VM Scale Set}}
}

@article{azure-autoscaler,
	note = {\url{https://learn.microsoft.com/en-us/azure/aks/cluster-autoscaler#about-the-cluster-autoscaler}},
	title = {{AKS Autoscaler}}
}



@inproceedings{guo2022type,
  title={Type-directed program synthesis for RESTful APIs},
  author={Guo, Zheng and Cao, David and Tjong, Davin and Yang, Jean and Schlesinger, Cole and Polikarpova, Nadia},
  booktitle={PLDI},
  year={2022}
}

@inproceedings{an2011dynamic,
  title={Dynamic inference of static types for Ruby},
  author={An, Jong-hoon and Chaudhuri, Avik and Foster, Jeffrey S and Hicks, Michael},
  booktitle={POPL},
  year={2011}
}

@inproceedings{miltner2017synthesizing,
  title={Synthesizing bijective lenses},
  author={Miltner, Anders and Fisher, Kathleen and Pierce, Benjamin C and Walker, David and Zdancewic, Steve},
  booktitle={POPL},
  year={2017}
}

@phdthesis{foster2009bidirectional,
  title={Bidirectional programming languages},
  author={Foster, John Nathan},
  year={2009},
  school={University of Pennsylvania}
}

@inproceedings{zhang2014encore,
  title={Encore: Exploiting system environment and correlation information for misconfiguration detection},
  author={Zhang, Jiaqi and Renganarayana, Lakshminarayanan and Zhang, Xiaolan and Ge, Niyu and Bala, Vasanth and Xu, Tianyin and Zhou, Yuanyuan},
  booktitle={ASPLOS},
  year={2014}
}

@inproceedings{santolucito2017synthesizing,
  title={Synthesizing configuration file specifications with association rule learning},
  author={Santolucito, Mark and Zhai, Ennan and Dhodapkar, Rahul and Shim, Aaron and Piskac, Ruzica},
  booktitle={OOPSLA},
  year={2017},
}

@inproceedings{eberhardt2019unsupervised,
  title={Unsupervised learning of API aliasing specifications},
  author={Eberhardt, Jan and Steffen, Samuel and Raychev, Veselin and Vechev, Martin},
  booktitle={PLDI},
  year={2019}
}

@inproceedings{pradel2012leveraging,
  title={Leveraging test generation and specification mining for automated bug detection without false positives},
  author={Pradel, Michael and Gross, Thomas R},
  booktitle={ICSE},
  year={2012},
}

@inproceedings{shariffdeen2021concolic,
  title={Concolic program repair},
  author={Shariffdeen, Ridwan and Noller, Yannic and Grunske, Lars and Roychoudhury, Abhik},
  booktitle={PLDI},
  year={2021}
}

@inproceedings{berabi2021tfix,
  title={Tfix: Learning to fix coding errors with a text-to-text transformer},
  author={Berabi, Berkay and He, Jingxuan and Raychev, Veselin and Vechev, Martin},
  booktitle={ICML},
  year={2021},
}

@inproceedings{he2021learning,
  title={Learning to find naming issues with big code and small supervision},
  author={He, Jingxuan and Lee, Cheng-Chun and Raychev, Veselin and Vechev, Martin},
  booktitle={PLDI},
  year={2021}
}

@inproceedings{xia2023automated,
  title={Automated program repair in the era of large pre-trained language models},
  author={Xia, Chunqiu Steven and Wei, Yuxiang and Zhang, Lingming},
  booktitle={ICSE},
  year={2023}
}

@book{alur2013syntax,
  title={Syntax-guided synthesis},
  author={Alur, Rajeev and Bodik, Rastislav and Juniwal, Garvit and Martin, Milo MK and Raghothaman, Mukund and Seshia, Sanjit A and Singh, Rishabh and Solar-Lezama, Armando and Torlak, Emina and Udupa, Abhishek},
  year={2013},
  publisher={IEEE}
}

@inproceedings{wu2022nl2viz,
  title={NL2Viz: natural language to visualization via constrained syntax-guided synthesis},
  author={Wu, Zhengkai and Le, Vu and Tiwari, Ashish and Gulwani, Sumit and Radhakrishna, Arjun and Radi{\v{c}}ek, Ivan and Soares, Gustavo and Wang, Xinyu and Li, Zhenwen and Xie, Tao},
  booktitle={FSE},
  year={2022}
}

@inproceedings{qiu2023synthesizing,
  title={Synthesizing Runtime Programmable Switch Updates},
  author={Qiu, Yiming and Beckett, Ryan and Chen, Ang},
  booktitle={NSDI},
  year={2023}
}

@inproceedings{solar2009sketching,
  title={The sketching approach to program synthesis},
  author={Solar-Lezama, Armando},
  booktitle={APLAS},
  year={2009}
}

@inproceedings{zhang2022differential,
  title={Differential Network Analysis},
  author={Zhang, Peng and Gember-Jacobson, Aaron and Zuo, Yueshang and Huang, Yuhao and Liu, Xu and Li, Hao},
  booktitle={NSDI},
  year={2022}
}

@inproceedings{hummer2013testing,
  title={Testing idempotence for infrastructure as code},
  author={Hummer, Waldemar and Rosenberg, Florian and Oliveira, F{\'a}bio and Eilam, Tamar},
  booktitle={Middleware},
  year={2013}
}

@inproceedings{fan2017incremental,
  title={Incremental graph computations: Doable and undoable},
  author={Fan, Wenfei and Hu, Chunming and Tian, Chao},
  booktitle={SIGMOD},
  year={2017}
}

@incollection{lloyd2022cloud,
  title={Cloud Foundations and Landing Zones},
  author={Lloyd, Jeremy},
  booktitle={Infrastructure Leader’s Guide to Google Cloud: Lead Your Organization's Google Cloud Adoption, Migration and Modernization Journey},
  pages={239--244},
  year={2022},
  publisher={Springer}
}

@inproceedings{petrillo2016rest,
  title={Are REST APIs for cloud computing well-designed? An exploratory study},
  author={Petrillo, Fabio and Merle, Philippe and Moha, Naouel and Gu{\'e}h{\'e}neuc, Yann-Ga{\"e}l},
  booktitle={ICSOC},
  year={2016},
}

@article{manvi2014resource,
  title={Resource management for Infrastructure as a Service (IaaS) in cloud computing: A survey},
  author={Manvi, Sunilkumar S and Shyam, Gopal Krishna},
  journal={Journal of network and computer applications},
  volume={41},
  pages={424--440},
  year={2014},
  publisher={Elsevier}
}

@inproceedings{shambaugh2016rehearsal,
  title={Rehearsal: A configuration verification tool for puppet},
  author={Shambaugh, Rian and Weiss, Aaron and Guha, Arjun},
  booktitle={PLDI},
  year={2016}
}

@inproceedings{zhang2021caerus,
  title={Caerus: NIMBLE Task Scheduling for Serverless Analytics.},
  author={Zhang, Hong and Tang, Yupeng and Khandelwal, Anurag and Chen, Jingrong and Stoica, Ion},
  booktitle={NSDI},
  year={2021}
}

@inproceedings{wang2021mxdag,
  title={MXDAG: A Hybrid Abstraction for Emerging Applications},
  author={Wang, Weitao and Das, Sushovan and Wu, Xinyu Crystal and Wang, Zhuang and Chen, Ang and Ng, TS Eugene},
  booktitle={HotNets},
  year={2021}
}

@inproceedings{sung2016robotron,
  title={Robotron: Top-down network management at facebook scale},
  author={Sung, Yu-Wei Eric and Tie, Xiaozheng and Wong, Starsky HY and Zeng, Hongyi},
  booktitle={SIGCOMM},
  year={2016}
}

@inproceedings{mogul2020experiences,
  title={Experiences with Modeling Network Topologies at Multiple Levels of Abstraction.},
  author={Mogul, Jeffrey C and Goricanec, Drago and Pool, Martin and Shaikh, Anees and Turk, Douglas and Koley, Bikash and Zhao, Xiaoxue},
  booktitle={NSDI},
  year={2020}
}

@article{douze2024faiss,
      title={The Faiss library},
      author={Matthijs Douze and Alexandr Guzhva and Chengqi Deng and Jeff Johnson and Gergely Szilvasy and Pierre-Emmanuel Mazaré and Maria Lomeli and Lucas Hosseini and Hervé Jégou},
      year={2024},
      eprint={2401.08281},
      archivePrefix={arXiv},
      primaryClass={cs.LG}
}

@inproceedings{zhai2020check,
  title={Check before You Change: Preventing Correlated Failures in Service Updates.},
  author={Zhai, Ennan and Chen, Ang and Piskac, Ruzica and Balakrishnan, Mahesh and Tian, Bingchuan and Song, Bo and Zhang, Haoliang},
  booktitle={NSDI},
  year={2020}
}

@article{jimenez2023swe,
  title={Swe-bench: Can language models resolve real-world github issues?},
  author={Jimenez, Carlos E and Yang, John and Wettig, Alexander and Yao, Shunyu and Pei, Kexin and Press, Ofir and Narasimhan, Karthik},
  journal={arXiv preprint arXiv:2310.06770},
  year={2023}
}

@inproceedings{li2020gandalf,
  title={Gandalf: An Intelligent, End-To-End Analytics Service for Safe Deployment in Large-Scale Cloud Infrastructure.},
  author={Li, Ze and Cheng, Qian and Hsieh, Ken and Dang, Yingnong and Huang, Peng and Singh, Pankaj and Yang, Xinsheng and Lin, Qingwei and Wu, Youjiang and Levy, Sebastien and others},
  booktitle={NSDI},
  year={2020}
}

@article{wan2021think,
  title={Think global and act local: Bayesian optimisation over high-dimensional categorical and mixed search spaces},
  author={Wan, Xingchen and Nguyen, Vu and Ha, Huong and Ru, Binxin and Lu, Cong and Osborne, Michael A},
  journal={arXiv preprint arXiv:2102.07188},
  year={2021}
}

@article{yang2024swe,
  title={Swe-agent: Agent-computer interfaces enable automated software engineering},
  author={Yang, John and Jimenez, Carlos E and Wettig, Alexander and Lieret, Kilian and Yao, Shunyu and Narasimhan, Karthik and Press, Ofir},
  journal={arXiv preprint arXiv:2405.15793},
  year={2024}
}

@article{packer2023memgpt,
  title={Memgpt: Towards llms as operating systems},
  author={Packer, Charles and Wooders, Sarah and Lin, Kevin and Fang, Vivian and Patil, Shishir G and Stoica, Ion and Gonzalez, Joseph E},
  journal={arXiv preprint arXiv:2310.08560},
  year={2023}
}

@inproceedings{lou2022resin,
  title={$\{$RESIN$\}$: A Holistic Service for Dealing with Memory Leaks in Production Cloud Infrastructure},
  author={Lou, Chang and Chen, Cong and Huang, Peng and Dang, Yingnong and Qin, Si and Yang, Xinsheng and Li, Xukun and Lin, Qingwei and Chintalapati, Murali},
  booktitle={OSDI},
  year={2022}
}

@inproceedings{ahmed2023recommending,
  title={Recommending Root-Cause and Mitigation Steps for Cloud Incidents using Large Language Models},
  author={Ahmed, Toufique and Ghosh, Supriyo and Bansal, Chetan and Zimmermann, Thomas and Zhang, Xuchao and Rajmohan, Saravan},
  booktitle={ICSE},
  year={2023}
}

@inproceedings{yu2018typesql,
  title={Typesql: Knowledge-based type-aware neural text-to-sql generation},
  author={Yu, Tao and Li, Zifan and Zhang, Zilin and Zhang, Rui and Radev, Dragomir},
  booktitle={NAACL},
  year={2018}
}

@article{li2023can,
  title={Can llm already serve as a database interface? a big bench for large-scale database grounded text-to-sqls},
  author={Li, Jinyang and Hui, Binyuan and Qu, Ge and Li, Binhua and Yang, Jiaxi and Li, Bowen and Wang, Bailin and Qin, Bowen and Cao, Rongyu and Geng, Ruiying and others},
  journal={arXiv preprint},
  year={2023}
}

@inproceedings{chen2018tvm,
  title={TVM: an automated end-to-end optimizing compiler for deep learning},
  author={Chen, Tianqi and Moreau, Thierry and Jiang, Ziheng and Zheng, Lianmin and Yan, Eddie and Cowan, Meghan and Shen, Haichen and Wang, Leyuan and Hu, Yuwei and Ceze, Luis and others},
  booktitle={OSDI},
  year={2018}
}

@inproceedings{jose2015compiling,
  title={Compiling packet programs to reconfigurable switches},
  author={Jose, Lavanya and Yan, Lisa and Varghese, George and McKeown, Nick},
  booktitle={NSDI},
  year={2015}
}

@misc{chasins2022sky,
      title={The Sky Above The Clouds}, 
      author={Sarah Chasins and Alvin Cheung and Natacha Crooks and Ali Ghodsi and Ken Goldberg and Joseph E. Gonzalez and Joseph M. Hellerstein and Michael I. Jordan and Anthony D. Joseph and Michael W. Mahoney and Aditya Parameswaran and David Patterson and Raluca Ada Popa and Koushik Sen and Scott Shenker and Dawn Song and Ion Stoica},
      year={2022},
      eprint={2205.07147},
      archivePrefix={arXiv},
      primaryClass={cs.DC}
}

@inproceedings{de2008z3,
  title={Z3: An efficient SMT solver},
  author={De Moura, Leonardo and Bj{\o}rner, Nikolaj},
  booktitle={TACAS},
  year={2008}
}

@inproceedings{barrett2011cvc4,
  title={{CVC}4},
  author={Barrett, Clark and Conway, Christopher L and Deters, Morgan and Hadarean, Liana and Jovanovi{\'c}, Dejan and King, Tim and Reynolds, Andrew and Tinelli, Cesare},
  booktitle={CAV},
  year={2011}
}

@inproceedings{zhai2014heading,
  title={Heading off correlated failures through independence-as-a-service},
  author={Zhai, Ennan and Chen, Ruichuan and Wolinsky, David Isaac and Ford, Bryan},
  booktitle={OSDI},
  year={2014}
}

@inproceedings{zhai2017auditing,
  title={An auditing language for preventing correlated failures in the cloud},
  author={Zhai, Ennan and Piskac, Ruzica and Gu, Ronghui and Lao, Xun and Wang, Xi},
  booktitle={OOPSLA},
  year={2017}
}

@inproceedings{cauli2021pre,
  title={Pre-deployment security assessment for cloud services through semantic reasoning},
  author={Cauli, Claudia and Li, Meng and Piterman, Nir and Tkachuk, Oksana},
  booktitle={CAV},
  year={2021},
}

@inproceedings{guo2022flash,
  title={Flash: fast, consistent data plane verification for large-scale network settings},
  author={Guo, Dong and Chen, Shenshen and Gao, Kai and Xiang, Qiao and Zhang, Ying and Yang, Y Richard},
  booktitle={SIGCOMM},
  year={2022}
}

@inproceedings{beckett2022katra,
  title={Katra: Realtime verification for multilayer networks},
  author={Beckett, Ryan and Gupta, Aarti},
  booktitle={NSDI},
  year={2022}
}

@article{lorido2014review,
  title={A review of auto-scaling techniques for elastic applications in cloud environments},
  author={Lorido-Botran, Tania and Miguel-Alonso, Jose and Lozano, Jose A},
  journal={Journal of grid computing},
  volume={12},
  pages={559--592},
  year={2014},
  publisher={Springer}
}

@inproceedings{artac2017devops,
  title={DevOps: introducing infrastructure-as-code},
  author={Artac, Matej and Borovssak, Tadej and Di Nitto, Elisabetta and Guerriero, Michele and Tamburri, Damian Andrew},
  booktitle={ICSE-C},
  year={2017},
}

@article{cusumano2010cloud,
  title={{Cloud computing and SaaS as new computing platforms}},
  author={Cusumano, Michael},
  journal={Communications of the ACM},
  volume={53},
  number={4},
  pages={27--29},
  year={2010},
  publisher={ACM New York, NY, USA}
}

@article{lightman2023let,
  title={Let's verify step by step},
  author={Lightman, Hunter and Kosaraju, Vineet and Burda, Yura and Edwards, Harri and Baker, Bowen and Lee, Teddy and Leike, Jan and Schulman, John and Sutskever, Ilya and Cobbe, Karl},
  journal={arXiv preprint arXiv:2305.20050},
  year={2023}
}

@article{hong2024data,
  title={Data interpreter: An llm agent for data science},
  author={Hong, Sirui and Lin, Yizhang and Liu, Bang and Liu, Bangbang and Wu, Binhao and Zhang, Ceyao and Wei, Chenxing and Li, Danyang and Chen, Jiaqi and Zhang, Jiayi and others},
  journal={arXiv preprint arXiv:2402.18679},
  year={2024}
}

@article{jin2024impact,
  title={The impact of reasoning step length on large language models},
  author={Jin, Mingyu and Yu, Qinkai and Shu, Dong and Zhao, Haiyan and Hua, Wenyue and Meng, Yanda and Zhang, Yongfeng and Du, Mengnan},
  journal={arXiv preprint arXiv:2401.04925},
  year={2024}
}

@article{chen2024scienceagentbench,
  title={Scienceagentbench: Toward rigorous assessment of language agents for data-driven scientific discovery},
  author={Chen, Ziru and Chen, Shijie and Ning, Yuting and Zhang, Qianheng and Wang, Boshi and Yu, Botao and Li, Yifei and Liao, Zeyi and Wei, Chen and Lu, Zitong and others},
  journal={arXiv preprint arXiv:2410.05080},
  year={2024}
}