@misc{GSM8K,
      title={Training Verifiers to Solve Math Word Problems}, 
      author={Karl Cobbe and Vineet Kosaraju and Mohammad Bavarian and Mark Chen and Heewoo Jun and Lukasz Kaiser and Matthias Plappert and Jerry Tworek and Jacob Hilton and Reiichiro Nakano and Christopher Hesse and John Schulman},
      year={2021},
      eprint={2110.14168},
      archivePrefix={arXiv},
      primaryClass={cs.LG},
      url={https://arxiv.org/abs/2110.14168}, 
}

@Article{Kitano2021,
    author={Kitano, Hiroaki},
    title={Nobel Turing Challenge: creating the engine for scientific discovery},
    journal={npj Systems Biology and Applications},
    year={2021},
    month={Jun},
    day={18},
    volume={7},
    number={1},
    pages={29},
    issn={2056-7189},
    doi={10.1038/s41540-021-00189-3},
    url={https://doi.org/10.1038/s41540-021-00189-3}
}

@misc{OS-Copilot,
      title={OS-Copilot: Towards Generalist Computer Agents with Self-Improvement}, 
      author={Zhiyong Wu and Chengcheng Han and Zichen Ding and Zhenmin Weng and Zhoumianze Liu and Shunyu Yao and Tao Yu and Lingpeng Kong},
      year={2024},
      eprint={2402.07456},
      archivePrefix={arXiv},
      primaryClass={cs.AI},
      url={https://arxiv.org/abs/2402.07456}, 
}

@misc{SciAgents,
      title={SciAgents: Automating scientific discovery through multi-agent intelligent graph reasoning}, 
      author={Alireza Ghafarollahi and Markus J. Buehler},
      year={2024},
      eprint={2409.05556},
      archivePrefix={arXiv},
      primaryClass={cs.AI},
      url={https://arxiv.org/abs/2409.05556}
}

@article{agarwal2024litllm,
  title={LitLLM: A Toolkit for Scientific Literature Review},
  author={Agarwal, Shubham and Laradji, Issam H and Charlin, Laurent and Pal, Christopher},
  journal={arXiv preprint arXiv:2402.01788},
  year={2024}
}

@misc{agentworkflowmemory,
      title={Agent Workflow Memory}, 
      author={Zora Zhiruo Wang and Jiayuan Mao and Daniel Fried and Graham Neubig},
      year={2024},
      eprint={2409.07429},
      archivePrefix={arXiv},
      primaryClass={cs.CL},
      url={https://arxiv.org/abs/2409.07429}, 
}

@misc{automl1,
      title={AutoML-GPT: Automatic Machine Learning with GPT}, 
      author={Shujian Zhang and Chengyue Gong and Lemeng Wu and Xingchao Liu and Mingyuan Zhou},
      year={2023},
      eprint={2305.02499},
      archivePrefix={arXiv},
      primaryClass={cs.CL},
      url={https://arxiv.org/abs/2305.02499}, 
}

@misc{automl2,
      title={MLCopilot: Unleashing the Power of Large Language Models in Solving Machine Learning Tasks}, 
      author={Lei Zhang and Yuge Zhang and Kan Ren and Dongsheng Li and Yuqing Yang},
      year={2024},
      eprint={2304.14979},
      archivePrefix={arXiv},
      primaryClass={cs.LG},
      url={https://arxiv.org/abs/2304.14979}, 
}

@misc{berens2023aiscienceemergingagenda,
      title={AI for Science: An Emerging Agenda}, 
      author={Philipp Berens and Kyle Cranmer and Neil D. Lawrence and Ulrike von Luxburg and Jessica Montgomery},
      year={2023},
      eprint={2303.04217},
      archivePrefix={arXiv},
      primaryClass={cs.AI},
      url={https://arxiv.org/abs/2303.04217}, 
}

@inproceedings{bran2024knowledge,
  title={Knowledge Graph Extraction from Total Synthesis Documents},
  author={Bran, Andres M and Jon{\v{c}}ev, Zlatko and Schwaller, Philippe},
  booktitle={Proceedings of the 1st Workshop on Language+ Molecules (L+ M 2024)},
  pages={74--84},
  year={2024}
}

@article{chen2024scienceagentbench,
  title={Scienceagentbench: Toward rigorous assessment of language agents for data-driven scientific discovery},
  author={Chen, Ziru and Chen, Shijie and Ning, Yuting and Zhang, Qianheng and Wang, Boshi and Yu, Botao and Li, Yifei and Liao, Zeyi and Wei, Chen and Lu, Zitong and others},
  journal={arXiv preprint arXiv:2410.05080},
  year={2024}
}

@misc{dolphin,
      title={Dolphin: Closed-loop Open-ended Auto-research through Thinking, Practice, and Feedback}, 
      author={Jiakang Yuan and Xiangchao Yan and Botian Shi and Tao Chen and Wanli Ouyang and Bo Zhang and Lei Bai and Yu Qiao and Bowen Zhou},
      year={2025},
      eprint={2501.03916},
      archivePrefix={arXiv},
      primaryClass={cs.AI},
      url={https://arxiv.org/abs/2501.03916}, 
}

@misc{gorilla,
      title={Gorilla: Large Language Model Connected with Massive APIs}, 
      author={Shishir G. Patil and Tianjun Zhang and Xin Wang and Joseph E. Gonzalez},
      year={2023},
      eprint={2305.15334},
      archivePrefix={arXiv},
      primaryClass={cs.CL},
      url={https://arxiv.org/abs/2305.15334}, 
}

@article{gu2024generation,
  title={Generation and human-expert evaluation of interesting research ideas using knowledge graphs and large language models},
  author={Gu, Xuemei and Krenn, Mario},
  journal={arXiv preprint arXiv:2405.17044},
  year={2024}
}

@article{hong2024data,
  title={Data interpreter: An llm agent for data science},
  author={Hong, Sirui and Lin, Yizhang and Liu, Bang and Liu, Bangbang and Wu, Binhao and Zhang, Ceyao and Wei, Chenxing and Li, Danyang and Chen, Jiaqi and Zhang, Jiayi and others},
  journal={arXiv preprint arXiv:2402.18679},
  year={2024}
}

@misc{huang2310mlagentbench,
      title={MLAgentBench: Evaluating Language Agents on Machine Learning Experimentation}, 
      author={Qian Huang and Jian Vora and Percy Liang and Jure Leskovec},
      year={2024},
      eprint={2310.03302},
      archivePrefix={arXiv},
      primaryClass={cs.LG},
      url={https://arxiv.org/abs/2310.03302}, 
}

@inproceedings{hypothesis1,
   title={Hypothesis Generation with Large Language Models},
   url={http://dx.doi.org/10.18653/v1/2024.nlp4science-1.10},
   DOI={10.18653/v1/2024.nlp4science-1.10},
   booktitle={Proceedings of the 1st Workshop on NLP for Science (NLP4Science)},
   publisher={Association for Computational Linguistics},
   author={Zhou, Yangqiaoyu and Liu, Haokun and Srivastava, Tejes and Mei, Hongyuan and Tan, Chenhao},
   year={2024},
   pages={117â€“139} 
}

@misc{hypothesis2,
      title={Hypothesis Search: Inductive Reasoning with Language Models}, 
      author={Ruocheng Wang and Eric Zelikman and Gabriel Poesia and Yewen Pu and Nick Haber and Noah D. Goodman},
      year={2024},
      eprint={2309.05660},
      archivePrefix={arXiv},
      primaryClass={cs.LG},
      url={https://arxiv.org/abs/2309.05660}, 
}

@misc{hypothesis3,
      title={Large Language Models as Biomedical Hypothesis Generators: A Comprehensive Evaluation}, 
      author={Biqing Qi and Kaiyan Zhang and Kai Tian and Haoxiang Li and Zhang-Ren Chen and Sihang Zeng and Ermo Hua and Hu Jinfang and Bowen Zhou},
      year={2024},
      eprint={2407.08940},
      archivePrefix={arXiv},
      primaryClass={cs.CL},
      url={https://arxiv.org/abs/2407.08940}, 
}

@article{lu2024ai,
  title={The ai scientist: Towards fully automated open-ended scientific discovery},
  author={Lu, Chris and Lu, Cong and Lange, Robert Tjarko and Foerster, Jakob and Clune, Jeff and Ha, David},
  journal={arXiv preprint arXiv:2408.06292},
  year={2024}
}

@misc{math-bench,
      title={Measuring Mathematical Problem Solving With the MATH Dataset}, 
      author={Dan Hendrycks and Collin Burns and Saurav Kadavath and Akul Arora and Steven Basart and Eric Tang and Dawn Song and Jacob Steinhardt},
      year={2021},
      eprint={2103.03874},
      archivePrefix={arXiv},
      primaryClass={cs.LG},
      url={https://arxiv.org/abs/2103.03874}, 
}

@inproceedings{math-bench2,
 author = {Frieder, Simon and Pinchetti, Luca and  and Griffiths, Ryan-Rhys and Salvatori, Tommaso and Lukasiewicz, Thomas and Petersen, Philipp and Berner, Julius},
 booktitle = {Advances in Neural Information Processing Systems},
 editor = {A. Oh and T. Naumann and A. Globerson and K. Saenko and M. Hardt and S. Levine},
 pages = {27699--27744},
 publisher = {Curran Associates, Inc.},
 title = {Mathematical Capabilities of ChatGPT},
 url = {https://proceedings.neurips.cc/paper_files/paper/2023/file/58168e8a92994655d6da3939e7cc0918-Paper-Datasets_and_Benchmarks.pdf},
 volume = {36},
 year = {2023}
}

@misc{mmlu,
      title={Measuring Massive Multitask Language Understanding}, 
      author={Dan Hendrycks and Collin Burns and Steven Basart and Andy Zou and Mantas Mazeika and Dawn Song and Jacob Steinhardt},
      year={2021},
      eprint={2009.03300},
      archivePrefix={arXiv},
      primaryClass={cs.CY},
      url={https://arxiv.org/abs/2009.03300}, 
}

@misc{paper-review1,
      title={AI-Driven Review Systems: Evaluating LLMs in Scalable and Bias-Aware Academic Reviews}, 
      author={Keith Tyser and Ben Segev and Gaston Longhitano and Xin-Yu Zhang and Zachary Meeks and Jason Lee and Uday Garg and Nicholas Belsten and Avi Shporer and Madeleine Udell and Dov Te'eni and Iddo Drori},
      year={2024},
      eprint={2408.10365},
      archivePrefix={arXiv},
      primaryClass={cs.AI},
      url={https://arxiv.org/abs/2408.10365}, 
}

@misc{problem-solve1,
      title={SciBench: Evaluating College-Level Scientific Problem-Solving Abilities of Large Language Models}, 
      author={Xiaoxuan Wang and Ziniu Hu and Pan Lu and Yanqiao Zhu and Jieyu Zhang and Satyen Subramaniam and Arjun R. Loomba and Shichang Zhang and Yizhou Sun and Wei Wang},
      year={2024},
      eprint={2307.10635},
      archivePrefix={arXiv},
      primaryClass={cs.CL},
      url={https://arxiv.org/abs/2307.10635}, 
}

@article{problem-solve2, 
    title={SciEval: A Multi-Level Large Language Model Evaluation Benchmark for Scientific Research}, 
    volume={38}, 
    url={https://ojs.aaai.org/index.php/AAAI/article/view/29872}, 
    DOI={10.1609/aaai.v38i17.29872}, 
    number={17}, 
    journal={Proceedings of the AAAI Conference on Artificial Intelligence}, 
    author={Sun, Liangtai and Han, Yang and Zhao, Zihan and Ma, Da and Shen, Zhennan and Chen, Baocai and Chen, Lu and Yu, Kai}, 
    year={2024}, 
    month={Mar.}, 
    pages={19053-19061} 
}

@misc{reasoning-bench,
      title={A Multitask, Multilingual, Multimodal Evaluation of ChatGPT on Reasoning, Hallucination, and Interactivity}, 
      author={Yejin Bang and Samuel Cahyawijaya and Nayeon Lee and Wenliang Dai and Dan Su and Bryan Wilie and Holy Lovenia and Ziwei Ji and Tiezheng Yu and Willy Chung and Quyet V. Do and Yan Xu and Pascale Fung},
      year={2023},
      eprint={2302.04023},
      archivePrefix={arXiv},
      primaryClass={cs.CL},
      url={https://arxiv.org/abs/2302.04023}, 
}

@misc{retrival-bench1,
      title={Is ChatGPT Good at Search? Investigating Large Language Models as Re-Ranking Agents}, 
      author={Weiwei Sun and Lingyong Yan and Xinyu Ma and Shuaiqiang Wang and Pengjie Ren and Zhumin Chen and Dawei Yin and Zhaochun Ren},
      year={2024},
      eprint={2304.09542},
      archivePrefix={arXiv},
      primaryClass={cs.CL},
      url={https://arxiv.org/abs/2304.09542}, 
}

@article{schmidgall2025agent,
  title={Agent Laboratory: Using LLM Agents as Research Assistants},
  author={Schmidgall, Samuel and Su, Yusheng and Wang, Ze and Sun, Ximeng and Wu, Jialian and Yu, Xiaodong and Liu, Jiang and Liu, Zicheng and Barsoum, Emad},
  journal={arXiv preprint arXiv:2501.04227},
  year={2025}
}

@misc{science-tutor1,
      title={Language Models as Science Tutors}, 
      author={Alexis Chevalier and Jiayi Geng and Alexander Wettig and Howard Chen and Sebastian Mizera and Toni Annala and Max Jameson Aragon and Arturo RodrÃ­guez Fanlo and Simon Frieder and Simon Machado and Akshara Prabhakar and Ellie Thieu and Jiachen T. Wang and Zirui Wang and Xindi Wu and Mengzhou Xia and Wenhan Xia and Jiatong Yu and Jun-Jie Zhu and Zhiyong Jason Ren and Sanjeev Arora and Danqi Chen},
      year={2024},
      eprint={2402.11111},
      archivePrefix={arXiv},
      primaryClass={cs.CL},
      url={https://arxiv.org/abs/2402.11111}, 
}

@article{sourati2023accelerating,
  title={Accelerating science with human-aware artificial intelligence},
  author={Sourati, Jamshid and Evans, James A},
  journal={Nature human behaviour},
  volume={7},
  number={10},
  pages={1682--1696},
  year={2023},
  publisher={Nature Publishing Group UK London}
}

@misc{webshop,
      title={WebShop: Towards Scalable Real-World Web Interaction with Grounded Language Agents}, 
      author={Shunyu Yao and Howard Chen and John Yang and Karthik Narasimhan},
      year={2023},
      eprint={2207.01206},
      archivePrefix={arXiv},
      primaryClass={cs.CL},
      url={https://arxiv.org/abs/2207.01206}, 
}

