@inproceedings{probe-version,
author = {Holterbach, Thomas and Pelsser, Cristel and Bush, Randy and Vanbever, Laurent},
year = {2015},
title = {Quantifying Interference between Measurements on the RIPE Atlas Platform},
doi = {10.1145/2815675.2815710},
}

@inproceedings{rfc-ecs,
author={C. Contavalli and W. van der Gaast and D. Lawrence and W. Kumari},
year={2016},
title={Client Subnet in DNS Queries},
booktitle = {RFC 7871},
doi={10.17487/RFC7871},
url={https://www.rfc-editor.org/rfc/rfc7871.html}
}

@inproceedings{rami,
author = {Al-Dalky, Rami and Rabinovich, Michael},
year = {2020},
pages = {},
title = {Revisiting Comparative Performance of DNS Resolvers in the IPv6 and ECS Era},
url={https://www.researchgate.net/publication/342622921_Revisiting_Comparative_Performance_of_DNS_Resolvers_in_the_IPv6_and_ECS_Era}
}

@misc{special-hostname,
author={Mario Korf},
year={2018},
title={Introducing New {WhoAmI} Tool {DNS} Resolver Information},
howpublished={https://www.akamai.com/blog/developers/introducing-new-whoami-tool-dns-resolver-information}
}

@article{ttc,
url={https://atlas.ripe.net/docs/apis/result-format/#version-5000-tls-ssl-get-cert},
}

@misc{ttl-violations,
author={Giovane Moura}, 
title={{DNS TTL} Violations in the Wild - Measured with {RIPE Atlas}},
year={2017},
howpublished={https://labs.ripe.net/author/giovane\_moura/dns-ttl-violations-in-the-wild-measured-with-ripe-atlas/}
}

@article{cloudflare-ecs,
title={FAQ},
year=2022,
url={https://developers.cloudflare.com/1.1.1.1/faq/#does-1111-send-edns-client-subnet-header}}

@article{opendns-ecs,
title={Umbrella and EDNS Client Subnet (ECS)},
year=2022,
url={https://support.umbrella.com/hc/en-us/articles/360021857552-Umbrella-and-EDNS-Client-Subnet-ECS-}
}

@article{quad9-ecs,
title={Quad9 IPs and other settings},
year=2020,
author={Megan Schleifer},
url={https://support.quad9.net/hc/en-us/articles/360041193212-Quad9-IPs-and-other-settings}
}

@article{google-ecs,
title={eDNS0 Client Subnet (ECS)},
year=2022,
url={https://support.google.com/interconnect/answer/7658602?hl=en}
}

@article{cloudflare-anycast, 
title={What is Anycast DNS? | How Anycast works with DNS},
url={https://www.cloudflare.com/learning/dns/what-is-anycast-dns/}
}

@misc{cloudflare-anycast2, 
title={Load Balancing without Load Balancers},
author={Matthew Prince},
year=2013,
howpublished={https://blog.cloudflare.com/cloudflares-architecture-eliminating-single-p/},
note={Accessed on 07/10/2024}
}

@article{fastly-blog, 
title={Fastly is suboptimal when using Google DNS},
url={https://support.fastly.com/hc/en-us/community/posts/360040446972-Fastly-is-suboptimal-when-using-Google-DNS?page=1#community_comment_360004252272}}

@misc{fastly-anycast-performance, 
key={Fastly},
title={Fastly Documentation: Using {Fastly} with apex domains},
howpublished={https://docs.fastly.com/en/guides/using-fastly-with-apex-domains},
year = 2023}

@misc{cisco-cdn-traffic,
key = {Cisco},
title={{Cisco Visual Networking
Index: Forecast and Trends,
2017â€“2022}},
howpublished={https://twiki.cern.ch/twiki/pub/HEPIX/TechwatchNetwork/HtwNetworkDocuments/\\white-paper-c11-741490.pdf},
year=2019
}

@inproceedings{akamai-strategy,
author = {Huang, Cheng and Wang, Angela and li, Jin and Ross, Keith},
year = {2008},
month = {01},
pages = {15-29},
title = {Measuring and evaluating large-scale CDNs},
isbn = {9781605583341}
}

@misc{akamai-distribution,
key={Akamai},
title={Why {Akamai}},
year = {2023},
howpublished={https://www.akamai.com/why-akamai}
}

@article{market-research,
title={Akamai Recognized as a Leader in the IDC MarketScape: Worldwide Commercial CDN 2019 Vendor Assessment},
url={https://www.akamai.com/newsroom/press-release/akamai-recognized-as-a-leader-in-idc-marketscape-worldwide-commercial-cdn-
2019-vendor-assessment},
year={2019}}

@misc{ripe-atlas-cousteau,
url={https://github.com/RIPE-NCC/ripe-atlas-cousteau}
}

@article{ripe-background,
title={Get Involved},
year={2022},
url={https://atlas.ripe.net/landing/get-involved/}
}


@article{ripe-docs-background,
title={RIPE Atlas Docs},
year={2022},
url={https://atlas.ripe.net/docs/getting-started/user-defined-measurements.html#creating-a-new-measurement}
}

@article{dns-image,
title={What is DNS?},
url={https://aws.amazon.com/route53/what-is-dns/}
}

@article{cdn-background,
title={What is a CDN? | How do CDNs work?},
url={https://www.cloudflare.com/learning/cdn/what-is-a-cdn/}
}

@misc{quad9-south-america,
key = {quad9},
title={Quad9 Selects {EdgeUno} to Expand their Services Throughout {Latin America}},
howpublished={https://www.quad9.net/news/press/quad9-selects-edgeuno-latin-america/},
year={2022},
}

@article{fastly-map,
title={Network Map},
url={https://www.fastly.com/network-map/},
year={2023}
}

@article{fastly-ipv6,
title={Fastly Help Guides Archive},
url={https://docs-archive.fastly.com/snapshots/static/2022-02-28-guides-aio.pdf},
year={2022}
}

@inproceedings{trufflehunter,
author = {Randall, Audrey and Liu, Enze and Akiwate, Gautam and Padmanabhan, Ramakrishna and Voelker, Geoffrey M. and Savage, Stefan and Schulman, Aaron},
title = {Trufflehunter: Cache Snooping Rare Domains at Large Public DNS Resolvers},
year = {2020},
isbn = {9781450381383},
url = {https://doi.org/10.1145/3419394.3423640},
doi = {10.1145/3419394.3423640},
}

@misc{quad9-locations,
key={Quad9},
title={Quad9: Locations},
year={2023},
howpublished={https://quad9.net/service/locations/}}

@misc{cloudflare-locations,
key={Cloudflare},
title={The {Cloudflare} global network},
year={2023},
howpublished={https://www.cloudflare.com/network/}}

@article{majestic-million,
title={The Majestic Million},
year={2023},
url={https://majestic.com/reports/majestic-million}}

@article{ripe-atlas-ui,
title={Create a New Measurement},
year={2023},
url={https://atlas.ripe.net/measurements/form/}}

