@misc{IDC_MarketScape,
author={Ghassan Abdo and Melissa Fremeijer},
title={{IDC} {MarketScape}: Worldwide Commercial {CDN} 2019 Vendor Assessment},
howpublished={https://www.speedykorea.com/pdf/idc\_report.pdf},
year={2019}}

@misc{nick-portal,
    key ={Web_Portal},
    title = {{Web Portal for Performance Measurements of DNS Resolver Platforms
}},
    howpublished = {https://dns-web-portal.netlify.app/}
}

@misc{Joey-app,
    key = {Web_App},
    title = {{LDNS Explorer}},
    howpublished = {https://pypi.org/project/ldns-explorer/}
}

@phdthesis{sipat_thesis,
author = {Sipat Triukose},
title = {A PEER-TO-PEER INTERNET MEASUREMENT PLATFORM AND ITS
APPLICATIONS IN CONTENT DELIVERY NETWORKS},
school = {Case Western Reserve University},
year = 2014
}

@mastersthesis{nick_thesis,
    author = {Nicholas Kernan},
    title = {A LARGE-SCALE ASSESSMENT OF DNS RESOLUTION SERVICES},
    school = {Case Western Reserve University},
    year = 2023
}

@article{al2020revisiting,
  title={Revisiting comparative performance of DNS resolvers in the IPv6 and ECS era},
  author={Al-Dalky, Rami and Rabinovich, Michael},
  journal={arXiv preprint arXiv:2007.00651},
  year={2020}
}

@inproceedings{randall2020trufflehunter,
  title={Trufflehunter: Cache Snooping Rare Domains at Large Public {DNS} Resolvers},
  author={Randall, Audrey and Liu, Enze and Akiwate, Gautam and Padmanabhan, Ramakrishna and Voelker, Geoffrey M and Savage, Stefan and Schulman, Aaron},
  booktitle={ACM Internet Measurement Conference},
  pages={50--64},
  year={2020}
}

@article{parvez2009analytic,
  title={An analytic throughput model for TCP NewReno},
  author={Parvez, Nadim and Mahanti, Anirban and Williamson, Carey},
  journal={IEEE/ACM Transactions on Networking},
  volume={18},
  number={2},
  pages={448--461},
  year={2009},
  publisher={IEEE}
}

@inproceedings{bao2010model,
  title={A model for steady state throughput of TCP CUBIC},
  author={Bao, Wei and Wong, Vincent WS and Leung, Victor CM},
  booktitle={2010 IEEE Global Telecommunications Conference GLOBECOM 2010},
  pages={1--6},
  year={2010},
  organization={IEEE}
}

@article{fanou2018exploring,
  title={Exploring and analysing the African Web ecosystem},
  author={Fanou, Rod{\'e}rick and Tyson, Gareth and Fernandes, Eder Leao and Francois, Pierre and Valera, Francisco and Sathiaseelan, Arjuna},
  journal={ACM Transactions on the Web (TWEB)},
  volume={12},
  number={4},
  pages={1--26},
  year={2018},
}

@inproceedings{gueye2018prevalence,
  title={On the prevalence of Boomerang Routing in Africa: Analysis and potential solutions},
  author={Gueye, Assane and Mbaye, Babacar},
  booktitle={International Conference on Innovations and Interdisciplinary Solutions for Underserved Areas},
  pages={3--12},
  year={2018},
  organization={Springer}
}

@inproceedings{chavula2014quantifying,
  title={Quantifying the effects of circuitous routes on the latency of intra-Africa internet traffic: a study of research and education networks},
  author={Chavula, Josiah and Feamster, Nick and Bagula, Antoine and Suleman, Hussein},
  booktitle={International Conference on e-Infrastructure and e-Services for Developing Countries},
  pages={64--73},
  year={2014},
  organization={Springer}
}


@inproceedings{Schomp2020AkamaiDNS,
author = {Schomp, Kyle and Bhardwaj, Onkar and Kurdoglu, Eymen and Muhaimen, Mashooq and Sitaraman, Ramesh K.},
title = {Akamai {DNS}: Providing Authoritative Answers to the World's Queries},
year = {2020},
pages = {465â€“478},
booktitle = {ACM SIGCOMM}
}

@article{de2019passive,
  title={Passive observations of a large {DNS} service: 2.5 years in the life of {Google}},
  author={De Vries, Wouter B and van Rijswijk-Deij, Roland and de Boer, Pieter-Tjerk and Pras, Aiko},
  journal={IEEE Transactions on Network and Service Management},
  volume={17},
  number={1},
  pages={190--200},
  year={2019},
  publisher={IEEE}
}

@inproceedings{streibelt2013exploring,
  title={{Exploring EDNS-Client-Subnet Adopters in your Free Time}},
  author={Streibelt, Florian and B{\"o}ttger, Jan and Chatzis, Nikolaos and Smaragdakis, Georgios and Feldmann, Anja},
  booktitle={Proceedings of the Internet Measurement Conference},
  pages={305--312},
  year={2013},
  organization={ACM},
}
@inproceedings{calder2013mapping,
  title={{Mapping the expansion of Google's serving infrastructure}},
  author={Calder, Matt and Fan, Xun and Hu, Zi and Katz-Bassett, Ethan and Heidemann, John and Govindan, Ramesh},
  booktitle={Proceedings of the Internet Measurement Conference},
  pages={313--326},
  year={2013},
  organization={ACM}
}
@inproceedings{holterbach2015,
  title={Quantifying interference between measurements on the {RIPE Atlas} platform},
  author={Holterbach, Thomas and Pelsser, Cristel and Bush, Randy and Vanbever, Laurent},
  booktitle={ACM Internet Measurement Conference},
  year={2015}
}

@article{bajpai2015,
  title={Lessons learned from using the ripe atlas platform for measurement research},
  author={Bajpai, Vaibhav and Eravuchira, Steffie Jacob and Sch{\"o}nw{\"a}lder, J{\"u}rgen},
  journal={ACM SIGCOMM Computer Communication Review},
  volume={45},
  number={3},
  pages={35--42},
  year={2015},
}

@inproceedings{CAZ+14,
    author    =        "Jakub Czyz and Mark Allman and Jing Zhang and Scott Iekel-Johnson and Eric Osterweil and Michael Bailey",
    title     =        "{Measuring IPv6 Adoption}",
    booktitle =        "ACM SIGCOMM",
    year      =        2014,
    month     =        aug,
}

@misc{maggs_keynote_2019,
title = {{The Evolution of a Content Delivery Network: A 20-Year Retrospective}},
author = {Bruce Maggs},
howpublished = {3rd Asia-Pacific Workshop on Networking (APNet); https://conferences.sigcomm.org/events/ap\-net2019/slides/Keynote\_3.pptx},
year = 2019,
}

@misc{GoogleIPv6_adoption,
key = {google},
title = {{Per-Country IPv6 adoption}},
howpublished = {{Google IPv6 Statistics;  https://www.google.com/intl/en/ipv6/sta\-tistics.html\#tab=per-country-ipv6-adoption}},
}
@misc{AKAM_DNS,
title = {{Designing DNS for Availability and Resilience against DDoS Attacks}},
key = {Akamai},
howpublished = {AKAMAI WHITE PAPER; available at https://www.akamai.com/us/en/multimedia/do\-cu\-ments/white-paper/akamai-designing-dns-for-availability-and-resilience-against-ddos-attacks.pdf; downloaded on 2/17/20.}
}

@misc{AKAM_Backbone2018,
author = {Christian Kaufmann},
title = {{ICN - Akamai's Backbone}},
howpublished = {{Presentation at the Internet Network Operators Summit for the Asia Pacific Region (APRICOT'2018); available at https://www.you\-tube.com/watch?v=\_qW93ggFqyA}},
year = 2018,
}
%https://www.slideshare.net/apnic/icn-akamais-backbone

@misc{DNS_resolvers_NANOG18,
title = {{Comparing the Performance of Public DNS Resolvers}},
author={Angelique Medina},
howpublished = {{Presentation at NANOG-74 Meeting; available at youtube.com/watch?v=gSV5jsZiYiQ}},
year = 2018,
month = SEP,
}
%https://pc.nanog.org/static/published/meetings/NANOG74/agenda.html

@inproceedings{czyz2014measuring,
  title={Measuring ipv6 adoption},
  author={Czyz, Jakub and Allman, Mark and Zhang, Jing and Iekel-Johnson, Scott and Osterweil, Eric and Bailey, Michael},
  booktitle={ACM SIGCOMM},
  pages={87--98},
  year={2014}
}

@inproceedings{zhou2005hopcount,
  title={Hopcount and E2E delay: IPv6 versus IPv4},
  author={Zhou, Xiaoming and Van Mieghem, Piet},
  booktitle={International Workshop on Passive and Active Network Measurement},
  pages={345--348},
  year={2005},
  organization={Springer}
}

@inproceedings{wang2005understanding,
  title={Understanding current {IPv6} performance: a measurement study},
  author={Wang, Yi and Ye, Shaozhi and Li, Xing},
  booktitle={10th IEEE Symposium on Computers and Communications (ISCC'05)},
  pages={71--76},
  year={2005},
  organization={IEEE}
}

@inproceedings{nikkhah2011assessing,
  title={Assessing {IPv6} through {Web} access a measurement study and its findings},
  author={Nikkhah, Mehdi and Gu{\'e}rin, Roch and Lee, Yiu and Woundy, Richard},
  booktitle={Proceedings of the Seventh conference on emerging Networking EXperiments and Technologies},
  pages={1--12},
  year={2011}
}

@inproceedings{law2008empirical,
  title={Empirical performance of {IPv6 vs. IPv4} under a dual-stack environment},
  author={Law, Y-N and Lai, M-C and Tan, Wee Lum and Lau, Wing Cheong},
  booktitle={2008 IEEE International Conference on Communications},
  pages={5924--5929},
  year={2008},
  organization={IEEE}
}

@article{zhou2008ipv6,
  title={{IPv6} delay and loss performance evolution},
  author={Zhou, Xiaoming and Jacobsson, Martin and Uijterwaal, Henk and Van Mieghem, Piet},
  journal={International Journal of Communication Systems},
  volume={21},
  number={6},
  pages={643--663},
  year={2008},
  publisher={Wiley Online Library}
}

@inproceedings{moura2018dike,
  title={When the dike breaks: Dissecting {DNS} defenses during {DDoS}},
  author={Moura, Giovane and Heidemann, John and M{\"u}ller, Moritz and de O Schmidt, Ricardo and Davids, Marco},
  booktitle={IMC},
  pages={8--21},
  year={2018},
}

@misc{full_paper,
  title={Revisiting Comparative Performance of {DNS} Resolvers in the {IPv6 and ECS} Era},
  author={Al-Dalky, Rami and Rabinovich, Michael},
  howpublished={{arXiv preprint arXiv:2007.00651}; available at http://arxiv.org/abs/2007.00651},
  year={2020}
}
}

@misc{our_data,
key = {Full},
howpublished = {\url{https://www.dropbox.com/sh/ioswha9fha3gmxn/AABVNt78urpVshVBbQvAGfvKa?dl=0}}
}

@misc{cymru,
key = {team},
author = {{Team Cymru}},
title = {{IP To ASN Mapping}},
howpublished = {\url{http://www.team-cymru.com/IP-ASN-mapping.html}}
}

@inproceedings{akamai_ECS_support,
author = {Matt Jansen},
title = {{EDNS0 Client-Subnet for DNS based CDNs}},
booktitle = {24th South Asian Network Operators Group Conference},
year = {2014},
month = AUG,
publisher = {Available at http://www.sanog.org/resources/sanog24/akamai-mj-end-user-mapping-sanog.pdf}
}
@article{hours2016study,
  title={{A study of the impact of DNS resolvers on CDN performance using a causal approach}},
  author={Hours, Hadrien and Biersack, Ernst and Loiseau, Patrick and Finamore, Alessandro and Mellia, Marco},
  journal={Computer Networks},
  volume={109},
  pages={200--210},
  year={2016},
  publisher={Elsevier}
}

@inproceedings{huang2011public,
  title={{Public DNS system and Global Traffic Management}},
  author={Huang, Cheng and Maltz, David A and Li, Jin and Greenberg, Albert},
  booktitle={INFOCOM},
  pages={2615--2623},
  year={2011},
}

@MISC{google_dns,
  key = {Google},
  title={{Google Public DNS}},
  howpublished = {\url{https://developers.google.com/speed/public-dns/docs/performance}; Downloaded on 05/13/2019}
}

@inproceedings{schomp2013measuring,
 author = {Schomp, Kyle and Callahan, Tom and Rabinovich, Michael and Allman, Mark},
 title = {{On Measuring the Client-Side DNS Infrastructure}},
 booktitle = {IMC},
  year = {2013},
 isbn = {978-1-4503-1953-9},
 location = {Barcelona, Spain},
 pages = {77--90},
 numpages = {14},
 acmid = {2504734},
 keywords = {domain name system (DNS), internet measurement},
}

@misc{RIPE_Atlas,
  key = {Ripe},
  title = {{Welcome to RIPE Atlas}},
  howpublished = {https://atlas.ripe.net/}
}

@techreport{DZone,
author = {Mehdi Daoudi},
title = {{A Complete Performance Breakdown of 1.1.1.1: Cloudflare's Public DNS Resolver}},
type = {https://dzone.com/articles/a-complete-performance-breakdown-of-1111-cloudflar-1},
institution = {DZone Performance Zone},
year = 2018,
month = {APR},
date = {19}
}

@techreport{google_cache,
author = {Mehdi Daoudi},
title = {{Performance: How Long Does a Second Actually Last?}},
type = {https://dzone.com/articles/performance-how-long-does},
institution = {DZone Performance Zone},
year = 2012,
month = {JUNE},
date = {25}
}

@techreport{Cloudflare_Blog,
author = {Ã“lafur GuÃ°mundsson},
title = {{Introducing DNS Resolver, 1.1.1.1 (not a joke)}},
type = {https://blog.cloudflare.com/dns-resolver-1-1-1-1/},
howpublished = "\url{https://blog.cloudflare.com/dns-resolver-1-1-1-1/}",
institution = {Cloudflare},
year = {2018},
month = {April},
date = {1}
}

@techreport{rfc8305,
  author = {Schinazi, D and Pauly, T},
  title = {{Happy Eyeballs Version 2: Better Connectivity Using Concurrency}},
  howpublished = {Internet Requests for Comments},
  type = {RFC},
  number = {8305},
  year = {2017},
  month = {December},
  publisher = {RFC Editor},
  institution = {RFC Editor},
  url = {https://tools.ietf.org/html/rfc8305},
}

@techreport{rfc7871,
  author = {C. Contavalli and W. van der Gaast and D. Lawrence and W. Kumari},
  title = {{Client Subnet in DNS Queries}},
  howpublished = {Internet Requests for Comments},
  type = {RFC},
  number = {7871},
  year = {2016},
  month = {May},
  issn = {2070-1721},
  url = {https://tools.ietf.org/html/rfc7871},
}

@inproceedings{ager2010comparing,
  title={{Comparing DNS Resolvers in the Wild}},
  author={Ager, Bernhard and M{\"u}hlbauer, Wolfgang and Smaragdakis, Georgios and Uhlig, Steve},
  booktitle={ACM IMC},
  pages={15--21},
  year={2010},
}

@inproceedings{bajpai2016measuring,
  title={{Measuring the Effects of Happy Eyeballs}},
  author={Bajpai, Vaibhav and Sch{\"o}nw{\"a}lder, J{\"u}rgen},
  booktitle={ACM Applied Networking Research Workshop},
  pages={38--44},
  year={2016},
}

@inproceedings{alzoubi2013performance,
  title={{Performance Implications of Unilateral Enabling of IPv6}},
  author={Alzoubi, Hussein A and Rabinovich, Michael and Spatscheck, Oliver},
  booktitle={PAM},
  pages={115--124},
  year={2013},
  organization={Springer}
}

@inproceedings{sanchez2013dasu,
  title={{Dasu: Pushing Experiments to the Internet's Edge}},
  author={S{\'a}nchez, Mario A and Otto, John S and Bischof, Zachary S and Choffnes, David R and Bustamante, Fabi{\'a}n E and Krishnamurthy, Balachander and Willinger, Walter},
  booktitle={NSDI},
  pages={487--499},
  year={2013}
}

@inproceedings{otto2012content,
  title={{Content Delivery and the Natural Evolution of DNS: Remote DNS Trends, Performance Issues and Alternative Solutions}},
  author={Otto, John S and S{\'a}nchez, Mario A and Rula, John P and Bustamante, Fabi{\'a}n E},
  booktitle={Proceedings of the 2012 Internet Measurement Conference},
  pages={523--536},
  year={2012},
  organization={ACM}
}

@article{chen2015end,
  title={{End-User Mapping: Next Generation Request Routing for Content Delivery}},
  author={Chen, Fangfei and Sitaraman, Ramesh K and Torres, Marcelo},
 journal={ACM SIGCOMM Computer Comm. Review},
  volume={45},
  number={4},
  pages={167--181},
  year={2015},
  organization={ACM}
}

@inproceedings{kintis2016understanding,
  title={{Understanding the privacy implications of ECS}},
  author={Kintis, Panagiotis and Nadji, Yacin and Dagon, David and Farrell, Michael and Antonakakis, Manos},
  booktitle={Int. Conf. on Detection of Intrusions and Malware, and Vulnerability Assessment},
  pages={343--353},
  year={2016},
  organization={Springer}
}

@misc{Cisco_VNI,
key = {Cisco},
title = {{Cisco Visual Networking Index: Forecast and Methodology, 2016â€“2021}},
howpublished = {https://www.cisco.com/c/en/us/solutions/colla\-teral/service-provider/visual-networking-index-vni/complete-white-paper-c11-481360.html\#\_Toc484813991},
year = 2017
}

@online{fcc,
author = {{FCC}},
title = {{International Broadband Data Report (Sixth)}},
url = {https://www.fcc.gov/reports-research/reports/international-broadband-data-reports/international-broadband-data-report-4},
year = 2018,
urldate = {2018-10-15}
}

@online{initcwnd,
title = {{Initcwnd settings of major CDN providers}},
url = {https://www.cdnplanet.com/blog/initcwnd-settings-major-cdn-providers/},
howpublished = "\url{https://www.cdnplanet.com/blog/initcwnd-settings-major-cdn-providers/}",
urldate = {2018-10-13}
}
@online{google,
  title = {{Google Public DNS}},
  year = 2018,
  url = {https://developers.google.com/speed/public-dns/},
  urldate = {2018-08-11}
}

@online{google_POPs,
  title = {{Google Public DNS. Frequently Asked Questions}},
 url = {https://developers.google.com/speed/public-dns/faq#locations},
 urldate = {2018-10-13}
}

@online{opendns,
  title = {{OpenDNS}},
  year = 2018,
  url = {https://www.opendns.com/},
  howpublished = "\url{https://www.opendns.com/}",
  urldate = {2018-08-11}
}

@online{opendns_POPs,
    title = {{OpenDNS: Data Center Locations}},
	url = {https://www.opendns.com/data-center-locations/},
	urldate = {2018-10-13}
}

@online{alexa,
  title = {{Alexa top 1M websites}},
  year = 2018,
  url = {http://s3.amazonaws.com/alexa-static/top-1m.csv.zip},
  urldate = {2018-10-07}
}

@online{maj,
  title = {{Majestic Top 1M Websites}},
  key = {Majestic},
  year = 2019,
  url = {https://majestic.com/reports/majestic-million},
  howpublished = {\url{https://majestic.com/reports/majestic-million}},
  urldate = {2018-10-07}
}

@online{quad,
  title = {{Quad9: Internet Security \& Privacy In a Few Easy Steps}},
  year = 2018,
  url= {https://www.quad9.net/},
  urldate = {2018-12-19}
}

@online{quadECS,
key = {Quad},
title = {{Quad9: DNS Need to Know Info}},
url = {https://www.quad9.net/faq/#Is_there_a_service_that_Quad9_offers_that_does_not_have_the_blocklist_or_other_security},
howpublished = {\url{https://www.quad9.net/faq/#Is_there_a_service_that_Quad9_offers_that_does_not_have_the_blocklist_or_other_security}},
urldate = {2018-10-10}
}

@online{cloudflare,
  title = {{What is 1.1.1.1?}},
  year = 2018,
  url = {https://www.cloudflare.com/learning/dns/what-is-1.1.1.1/},
  urldate = {2018-08-11}
}

@online{openDNS_locations,
 key = {Cisco},
 title = {{Cisco Umbrella}},
 url = {https://umbrella.cisco.com/why-umbrella/global-network-and-traffic},
 howpublished = {\url{https://umbrella.cisco.com/why-umbrella/global-network-and-traffic}},
 urldate = {2020-12-26},
 note = {Visited on 2020-12-26}
} 

@online{google_locations,
 key = {google}, 
 title = {Google Public {DNS} Frequently Asked Questions},
 url = {https://developers.google.com/speed/public-dns/faq},
 howpublished = {\url{https://developers.google.com/speed/public-dns/faq}},
 urldate = {2020-12-26},
 note = {Visited on 2020-12-26}
}

@online{Quad9_locations,
 key = {Quad9},
 title = {Quad9 Locations},
 url = {https://www.quad9.net/locations/},
 howpublished = {\url{https://www.quad9.net/locations/}},
 urldate = {2020-12-26},
 note = {Visited on 2020-12-26}
}

@online{cloudflare_locations,
key = {Cloudflare},
title = {The Cloudflare Global Anycast Network},
url = {https://www.cloudflare.com/network/}, 
howpublished = {\url{https://www.cloudflare.com/network/}},
urldate = {2020-12-26},
note = {Visited on 2020-12-26}
} 

@online{quad9_POPs,
title = {Quad9: Internet Security & Privacy In a Few Easy Steps},
url = {https://www.quad9.net/},
urldate = {2018-12-19}
}


@online{cloudflare_POPs,
  title = {{The Cloudflare Global Anycast Network}},
  url = {https://www.cloudflare.com/network/},
  urldate = {2018-10-13}
}

@online{cloudfront_locations,
key = {},
title = {},
howpublished = {\url{https://aws.amazon.com/cloudfront/features/}},
note = {Visited on 2020-12-27}
}
225 PoPs

@online{googleCDN_locations,
key = {},
title = {},
url = {https://cloud.google.com/cdn/docs/locations},
howpublished = {https://cloud.google.com/cdn/docs/locations},
note = {Visited on 2020-12-27}
}
100 PoPs

@online{fasty_locations,
key = {},
title = {},
url = {https://www.fastly.com/network-map},
howpublished = {\url{https://www.fastly.com/network-map}},
note = {Visited on 2020-12-27}
}
~55 locations (although the number of PoPs is somewhat larger as some locations have multiple PoPs)

@online{Incapsula_loctions,
key = {},
title = {},
url = {https://www.imperva.com/products/global-network-map/},
howpublished = {\url{https://www.imperva.com/products/global-network-map/}},
note = {Visited on 2020-12-27}
}
47 data centers

@online{cloudflareECS,
  key = {cloudflare},
  title = {{Cloudflare: The Nitty Gritty}},
  url = {https://developers.cloudflare.com/1.1.1.1/nitty-gritty-details/},
  howpublished = {\url{https://developers.cloudflare.com/1.1.1.1/nitty-gritty-details/}},
  urldate = {2018-10-10}
}

@online{akamai_market_share,
key = {Intricately},
title = {{Intricately Market Analysts. 2020 State Of The CDN Industry: Trends, Size, And Market Share}},
howpublished = {\url{https://blog.intricately.com/2020-state-of-the-cdn-industry-trends-market-share-customer-size}},
date = {2020-07-08},
note = {Visited on 2020-12-27}
}

@online{akamai,
  title = {{Akamai Technologies, Inc.}},
  year = 2018,
  url = {https://www.akamai.com/},
  urldate = {2018-08-11}
}

@online{fastly,
  title = {{Fastly, Inc.}},
  year = 2018,
  url = {https://www.fastly.com/},
  urldate = {2018-08-11}
}

@online{cloudfront,
  title = {{Amazon CloudFront}},
  year = 2018,
  url = {https://aws.amazon.com/cloudfront/},
  urldate = {2018-08-11}
}