@misc{EUAIAct,
    author = {{European Union}},
    title = {{EU AI Act}},
    url = {https://artificialintelligenceact.eu/the-act/},
    year = 2024
}

@article{andrews2023view,
  title={A View From Somewhere: Human-Centric Face Representations},
  author={Andrews, Jerone TA and Joniak, Przemyslaw and Xiang, Alice},
  journal={arXiv preprint arXiv:2303.17176},
  year={2023}
}

@article{behrens2023fatigue,
  title={Fatigue and human performance: an updated framework},
  author={Behrens, Martin and Gube, Martin and Chaabene, Helmi and Prieske, Olaf and Zenon, Alexandre and Broscheid, Kim-Charline and Schega, Lutz and Husmann, Florian and Weippert, Matthias},
  journal={Sports medicine},
  volume={53},
  number={1},
  pages={7--31},
  year={2023},
  publisher={Springer}
}

@article{curry2003capability,
  title={Capability of the human visual system},
  author={Curry, David G and Martinsen, Gary L and Hopper, Darrel G},
  journal={Cockpit Displays X},
  volume={5080},
  pages={58--69},
  year={2003},
  publisher={SPIE}
}

@article{dietvorst2015algorithm,
  title={Algorithm aversion: people erroneously avoid algorithms after seeing them err.},
  author={Dietvorst, Berkeley J and Simmons, Joseph P and Massey, Cade},
  journal={Journal of Experimental Psychology: General},
  volume={144},
  number={1},
  pages={114},
  year={2015},
  publisher={American Psychological Association}
}

@article{dietvorst2018overcoming,
  title={Overcoming algorithm aversion: People will use imperfect algorithms if they can (even slightly) modify them},
  author={Dietvorst, Berkeley J and Simmons, Joseph P and Massey, Cade},
  journal={Management science},
  volume={64},
  number={3},
  pages={1155--1170},
  year={2018},
  publisher={INFORMS}
}

@article{dzindolet2002perceived,
  title={The perceived utility of human and automated aids in a visual detection task},
  author={Dzindolet, Mary T and Pierce, Linda G and Beck, Hall P and Dawe, Lloyd A},
  journal={Human factors},
  volume={44},
  number={1},
  pages={79--94},
  year={2002},
  publisher={SAGE Publications Sage CA: Los Angeles, CA}
}

@article{feliciano2016shades,
  title={Shades of race: How phenotype and observer characteristics shape racial classification},
  author={Feliciano, Cynthia},
  journal={American Behavioral Scientist},
  volume={60},
  number={4},
  pages={390--419},
  year={2016},
  publisher={Sage Publications Sage CA: Los Angeles, CA}
}

@inproceedings{flores2023inclusive,
  title={Inclusive Portraits: Race-Aware Human-in-the-Loop Technology},
  author={Flores-Saviaga, Claudia and Curtis, Christopher and Savage, Saiph},
  booktitle={Proceedings of the 3rd ACM Conference on Equity and Access in Algorithms, Mechanisms, and Optimization},
  pages={1--11},
  year={2023}
}

@article{fysh2017effects,
  title={Effects of time pressure and time passage on face-matching accuracy},
  author={Fysh, Matthew C and Bindemann, Markus},
  journal={Royal Society open science},
  volume={4},
  number={6},
  pages={170249},
  year={2017},
  publisher={The Royal Society Publishing}
}

@inproceedings{han2017hard,
  title={From hard to soft: Towards more human-like emotion recognition by modelling the perception uncertainty},
  author={Han, Jing and Zhang, Zixing and Schmitt, Maximilian and Pantic, Maja and Schuller, Bj{\"o}rn},
  booktitle={Proceedings of the 25th ACM international conference on Multimedia},
  pages={890--897},
  year={2017}
}

@inproceedings{hemmer2023learning,
  title={Learning to defer with limited expert predictions},
  author={Hemmer, Patrick and Thede, Lukas and V{\"o}ssing, Michael and Jakubik, Johannes and K{\"u}hl, Niklas},
  booktitle={Proceedings of the AAAI Conference on Artificial Intelligence},
  volume={37},
  number={5},
  pages={6002--6011},
  year={2023}
}

@article{huber2022stating,
  title={Stating comparison score uncertainty and verification decision confidence towards transparent face recognition},
  author={Huber, Marco and Terh{\"o}rst, Philipp and Kirchbuchner, Florian and Damer, Naser and Kuijper, Arjan},
  journal={arXiv preprint arXiv:2210.10354},
  year={2022}
}

@inproceedings{hupont2019demogpairs,
  title={Demogpairs: Quantifying the impact of demographic imbalance in deep face recognition},
  author={Hupont, Isabelle and Fern{\'a}ndez, Carles},
  booktitle={2019 14th IEEE International Conference on Automatic Face \& Gesture Recognition (FG 2019)},
  pages={1--7},
  year={2019},
  organization={IEEE}
}

@article{hupont2022landscape,
  title={The landscape of facial processing applications in the context of the European AI Act and the development of trustworthy systems},
  author={Hupont, Isabelle and Tolan, Song{\"u}l and Gunes, Hatice and G{\'o}mez, Emilia},
  journal={Scientific Reports},
  volume={12},
  number={1},
  pages={10688},
  year={2022},
  publisher={Nature Publishing Group UK London}
}

@inproceedings{keswani2021towards,
  title={Towards unbiased and accurate deferral to multiple experts},
  author={Keswani, Vijay and Lease, Matthew and Kenthapadi, Krishnaram},
  booktitle={Proceedings of the 2021 AAAI/ACM Conference on AI, Ethics, and Society},
  pages={154--165},
  year={2021}
}

@article{koulu2020proceduralizing,
  title={Proceduralizing control and discretion: Human oversight in artificial intelligence policy},
  author={Koulu, Riikka},
  journal={Maastricht Journal of European and Comparative Law},
  volume={27},
  number={6},
  pages={720--735},
  year={2020},
  publisher={SAGE Publications Sage UK: London, England}
}

@article{kyriakou2023humans,
  title={In humans, we trust: Multidisciplinary perspectives on the requirements for human oversight in algorithmic processes},
  author={Kyriakou, Kyriakos and Otterbacher, Jahna},
  journal={Discover Artificial Intelligence},
  volume={3},
  number={1},
  pages={44},
  year={2023},
  publisher={Springer}
}

@inproceedings{lee2022towards,
  title={Towards efficient annotations for a human-ai collaborative, clinical decision support system: A case study on physical stroke rehabilitation assessment},
  author={Lee, Min Hun and Siewiorek, Daniel P and Smailagic, Asim and Bernardino, Alexandre and Berm{\'u}dez i Badia, Sergi},
  booktitle={Proceedings of the 27th International Conference on Intelligent User Interfaces},
  pages={4--14},
  year={2022}
}

@article{makino2022differences,
  title={Differences between human and machine perception in medical diagnosis},
  author={Makino, Taro and Jastrzebski, Stanis{\l}aw and Oleszkiewicz, Witold and Chacko, Celin and Ehrenpreis, Robin and Samreen, Naziya and Chhor, Chloe and Kim, Eric and Lee, Jiyon and Pysarenko, Kristine and others},
  journal={Scientific reports},
  volume={12},
  number={1},
  pages={6877},
  year={2022},
  publisher={Nature Publishing Group UK London}
}

@article{meissner2001thirty,
  title={Thirty years of investigating the own-race bias in memory for faces: A meta-analytic review.},
  author={Meissner, Christian A and Brigham, John C},
  journal={Psychology, Public Policy, and Law},
  volume={7},
  number={1},
  pages={3},
  year={2001},
  publisher={American Psychological Association}
}

@inproceedings{mozannar2023should,
  title={Who should predict? exact algorithms for learning to defer to humans},
  author={Mozannar, Hussein and Lang, Hunter and Wei, Dennis and Sattigeri, Prasanna and Das, Subhro and Sontag, David},
  booktitle={International conference on artificial intelligence and statistics},
  pages={10520--10545},
  year={2023},
  organization={PMLR}
}

@article{negri2024framework,
  title={A Framework for Assessing Proportionate Intervention with Face Recognition Systems in Real-Life Scenarios},
  author={Negri, Pablo and Hupont, Isabelle and Gomez, Emilia},
  journal={arXiv preprint arXiv:2402.05731},
  year={2024}
}

@inproceedings{papenmeier2022accurate,
  title={How accurate does it feel?--human perception of different types of classification mistakes},
  author={Papenmeier, Andrea and Kern, Dagmar and Hienert, Daniel and Kammerer, Yvonne and Seifert, Christin},
  booktitle={Proceedings of the 2022 CHI Conference on Human Factors in Computing Systems},
  pages={1--13},
  year={2022}
}

@inproceedings{peterson2019human,
  title={Human uncertainty makes classification more robust},
  author={Peterson, Joshua C and Battleday, Ruairidh M and Griffiths, Thomas L and Russakovsky, Olga},
  booktitle={Proceedings of the IEEE/CVF International Conference on Computer Vision},
  pages={9617--9626},
  year={2019}
}

@article{phillips2011other,
  title={An other-race effect for face recognition algorithms},
  author={Phillips, P Jonathon and Jiang, Fang and Narvekar, Abhijit and Ayyad, Julianne and O'Toole, Alice J},
  journal={ACM Transactions on Applied Perception (TAP)},
  volume={8},
  number={2},
  pages={1--11},
  year={2011},
  publisher={ACM New York, NY, USA}
}

@article{phillips2014comparison,
  title={Comparison of human and computer performance across face recognition experiments},
  author={Phillips, P Jonathon and O'toole, Alice J},
  journal={Image and Vision Computing},
  volume={32},
  number={1},
  pages={74--85},
  year={2014},
  publisher={Elsevier}
}

@article{phillips2018face,
  title={Face recognition accuracy of forensic examiners, superrecognizers, and face recognition algorithms},
  author={Phillips, P Jonathon and Yates, Amy N and Hu, Ying and Hahn, Carina A and Noyes, Eilidh and Jackson, Kelsey and Cavazos, Jacqueline G and Jeckeln, G{\'e}raldine and Ranjan, Rajeev and Sankaranarayanan, Swami and others},
  journal={Proceedings of the National Academy of Sciences},
  volume={115},
  number={24},
  pages={6171--6176},
  year={2018},
  publisher={National Acad Sciences}
}

@article{punzi2024ai,
  title={AI, Meet Human: Learning paradigms for hybrid decision making systems},
  author={Punzi, Clara and Pellungrini, Roberto and Setzu, Mattia and Giannotti, Fosca and Pedreschi, Dino},
  journal={arXiv preprint arXiv:2402.06287},
  year={2024}
}

@article{reich2023overcome,
  title={How to overcome algorithm aversion: Learning from mistakes},
  author={Reich, Taly and Kaju, Alex and Maglio, Sam J},
  journal={Journal of Consumer Psychology},
  volume={33},
  number={2},
  pages={285--302},
  year={2023},
  publisher={Wiley Online Library}
}

@article{rice2013unaware,
  title={Unaware person recognition from the body when face identification fails},
  author={Rice, Allyson and Phillips, P Jonathon and Natu, Vaidehi and An, Xiaobo and O’Toole, Alice J},
  journal={Psychological Science},
  volume={24},
  number={11},
  pages={2235--2243},
  year={2013},
  publisher={Sage Publications Sage CA: Los Angeles, CA}
}

@inproceedings{roy2019automation,
  title={Automation accuracy is good, but high controllability may be better},
  author={Roy, Quentin and Zhang, Futian and Vogel, Daniel},
  booktitle={Proceedings of the 2019 CHI Conference on Human Factors in Computing Systems},
  pages={1--8},
  year={2019}
}

@article{white2015perceptual,
  title={Perceptual expertise in forensic facial image comparison},
  author={White, David and Phillips, P Jonathon and Hahn, Carina A and Hill, Matthew and O'Toole, Alice J},
  journal={Proceedings of the Royal Society B: Biological Sciences},
  volume={282},
  number={1814},
  pages={20151292},
  year={2015},
  publisher={The Royal Society}
}

@article{wright2003own,
  title={An own gender bias and the importance of hair in face recognition},
  author={Wright, Daniel B and Sladden, Benjamin},
  journal={Acta psychologica},
  volume={114},
  number={1},
  pages={101--114},
  year={2003},
  publisher={Elsevier}
}

