@inproceedings{assran2019stochastic,
	title={Stochastic gradient push for distributed deep learning},
	author={Assran, Mahmoud and Loizou, Nicolas and Ballas, Nicolas and Rabbat, Mike},
	booktitle={International Conference on Machine Learning},
	pages={344--353},
	year={2019},
	organization={PMLR},
}

@article{kailkhura2015distributed,
	title={Distributed inference in the presence of eavesdroppers: A survey},
	author={Kailkhura, Bhavya and Nadendla, V Sriram Siddhardh and Varshney, Pramod K},
	journal={IEEE Communications Magazine},
	volume={53},
	number={6},
	pages={40--46},
	year={2015},
	publisher={IEEE},
}

@article{li2020federated,
	title={Federated optimization in heterogeneous networks},
	author={Li, Tian and Sahu, Anit Kumar and Zaheer, Manzil and Sanjabi, Maziar and Talwalkar, Ameet and Smith, Virginia},
	journal={Proceedings of Machine learning and systems},
	volume={2},
	pages={429--450},
	year={2020},
}

@article{lian2017can,
	title={Can decentralized algorithms outperform centralized algorithms? a case study for decentralized parallel stochastic gradient descent},
	author={Lian, Xiangru and Zhang, Ce and Zhang, Huan and Hsieh, Cho-Jui and Zhang, Wei and Liu, Ji},
	journal={Advances in neural information processing systems},
	volume={30},
	year={2017},
}

@article{liu2019communication,
	title={Communication-censored ADMM for decentralized consensus optimization},
	author={Liu, Yaohua and Xu, Wei and Wu, Gang and Tian, Zhi and Ling, Qing},
	journal={IEEE Transactions on Signal Processing},
	volume={67},
	number={10},
	pages={2565--2579},
	year={2019},
	publisher={IEEE},
}

@inproceedings{mcmahan2017communication,
	title={Communication-efficient learning of deep networks from decentralized data},
	author={McMahan, Brendan and Moore, Eider and Ramage, Daniel and Hampson, Seth and y Arcas, Blaise Aguera},
	booktitle={Artificial intelligence and statistics},
	pages={1273--1282},
	year={2017},
	organization={PMLR}
}

@book{varshney2012distributed,
	title={Distributed detection and data fusion},
	author={Varshney, Pramod K},
	year={2012},
	publisher={Springer Science \& Business Media},
}

@article{veeravalli2012distributed,
	title={Distributed inference in wireless sensor networks},
	author={Veeravalli, Venugopal V and Varshney, Pramod K},
	journal={Philosophical Transactions of the Royal Society A: Mathematical, Physical and Engineering Sciences},
	volume={370},
	number={1958},
	pages={100--117},
	year={2012},
	publisher={The Royal Society},
}

@article{verbraeken2020survey,
  title={A survey on distributed machine learning},
  author={Verbraeken, Joost and Wolting, Matthijs and Katzy, Jonathan and Kloppenburg, Jeroen and Verbelen, Tim and Rellermeyer, Jan S},
  journal={Acm computing surveys (csur)},
  volume={53},
  number={2},
  pages={1--33},
  year={2020},
  publisher={ACM New York, NY, USA}
}

