%% A


@incollection{airoldi2016,
	author = { Airoldi, Edo and Toulis , Panos },
	year = {2016},
	month = {02},
	pages = {243-266},
	title = {Stochastic Gradient Methods for Principled Estimation with Large Data Sets},
	booktitle = {Handbook of Big Data},
	publisher = {Chapman \& Hall},
}

@article{ando2005framework,
	title={A framework for learning predictive structures from multiple tasks and unlabeled data.},
	author={Ando, Rie Kubota and Zhang, Tong and Bartlett, Peter},
	journal={Journal of machine learning research},
	volume={6},
	number={11},
	year={2005},
}

@article{argyriou2006multi,
	title={Multi-task feature learning},
	author={Argyriou, Andreas and Evgeniou, Theodoros and Pontil, Massimiliano},
	journal={Advances in neural information processing systems},
	volume={19},
	year={2006},
}
@inproceedings{arjovsky2017wasserstein,
	title={Wasserstein generative adversarial networks},
	author={Arjovsky, Martin and Chintala, Soumith and Bottou, L{\'e}on},
	booktitle={International conference on machine learning},
	pages={214--223},
	year={2017},
	organization={PMLR},
}

@inproceedings{assran2019stochastic,
	title={Stochastic gradient push for distributed deep learning},
	author={Assran, Mahmoud and Loizou, Nicolas and Ballas, Nicolas and Rabbat, Mike},
	booktitle={International Conference on Machine Learning},
	pages={344--353},
	year={2019},
	organization={PMLR},
}


%% B

@article{bickel1997moutofn,
	ISSN = {10170405, 19968507},
	author = {P. J. Bickel and F. Götze and W. R. van Zwet},
	journal = {Statistica Sinica},
	number = {1},
	pages = {1--31},
	publisher = {Institute of Statistical Science, Academia Sinica},
	title = {RESAMPLING FEWER THAN n OBSERVATIONS: GAINS, LOSSES, AND REMEDIES FOR LOSSES},
	urldate = {2023-06-01},
	volume = {7},
	year = {1997},
}


@article{bickel2008moutofn,
	author = {Bickel, Peter and Sakov, Anat},
	year = {2008},
	month = {07},
	pages = {967-985},
	title = {On the Choice of m in the m Out of n Bootstrap and Confidence Bounds for Extrema},
	volume = {18},
	journal = {Statistica Sinica},
}

@article{blum1997distributed,
	title={Distributed detection with multiple sensors II. Advanced topics},
	author={Blum, Rick S and Kassam, Saleem A and Poor, H Vincent},
	journal={Proceedings of the IEEE},
	volume={85},
	number={1},
	pages={64--79},
	year={1997},
	publisher={IEEE},
}

@article{bonilla2007multi,
	title={Multi-task Gaussian process prediction},
	author={Bonilla, Edwin V and Chai, Kian and Williams, Christopher},
	journal={Advances in neural information processing systems},
	volume={20},
	year={2007},
}

@article{bowman2017data,
	title={Data localization laws: an emerging global trend},
	author={Bowman, Courtney},
	journal={JURIST--Hotline, Jan},
	url={https://www.jurist.org/commentary/2017/01/courtney-bowman-data-localization/},
	date={2017-01-06},
	year={2017},
}

@article{boyd2011distributed,
	title={Distributed optimization and statistical learning via the alternating direction method of multipliers},
	author={Boyd, Stephen and Parikh, Neal and Chu, Eric and Peleato, Borja and Eckstein, Jonathan and others},
	journal={Foundations and Trends{\textregistered} in Machine learning},
	volume={3},
	number={1},
	pages={1--122},
	year={2011},
	publisher={Now Publishers, Inc.},
}

%% C

@article{chair1986optimal,
	title={Optimal data fusion in multiple sensor detection systems},
	author={Chair, Z and Varshney, PK},
	journal={IEEE Transactions on Aerospace and Electronic Systems},
	number={1},
	pages={98--101},
	year={1986},
	publisher={IEEE},
}

@article{chander2014data,
	title={Data nationalism},
	author={Chander, Anupam and L{\^e}, Uy{\^e}n P},
	journal={Emory LJ},
	volume={64},
	pages={677},
	year={2014},
	publisher={HeinOnline},
}

@article{chen2018privacy,
	title={Privacy-preserving ridge regression on distributed data},
	author={Chen, Yi-Ruei and Rezapour, Amir and Tzeng, Wen-Guey},
	journal={Information Sciences},
	volume={451},
	pages={34--49},
	year={2018},
	publisher={Elsevier},
}

@article{cheng2021secureboost,
	title={Secureboost: A lossless federated learning framework},
	author={Cheng, Kewei and Fan, Tao and Jin, Yilun and Liu, Yang and Chen, Tianjian and Papadopoulos, Dimitrios and Yang, Qiang},
	journal={IEEE Intelligent Systems},
	volume={36},
	number={6},
	pages={87--98},
	year={2021},
	publisher={IEEE},
}

@article{corinzia2019variational,
	title={Variational federated multi-task learning},
	author={Corinzia, Luca and Beuret, Ami and Buhmann, Joachim M},
	journal={arXiv preprint arXiv:1906.06268},
	year={2019},
}

%%D

@inproceedings{dai2018sbeed,
	title={SBEED: Convergent reinforcement learning with nonlinear function approximation},
	author={Dai, Bo and Shaw, Albert and Li, Lihong and Xiao, Lin and He, Niao and Liu, Zhen and Chen, Jianshu and Song, Le},
	booktitle={International Conference on Machine Learning},
	pages={1125--1134},
	year={2018},
	organization={PMLR},
}

@INPROCEEDINGS{de2015bigdata,
	author = {{De Mauro}, Andrea and {Greco}, Marco and {Grimaldi}, Michele},
	title = "{What is big data? A consensual definition and a review of key research topics}",
	booktitle = {International Conference on Integrated Information IC-ININFO 2014)},
	year = 2015,
	series = {American Institute of Physics Conference Series},
	volume = {1644},
	month = feb,
	pages = {97-104},
	doi = {10.1063/1.4907823},
	adsurl = {https://ui.adsabs.harvard.edu/abs/2015AIPC.1644...97D},
	adsnote = {Provided by the SAO/NASA Astrophysics Data System},
}

@article{dean2008mapreduce,
	author = {Dean, Jeffrey and Ghemawat, Sanjay},
	title = {MapReduce: Simplified Data Processing on Large Clusters},
	journal = {Communications of the ACM},
	volume = {51},
	number = {1},
	year = {2008},
	pages = {107--113},
}

@inproceedings{defazio2014saga,
	author = {Defazio, Aaron and Bach, Francis and Lacoste-Julien, Simon},
	booktitle = {Advances in Neural Information Processing Systems},
	editor = {Z. Ghahramani and M. Welling and C. Cortes and N. Lawrence and K.Q. Weinberger},
	pages = {},
	publisher = {Curran Associates, Inc.},
	title = {SAGA: A Fast Incremental Gradient Method With Support for Non-Strongly Convex Composite Objectives},
	url = {https://proceedings.neurips.cc/paper_files/paper/2014/file/ede7e2b6d13a41ddf9f4bdef84fdc737-Paper.pdf},
	volume = {27},
	year = {2014},
}

@inproceedings{deng2021local,
	title={Local stochastic gradient descent ascent: Convergence analysis and communication efficiency},
	author={Deng, Yuyang and Mahdavi, Mehrdad},
	booktitle={International Conference on Artificial Intelligence and Statistics},
	pages={1387--1395},
	year={2021},
	organization={PMLR},
}

%%E

@article{efron1979bootstrap,
	author = {B. Efron},
	title = {{Bootstrap Methods: Another Look at the Jackknife}},
	volume = {7},
	journal = {The Annals of Statistics},
	number = {1},
	publisher = {Institute of Mathematical Statistics},
	pages = {1 -- 26},
	keywords = {bootstrap, discriminant analysis, error rate estimation, jackknife, Nonlinear regression, nonparametric variance estimation, Resampling, subsample values},
	year = {1979},
	doi = {10.1214/aos/1176344552},
	URL = {https://doi.org/10.1214/aos/1176344552},
}

@article{efron2012bibootstrap,
	author = {Bradley Efron},
	title = {{Bayesian inference and the parametric bootstrap}},
	volume = {6},
	journal = {The Annals of Applied Statistics},
	number = {4},
	publisher = {Institute of Mathematical Statistics},
	pages = {1971 -- 1997},
	keywords = {deviance, exponential families, generalized linear models, Jeffreys prior},
	year = {2012},
	doi = {10.1214/12-AOAS571},
	URL = {https://doi.org/10.1214/12-AOAS571},
}

@article{emerson2012bigdata,
	author = {J.W.  Emerson and M.J. Kane},
	title = {Don’t drown in the data},
	volume = {9},
	journal = {Significance},
	pages = {38--39},
	year = {2012},
}

%% F

@article{fallah2020personalized,
	title={Personalized federated learning with theoretical guarantees: A model-agnostic meta-learning approach},
	author={Fallah, Alireza and Mokhtari, Aryan and Ozdaglar, Asuman},
	journal={Advances in neural information processing systems},
	volume={33},
	pages={3557--3568},
	year={2020},
}

@inproceedings{fan2024deep,
  	author={Fan, Mengchen and Geng, Baocheng and Li, Keren and Wang, Xueqian and Varshney, Pramod K.},
	booktitle={2024 27th International Conference on Information Fusion (FUSION)}, 
	title={Interpretable Data Fusion for Distributed Learning: A Representative Approach via Gradient Matching}, 
	year={2024},
	volume={},
	number={},
	pages={1-8},
	keywords={Training;Human computer interaction;Computer aided instruction;Federated learning;Distance learning;Simulation;Human-machine systems;Distributed databases;Transforms;Machine intelligence;Data fusion;distributed learning;interpretability;human integrated AI},
	doi={10.23919/FUSION59988.2024.10706324},
}

@inproceedings{fang2022robust,
	title={Robust federated learning with noisy and heterogeneous clients},
	author={Fang, Xiuwen and Ye, Mang},
	booktitle={Proceedings of the IEEE/CVF Conference on Computer Vision and Pattern Recognition},
	pages={10072--10081},
	year={2022},
}

@Article{fefer2020data,
	author = {Rachel F. Fefer},
	title = {Data Flows, Online Privacy, and Trade Policy (CRS Report No. RL45584)},
	journal = {Congressional Research Service},
	year = {March 26, 2020},
	note = {\url{https://crsreports.congress.gov/product/pdf/R/R45584}. Accessed October 11, 2020.},
}

%% G

@article{goodfellow2020generative,
	title={Generative adversarial networks},
	author={Goodfellow, Ian and Pouget-Abadie, Jean and Mirza, Mehdi and Xu, Bing and Warde-Farley, David and Ozair, Sherjil and Courville, Aaron and Bengio, Yoshua},
	journal={Communications of the ACM},
	volume={63},
	number={11},
	pages={139--144},
	year={2020},
	publisher={ACM New York, NY, USA},
}

@inproceedings{gulrajani2017improved,
	author = {Gulrajani, Ishaan and Ahmed, Faruk and Arjovsky, Martin and Dumoulin, Vincent and Courville, Aaron C},
	booktitle = {Advances in Neural Information Processing Systems},
	editor = {I. Guyon and U. Von Luxburg and S. Bengio and H. Wallach and R. Fergus and S. Vishwanathan and R. Garnett},
	pages = {},
	publisher = {Curran Associates, Inc.},
	title = {Improved Training of Wasserstein GANs},
	url = {https://proceedings.neurips.cc/paper_files/paper/2017/file/892c3b1c6dccd52936e27cbd0ff683d6-Paper.pdf},
	volume = {30},
	year = {2017},
}

%% H

@article{haddadpour2019convergence,
	title={On the convergence of local descent methods in federated learning},
	author={Haddadpour, Farzin and Mahdavi, Mehrdad},
	journal={arXiv preprint arXiv:1910.14425},
	year={2019},
}

@book{hampel2005robust,
  author       = {Frank R. Hampel and Elvezio M. Ronchetti and Peter J. Rousseeuw and Werner A. Stahel},
  title        = {Robust Statistics: The Approach Based on Influence Functions},
  series       = {Wiley Series in Probability and Statistics},
  year         = {2005},
  publisher    = {John Wiley \& Sons, Inc.},
  address      = {Hoboken, NJ, USA},
  isbn         = {9780471735779},
  doi          = {10.1002/9781118186435},
  url          = {https://doi.org/10.1002/9781118186435}
}

%% J

@article{jiang2018linear,
	title={A linear speedup analysis of distributed deep learning with sparse and quantized communication},
	author={Jiang, Peng and Agrawal, Gagan},
	journal={Advances in Neural Information Processing Systems},
	volume={31},
	year={2018},
}

@inproceedings{johnson2013svrg,
	author = {Johnson, Rie and Zhang, Tong},
	booktitle = {Advances in Neural Information Processing Systems},
	editor = {C.J. Burges and L. Bottou and M. Welling and Z. Ghahramani and K.Q. Weinberger},
	pages = {},
	publisher = {Curran Associates, Inc.},
	title = {Accelerating Stochastic Gradient Descent using Predictive Variance Reduction},
	url = {https://proceedings.neurips.cc/paper_files/paper/2013/file/ac1dd209cbcc5e5d1c6e28598e8cbbe8-Paper.pdf},
	volume = {26},
	year = {2013},
}

%% K

@article{kailkhura2015distributed,
	title={Distributed inference in the presence of eavesdroppers: A survey},
	author={Kailkhura, Bhavya and Nadendla, V Sriram Siddhardh and Varshney, Pramod K},
	journal={IEEE Communications Magazine},
	volume={53},
	number={6},
	pages={40--46},
	year={2015},
	publisher={IEEE},
}

@Article{kane2013mass,
	author = {M.J. Kane and J. Emerson and S. Weston},
	year = {2013},
	title = {Scalable strategies for computing with massive data},
	journal = {Journal of Statistical Software},
	volume = {55},
	pages = {1-19},
}

@book{kay1993fundamentals,
	title={Fundamentals of statistical signal processing},
	author={Kay, Steven M},
	year={1993},
	publisher={Prentice Hall PTR},
}

@inproceedings{khaled2020tighter,
	title={Tighter theory for local SGD on identical and heterogeneous data},
	author={Khaled, Ahmed and Mishchenko, Konstantin and Richt{\'a}rik, Peter},
	booktitle={International Conference on Artificial Intelligence and Statistics},
	pages={4519--4529},
	year={2020},
	organization={PMLR},
}

@INPROCEEDINGS{kingma2015adam,
	author = {Kingma, D. P. and Ba, J.},
	title = "{Adam: A method for stochastic optimization.}",
	booktitle = {Proceedings of the 3rd International Conference on Learning Representations (ICLR 2015)},
	year = 2015,
}

@article{kleiner2014blb,
	ISSN = {13697412, 14679868},
	URL = {http://www.jstor.org/stable/24774569},
	author = {Ariel Kleiner and Ameet Talwalkar and Purnamrita Sarkar and Michael I. Jordan},
	journal = {Journal of the Royal Statistical Society. Series B (Statistical Methodology)},
	number = {4},
	pages = {795--816},
	publisher = {[Royal Statistical Society, Wiley]},
	title = {A scalable bootstrap for massive data},
	urldate = {2023-05-25},
	volume = {76},
	year = {2014},
}

@inproceedings{koloskova2020unified,
	title={A unified theory of decentralized sgd with changing topology and local updates},
	author={Koloskova, Anastasia and Loizou, Nicolas and Boreiri, Sadra and Jaggi, Martin and Stich, Sebastian},
	booktitle={International Conference on Machine Learning},
	pages={5381--5393},
	year={2020},
	organization={PMLR},
}


@article{konecny2016federated,
	title={Federated Optimization: Distributed Machine Learning for On-Device Intelligence},
	author={Jakub Kone{\v{c}}n{\`y} and H. B. McMahan and Daniel Ramage and Peter Richt{\'a}rik},
	journal={ArXiv},
	year={2016},
	volume={abs/1610.02527},
}


%% L

@inproceedings{leroux2012sag, 
	author = {Roux, Nicolas Le and Schmidt, Mark and Bach, Francis}, 
	title = {A Stochastic Gradient Method with an Exponential Convergence Rate for Finite Training Sets}, 
	year = {2012}, 
	publisher = {Curran Associates Inc.}, 
	address = {Red Hook, NY, USA}, 
	booktitle = {Proceedings of the 25th International Conference on Neural Information Processing Systems - Volume 2}, 
	pages = {2663–2671}, 
	numpages = {9}, 
	location = {Lake Tahoe, Nevada}, 
	series = {NIPS'12} ,
}

@inproceedings{li2014scaling,
	title={Scaling Distributed Machine Learning with the Parameter Server},
	author={Li, Mu and Andersen, David G and Park, Jungwei and Smola, Alexander J and Ahmed, Amr and Josifovski, Vanja and Long, James and Shekita, Ed and Su, Bor-Yiing},
	booktitle={11th USENIX Symposium on Operating Systems Design and Implementation (OSDI 14)},
	pages={583--598},
	year={2014},
}

@inproceedings{li2019feddane,
	title={Feddane: A federated newton-type method},
	author={Li, Tian and Sahu, Anit Kumar and Zaheer, Manzil and Sanjabi, Maziar and Talwalkar, Ameet and Smithy, Virginia},
	booktitle={2019 53rd Asilomar Conference on Signals, Systems, and Computers},
	pages={1227--1231},
	year={2019},
	organization={IEEE},
}

@article{li2020federated,
	title={Federated optimization in heterogeneous networks},
	author={Li, Tian and Sahu, Anit Kumar and Zaheer, Manzil and Sanjabi, Maziar and Talwalkar, Ameet and Smith, Virginia},
	journal={Proceedings of Machine learning and systems},
	volume={2},
	pages={429--450},
	year={2020},
}

@inproceedings{li2020practical,
	title={Practical federated gradient boosting decision trees},
	author={Li, Qinbin and Wen, Zeyi and He, Bingsheng},
	booktitle={Proceedings of the AAAI conference on artificial intelligence},
	volume={34},
	number={04},
	pages={4642--4649},
	year={2020},
}

@inproceedings{li2021ditto,
	title={Ditto: Fair and robust federated learning through personalization},
	author={Li, Tian and Hu, Shengyuan and Beirami, Ahmad and Smith, Virginia},
	booktitle={International conference on machine learning},
	pages={6357--6368},
	year={2021},
	organization={PMLR},
}

@inproceedings{li2021hermes,
	title={Hermes: an efficient federated learning framework for heterogeneous mobile clients},
	author={Li, Ang and Sun, Jingwei and Li, Pengcheng and Pu, Yu and Li, Hai and Chen, Yiran},
	booktitle={Proceedings of the 27th Annual International Conference on Mobile Computing and Networking},
	pages={420--437},
	year={2021},
}

@article{li2022smr,
	title={Score-matching representative approach for big data analysis with generalized linear models},
	author={Li, Keren and Yang, Jie},
	journal={Electronic Journal of Statistics},
	volume={16},
	number={1},
	pages={592-635},
	year={2022},
}

@unpublished{li2023asmr,
	title={Anchored score-matching for distributed data analysis},
	author={Li, Keren},
	year={2023},
}

@article{lian2017can,
	title={Can decentralized algorithms outperform centralized algorithms? a case study for decentralized parallel stochastic gradient descent},
	author={Lian, Xiangru and Zhang, Ce and Zhang, Huan and Hsieh, Cho-Jui and Zhang, Wei and Liu, Ji},
	journal={Advances in neural information processing systems},
	volume={30},
	year={2017},
}

@Article{lin2011aggregated,
	author = {N. Lin and R. Xi},
	year = {2011},
	title = {Aggregated estimating equation estimation},
	journal = {Statistics and Its Interface},
	volume = {4},
	pages = {73-83},
}

@Article{lin2017msgd,
	author = {J. Lin  and L. Rosasco},
	year = {2017},
	title = {Optimal Rates for multi-pass stochastic gradient methods},
	journal = {Journal of Machine Learning Research},
	volume = {18},
	pages = {1-47},
}

@inproceedings{lin2020gradient,
	title={On gradient descent ascent for nonconvex-concave minimax problems},
	author={Lin, Tianyi and Jin, Chi and Jordan, Michael},
	booktitle={International Conference on Machine Learning},
	pages={6083--6093},
	year={2020},
	organization={PMLR},
}

@article{liu2019communication,
	title={Communication-censored ADMM for decentralized consensus optimization},
	author={Liu, Yaohua and Xu, Wei and Wu, Gang and Tian, Zhi and Ling, Qing},
	journal={IEEE Transactions on Signal Processing},
	volume={67},
	number={10},
	pages={2565--2579},
	year={2019},
	publisher={IEEE},
}

@inproceedings{liu2020client,
	title={Client-edge-cloud hierarchical federated learning},
	author={Liu, Lumin and Zhang, Jun and Song, SH and Letaief, Khaled B},
	booktitle={ICC 2020-2020 IEEE International Conference on Communications (ICC)},
	pages={1--6},
	year={2020},
	organization={IEEE},
}

@inproceedings{liu2022no,
	title={No one left behind: Inclusive federated learning over heterogeneous devices},
	author={Liu, Ruixuan and Wu, Fangzhao and Wu, Chuhan and Wang, Yanlin and Lyu, Lingjuan and Chen, Hong and Xie, Xing},
	booktitle={Proceedings of the 28th ACM SIGKDD Conference on Knowledge Discovery and Data Mining},
	pages={3398--3406},
	year={2022},
}

@inproceedings{lu2024fedhca2,
	title={FedHCA2: Towards Hetero-Client Federated Multi-Task Learning},
	author={Lu, Yuxiang and Huang, Suizhi and Yang, Yuwen and Sirejiding, Shalayiding and Ding, Yue and Lu, Hongtao},
	booktitle={Proceedings of the IEEE/CVF Conference on Computer Vision and Pattern Recognition},
	pages={5599--5609},
	year={2024},
}

@inproceedings{luo2020prague,
	title={Prague: High-performance heterogeneity-aware asynchronous decentralized training},
	author={Luo, Qinyi and He, Jiaao and Zhuo, Youwei and Qian, Xuehai},
	booktitle={Proceedings of the Twenty-Fifth International Conference on Architectural Support for Programming Languages and Operating Systems},
	pages={401--416},
	year={2020},
}

@inproceedings{luo2022tackling,
	title={Tackling system and statistical heterogeneity for federated learning with adaptive client sampling},
	author={Luo, Bing and Xiao, Wenli and Wang, Shiqiang and Huang, Jianwei and Tassiulas, Leandros},
	booktitle={IEEE INFOCOM 2022-IEEE conference on computer communications},
	pages={1739--1748},
	year={2022},
	organization={IEEE},
}

%% M

@Article{ma2014leverage,
	author = {P. Ma and X. Sun},
	year = {2014},
	title = {Leveraging for big data regression},
	journal = {WIREs Computational Statistics},
	volume = {7},
	pages = {70-76},
}

@article{ma2021fedsa,
	title={FedSA: A semi-asynchronous federated learning mechanism in heterogeneous edge computing},
	author={Ma, Qianpiao and Xu, Yang and Xu, Hongli and Jiang, Zhida and Huang, Liusheng and Huang, He},
	journal={IEEE Journal on Selected Areas in Communications},
	volume={39},
	number={12},
	pages={3654--3672},
	year={2021},
	publisher={IEEE},
}

@article{madry2017towards,
	title={Towards deep learning models resistant to adversarial attacks},
	author={Madry, Aleksander and Makelov, Aleksandar and Schmidt, Ludwig and Tsipras, Dimitris and Vladu, Adrian},
	journal={arXiv preprint arXiv:1706.06083},
	year={2017},
}

@article{mccullagh1980ordinal,
	author = {P. McCullagh},
	year = {1980},
	title = {Regression models for ordinal data},
	journal = {Journal of the Royal Statistical Society, Series B},
	volume = {42},
	pages = {109-142},
}

@Book{mccullagh1989glm,
	author = {P. McCullagh and J. Nelder},
	year = {1989},
	title = {Generalized Linear Models},
	edition = {2},
	publisher = {Chapman and Hall/CRC},
}

@inproceedings{mcmahan2017communication,
	title={Communication-efficient learning of deep networks from decentralized data},
	author={McMahan, Brendan and Moore, Eider and Ramage, Daniel and Hampson, Seth and y Arcas, Blaise Aguera},
	booktitle={Artificial intelligence and statistics},
	pages={1273--1282},
	year={2017},
	organization={PMLR}
}

@inproceedings{mendieta2022local,
	title={Local learning matters: Rethinking data heterogeneity in federated learning},
	author={Mendieta, Matias and Yang, Taojiannan and Wang, Pu and Lee, Minwoo and Ding, Zhengming and Chen, Chen},
	booktitle={Proceedings of the IEEE/CVF Conference on Computer Vision and Pattern Recognition},
	pages={8397--8406},
	year={2022},
}

@inproceedings{mohri2019agnostic,
	title={Agnostic federated learning},
	author={Mohri, Mehryar and Sivek, Gary and Suresh, Ananda Theertha},
	booktitle={International Conference on Machine Learning},
	pages={4615--4625},
	year={2019},
	organization={PMLR},
}

%% N

@article{namkoong2016stochastic,
	title={Stochastic gradient methods for distributionally robust optimization with f-divergences},
	author={Namkoong, Hongseok and Duchi, John C},
	journal={Advances in neural information processing systems},
	volume={29},
	year={2016},
}

@article{namkoong2017variance,
	title={Variance-based regularization with convex objectives},
	author={Namkoong, Hongseok and Duchi, John C},
	journal={Advances in neural information processing systems},
	volume={30},
	year={2017},
}

@inproceedings{nikolaenko2013privacy,
	title={Privacy-preserving ridge regression on hundreds of millions of records},
	author={Nikolaenko, Valeria and Weinsberg, Udi and Ioannidis, Stratis and Joye, Marc and Boneh, Dan and Taft, Nina},
	booktitle={2013 IEEE symposium on security and privacy},
	pages={334--348},
	year={2013},
	organization={IEEE},
}

@article{nguyen2020fast,
	title={Fast-convergent federated learning},
	author={Nguyen, Hung T and Sehwag, Vikash and Hosseinalipour, Seyyedali and Brinton, Christopher G and Chiang, Mung and Poor, H Vincent},
	journal={IEEE Journal on Selected Areas in Communications},
	volume={39},
	number={1},
	pages={201--218},
	year={2020},
	publisher={IEEE},
}

@online{NVIDIA_Blog_Federated_Learning,
	title = {What Is Federated Learning?},
	author = {NVIDIA Blog},
	year = {2022},
	url = {https://blogs.nvidia.com/blog/what-is-federated-learning/},
	note = {Accessed: 2024-05-21},
}

%% O

@article{obozinski2006multi,
	title={Multi-task feature selection},
	author={Obozinski, Guillaume and Taskar, Ben and Jordan, Michael},
	journal={Statistics Department, UC Berkeley, Tech. Rep},
	volume={2},
	number={2.2},
	pages={2},
	year={2006},
}

%% P

@article{pathak2020fedsplit,
	title={FedSplit: An algorithmic framework for fast federated optimization},
	author={Pathak, Reese and Wainwright, Martin J},
	journal={Advances in neural information processing systems},
	volume={33},
	pages={7057--7066},
	year={2020},
}

@Book{politis1999subsample,
	author = {D. Politis and J. Romano and M. Wolf},
	year = {1999},
	title = {Subsampling},
	edition = {1999th},
	publisher = {New York: Springer},
}

%% Q

@inproceedings{qu2022rethinking,
	title={Rethinking architecture design for tackling data heterogeneity in federated learning},
	author={Qu, Liangqiong and Zhou, Yuyin and Liang, Paul Pu and Xia, Yingda and Wang, Feifei and Adeli, Ehsan and Fei-Fei, Li and Rubin, Daniel},
	booktitle={Proceedings of the IEEE/CVF conference on computer vision and pattern recognition},
	pages={10061--10071},
	year={2022},
}

%% S 

@article{sery2021over,
	title={Over-the-air federated learning from heterogeneous data},
	author={Sery, Tomer and Shlezinger, Nir and Cohen, Kobi and Eldar, Yonina C},
	journal={IEEE Transactions on Signal Processing},
	volume={69},
	pages={3796--3811},
	year={2021},
	publisher={IEEE},
}


@article{sinha2017certifying,
	title={Certifying some distributional robustness with principled adversarial training},
	author={Sinha, Aman and Namkoong, Hongseok and Volpi, Riccardo and Duchi, John},
	journal={arXiv preprint arXiv:1710.10571},
	year={2017},
}

@article{sinha2017certifiable,
	title={Certifiable Distributional Robustness with Principled Adversarial Training. CoRR, abs/1710.10571},
	author={Sinha, Aman and Namkoong, Hongseok and Duchi, John C},
	journal={arXiv preprint arXiv:1710.10571},
	year={2017},
}

@article{smith2017federated,
	title={Federated multi-task learning},
	author={Smith, Virginia and Chiang, Chao-Kai and Sanjabi, Maziar and Talwalkar, Ameet S},
	journal={Advances in neural information processing systems},
	volume={30},
	year={2017},
}

@article{smith2018cocoa,
	title={CoCoA: A general framework for communication-efficient distributed optimization},
	author={Smith, Virginia and Forte, Simone and Ma, Chenxin and Tak{\'a}{\v{c}}, Martin and Jordan, Michael I and Jaggi, Martin},
	journal={Journal of Machine Learning Research},
	volume={18},
	number={230},
	pages={1--49},
	year={2018},
}

@article{spiridonoff2021communication,
	title={Communication-efficient sgd: From local sgd to one-shot averaging},
	author={Spiridonoff, Artin and Olshevsky, Alex and Paschalidis, Yannis},
	journal={Advances in Neural Information Processing Systems},
	volume={34},
	pages={24313--24326},
	year={2021},
}

@article{stich2018local,
	title={Local SGD converges fast and communicates little},
	author={Stich, Sebastian U},
	journal={arXiv preprint arXiv:1805.09767},
	year={2018},
}

@article{stich2020error,
	title={The error-feedback framework: Better rates for sgd with delayed gradients and compressed updates},
	author={Stich, Sebastian U and Karimireddy, Sai Praneeth},
	journal={Journal of Machine Learning Research},
	volume={21},
	pages={1--36},
	year={2020},
}

@article{szekely2003statistics,
  title={E-statistics: The energy of statistical samples},
  author={Sz{\'e}kely, G{\'a}bor J},
  journal={Bowling Green State University, Department of Mathematics and Statistics Technical Report},
  volume={3},
  number={05},
  pages={1--18},
  year={2003},
}

@article{szekely2005new,
  title={A new test for multivariate normality},
  author={Sz{\'e}kely, G{\'a}bor J and Rizzo, Maria L},
  journal={Journal of Multivariate Analysis},
  volume={93},
  number={1},
  pages={58--80},
  year={2005},
  publisher={Elsevier},
}

%% T

@article{tan2022towards,
	title={Towards personalized federated learning},
	author={Tan, Alysa Ziying and Yu, Han and Cui, Lizhen and Yang, Qiang},
	journal={IEEE transactions on neural networks and learning systems},
	volume={34},
	number={12},
	pages={9587--9603},
	year={2022},
	publisher={IEEE},
}

@Article{tran2015gradient,
	author = {D. Tran and P. Toulis and E. Airoldi},
	year = {2015},
	title = {Stochastic gradient descent methods for estimation with large data sets},
	journal={arXiv preprint arXiv:1509.06459},
}

@inproceedings{thrun1996discovering,
	title={Discovering structure in multiple learning tasks: The TC algorithm},
	author={Thrun, Sebastian and O'Sullivan, Joseph},
	booktitle={ICML},
	volume={96},
	pages={489--497},
	year={1996},
	organization={Citeseer},
}

%% V

@book{varshney2012distributed,
	title={Distributed detection and data fusion},
	author={Varshney, Pramod K},
	year={2012},
	publisher={Springer Science \& Business Media},
}


@article{veeravalli2012distributed,
	title={Distributed inference in wireless sensor networks},
	author={Veeravalli, Venugopal V and Varshney, Pramod K},
	journal={Philosophical Transactions of the Royal Society A: Mathematical, Physical and Engineering Sciences},
	volume={370},
	number={1958},
	pages={100--117},
	year={2012},
	publisher={The Royal Society},
}

@article{viswanathan1997distributed,
	title={Distributed detection with multiple sensors Part {I}: {F}undamentals},
	author={Viswanathan, Ramanarayanan and Varshney, Pramod K},
	journal={Proceedings of the IEEE},
	volume={85},
	number={1},
	pages={54--63},
	year={1997},
	publisher={IEEE},
}

%% W

@article{wang2018logistic,
	author = {HaiYing Wang and Rong Zhu and Ping Ma},
	title = {Optimal Subsampling for Large Sample Logistic Regression},
	journal = {Journal of the American Statistical Association},
	volume = {113},
	number = {522},
	pages = {829-844},
	year  = {2018},
	publisher = {Taylor & Francis},
	doi = {10.1080/01621459.2017.1292914},
	note ={PMID: 30078922},
}

@Article{wang2019iboss,
	author = {HaiYing Wang and Min Yang and John Stufken},
	title = {Information-Based Optimal Subdata Selection for Big Data Linear Regression},
	journal = {Journal of the American Statistical Association},
	volume = {114},
	number = {525},
	pages = {393-405},
	year  = {2019},
	publisher = {Taylor & Francis},
	doi = {10.1080/01621459.2017.1408468},
}

@inproceedings{wang2021adversarial,
	title={Adversarial training with fast gradient projection method against synonym substitution based text attacks},
	author={Wang, Xiaosen and Yang, Yichen and Deng, Yihe and He, Kun},
	booktitle={Proceedings of the AAAI Conference on Artificial Intelligence},
	volume={35},
	number={16},
	pages={13997--14005},
	year={2021},
}

@article{wang2021cooperative,
	title={Cooperative SGD: A unified framework for the design and analysis of local-update SGD algorithms},
	author={Wang, Jianyu and Joshi, Gauri},
	journal={Journal of Machine Learning Research},
	volume={22},
	year={2021},
}

@inproceedings{wang2021device,
	title={Device sampling for heterogeneous federated learning: Theory, algorithms, and implementation},
	author={Wang, Su and Lee, Mengyuan and Hosseinalipour, Seyyedali and Morabito, Roberto and Chiang, Mung and Brinton, Christopher G},
	booktitle={IEEE INFOCOM 2021-IEEE Conference on Computer Communications},
	pages={1--10},
	year={2021},
	organization={IEEE},
}

@misc{wikibigdata,
	author = {{Big data}},
	title = "Big data --- {W}ikipedia{,} The Free Encyclopedia",
	year = "2023",
	url = "https://en.wikipedia.org/wiki/Big_data",
	note = "[Online; accessed 04-June-2023]"
}

@article{wright2015coordinate,
	title={Coordinate descent algorithms},
	author={Wright, Stephen J},
	journal={Mathematical programming},
	volume={151},
	number={1},
	pages={3--34},
	year={2015},
	publisher={Springer},
}

%% X

%% Y

@article{ye2023heterogeneous,
	title={Heterogeneous federated learning: State-of-the-art and research challenges},
	author={Ye, Mang and Fang, Xiuwen and Du, Bo and Yuen, Pong C and Tao, Dacheng},
	journal={ACM Computing Surveys},
	volume={56},
	number={3},
	pages={1--44},
	year={2023},
	publisher={ACM New York, NY, USA},
}

@article{yuan2022convergence,
	title={On convergence of FedProx: Local dissimilarity invariant bounds, non-smoothness and beyond},
	author={Yuan, Xiaotong and Li, Ping},
	journal={Advances in Neural Information Processing Systems},
	volume={35},
	pages={10752--10765},
	year={2022},
}

%% Z

@article{zhang2012convex,
	title={A convex formulation for learning task relationships in multi-task learning},
	author={Zhang, Yu and Yeung, Dit-Yan},
	journal={arXiv preprint arXiv:1203.3536},
	year={2012},
}

@inproceedings{zhang2014facial,
	title={Facial landmark detection by deep multi-task learning},
	author={Zhang, Zhanpeng and Luo, Ping and Loy, Chen Change and Tang, Xiaoou},
	booktitle={Computer Vision--ECCV 2014: 13th European Conference, Zurich, Switzerland, September 6-12, 2014, Proceedings, Part VI 13},
	pages={94--108},
	year={2014},
	organization={Springer},
}

@article{zhang2014regularization,
	title={A regularization approach to learning task relationships in multitask learning},
	author={Zhang, Yu and Yeung, Dit-Yan},
	journal={ACM Transactions on Knowledge Discovery from Data (TKDD)},
	volume={8},
	number={3},
	pages={1--31},
	year={2014},
	publisher={ACM New York, NY, USA},
}

@article{zhang2021survey,
	title={A survey on multi-task learning},
	author={Zhang, Yu and Yang, Qiang},
	journal={IEEE Transactions on Knowledge and Data Engineering},
	volume={34},
	number={12},
	pages={5586--5609},
	year={2021},
	publisher={IEEE},
}

@inproceedings{zhao2018inprivate,
	title={Inprivate digging: Enabling tree-based distributed data mining with differential privacy},
	author={Zhao, Lingchen and Ni, Lihao and Hu, Shengshan and Chen, Yaniiao and Zhou, Pan and Xiao, Fu and Wu, Libing},
	booktitle={IEEE INFOCOM 2018-IEEE Conference on Computer Communications},
	pages={2087--2095},
	year={2018},
	organization={IEEE},
}

@article{zheng2024rasmr,
	author    = {Zheng, Duo and Li, Keren and Yang, Jie},
	title     = {Response-Aided Score-Matching Representative Approaches for Big Data Analysis and Model Selection under Generalized Linear Models},
	journal   = {Algorithms},
	volume    = {17},
	number    = {10},
	pages     = {456},
	year      = {2024},
	doi       = {10.3390/a17100456},
	url       = {https://doi.org/10.3390/a17100456}
}

@inproceedings{zhou2018convergence,
	doi = {10.24963/ijcai.2018/447},
	url = {https://doi.org/10.24963%2Fijcai.2018%2F447},
	year = 2018,
	month = {jul},
	publisher = {International Joint Conferences on Artificial Intelligence Organization},
	author = {Fan Zhou and Guojing Cong},
	title = {On the Convergence Properties of a K-step Averaging Stochastic Gradient Descent Algorithm for Nonconvex Optimization},
	booktitle = {Proceedings of the Twenty-Seventh International Joint Conference on Artificial Intelligence},
}



@inproceedings{zhu2021data,
	title={Data-free knowledge distillation for heterogeneous federated learning},
	author={Zhu, Zhuangdi and Hong, Junyuan and Zhou, Jiayu},
	booktitle={International conference on machine learning},
	pages={12878--12889},
	year={2021},
	organization={PMLR},
}


@inproceedings{zinkevich2010parallelized,
	title={Parallelized Stochastic Gradient Descent},
	author={Zinkevich, Martin and Weimer, Markus and Li, Lihong and Smola, Alex},
	booktitle={Advances in Neural Information Processing Systems},
	volume={23},
	pages={2595--2603},
	year={2010},
}

@article{ye2023heterogeneous,
  title={Heterogeneous federated learning: State-of-the-art and research challenges},
  author={Ye, Mang and Fang, Xiuwen and Du, Bo and Yuen, Pong C and Tao, Dacheng},
  journal={ACM Computing Surveys},
  volume={56},
  number={3},
  pages={1--44},
  year={2023},
  publisher={ACM New York, NY, USA}
}

@INPROCEEDINGS{10706324,
  author={Fan, Mengchen and Geng, Baocheng and Li, Keren and Wang, Xueqian and Varshney, Pramod K.},
  booktitle={2024 27th International Conference on Information Fusion (FUSION)}, 
  title={Interpretable Data Fusion for Distributed Learning: A Representative Approach via Gradient Matching}, 
  year={2024},
  volume={},
  number={},
  pages={1-8},
  keywords={Training;Human computer interaction;Computer aided instruction;Federated learning;Distance learning;Simulation;Human-machine systems;Distributed databases;Transforms;Machine intelligence;Data fusion;distributed learning;interpretability;human integrated AI},
  doi={10.23919/FUSION59988.2024.10706324}}

@article{zhao2020dataset,
  title={Dataset condensation with gradient matching},
  author={Zhao, Bo and Mopuri, Konda Reddy and Bilen, Hakan},
  journal={arXiv preprint arXiv:2006.05929},
  year={2020}
}

@inproceedings{domke2012generic,
  title={Generic methods for optimization-based modeling},
  author={Domke, Justin},
  booktitle={Artificial Intelligence and Statistics},
  pages={318--326},
  year={2012},
  organization={PMLR}
}

@inproceedings{cazenavette2022dataset,
  title={Dataset distillation by matching training trajectories},
  author={Cazenavette, George and Wang, Tongzhou and Torralba, Antonio and Efros, Alexei A and Zhu, Jun-Yan},
  booktitle={Proceedings of the IEEE/CVF Conference on Computer Vision and Pattern Recognition},
  pages={4750--4759},
  year={2022}
}

@article{li2022smr,
  title={Score-matching representative approach for big data analysis with generalized linear models},
  author={Li, Keren and Yang, Jie},
  journal={Electronic Journal of Statistics},
  volume={16},
  number={1},
  pages={592-635},
  year={2022},
}

@inproceedings{dai2022dispfl,
  title={Dispfl: Towards communication-efficient personalized federated learning via decentralized sparse training},
  author={Dai, Rong and Shen, Li and He, Fengxiang and Tian, Xinmei and Tao, Dacheng},
  booktitle={International conference on machine learning},
  pages={4587--4604},
  year={2022},
  organization={PMLR}
}

@inproceedings{bibikar2022federated,
  title={Federated dynamic sparse training: Computing less, communicating less, yet learning better},
  author={Bibikar, Sameer and Vikalo, Haris and Wang, Zhangyang and Chen, Xiaohan},
  booktitle={Proceedings of the AAAI Conference on Artificial Intelligence},
  volume={36},
  number={6},
  pages={6080--6088},
  year={2022}
}

@inproceedings{chacon2019deep,
  title={Deep learning poison data attack detection},
  author={Chacon, Henry and Silva, Samuel and Rad, Paul},
  booktitle={2019 IEEE 31st International Conference on Tools with Artificial Intelligence (ICTAI)},
  pages={971--978},
  year={2019},
  organization={IEEE}
}

@article{madry2017towards,
  title={Towards deep learning models resistant to adversarial attacks},
  author={Madry, Aleksander and Makelov, Aleksandar and Schmidt, Ludwig and Tsipras, Dimitris and Vladu, Adrian},
  journal={arXiv preprint arXiv:1706.06083},
  year={2017}
}

@article{molchanov2016pruning,
  title={Pruning convolutional neural networks for resource efficient inference},
  author={Molchanov, Pavlo and Tyree, Stephen and Karras, Tero and Aila, Timo and Kautz, Jan},
  journal={arXiv preprint arXiv:1611.06440},
  year={2016}
}

@inproceedings{sietsma1988neural,
  title={Neural net pruning-why and how},
  author={Sietsma and Dow},
  booktitle={IEEE 1988 international conference on neural networks},
  pages={325--333},
  year={1988},
  organization={IEEE}
}

@inproceedings{molchanov2019importance,
  title={Importance estimation for neural network pruning},
  author={Molchanov, Pavlo and Mallya, Arun and Tyree, Stephen and Frosio, Iuri and Kautz, Jan},
  booktitle={Proceedings of the IEEE/CVF conference on computer vision and pattern recognition},
  pages={11264--11272},
  year={2019}
}

@article{li2016pruning,
  title={Pruning filters for efficient convnets},
  author={Li, Hao and Kadav, Asim and Durdanovic, Igor and Samet, Hanan and Graf, Hans Peter},
  journal={arXiv preprint arXiv:1608.08710},
  year={2016}
}

@article{kairouz2021advances,
  title={Advances and open problems in federated learning},
  author={Kairouz, Peter and McMahan, H Brendan and Avent, Brendan and Bellet, Aur{\'e}lien and Bennis, Mehdi and Bhagoji, Arjun Nitin and Bonawitz, Kallista and Charles, Zachary and Cormode, Graham and Cummings, Rachel and others},
  journal={Foundations and trends{\textregistered} in machine learning},
  volume={14},
  number={1--2},
  pages={1--210},
  year={2021},
  publisher={Now Publishers, Inc.}
}

@article{abadi2016tensorflow,
  title={Tensorflow: Large-scale machine learning on heterogeneous distributed systems},
  author={Abadi, Mart{\'\i}n and Agarwal, Ashish and Barham, Paul and Brevdo, Eugene and Chen, Zhifeng and Citro, Craig and Corrado, Greg S and Davis, Andy and Dean, Jeffrey and Devin, Matthieu and others},
  journal={arXiv preprint arXiv:1603.04467},
  year={2016}
}

@article{predd2006distributed,
  title={Distributed learning in wireless sensor networks},
  author={Predd, Joel B and Kulkarni, Sanjeev B and Poor, H Vincent},
  journal={IEEE signal processing magazine},
  volume={23},
  number={4},
  pages={56--69},
  year={2006},
  publisher={IEEE}
}

@article{ghosh2019robust,
  title={Robust federated learning in a heterogeneous environment},
  author={Ghosh, Avishek and Hong, Justin and Yin, Dong and Ramchandran, Kannan},
  journal={arXiv preprint arXiv:1906.06629},
  year={2019}
}

@article{akhtar2018threat,
  title={Threat of adversarial attacks on deep learning in computer vision: A survey},
  author={Akhtar, Naveed and Mian, Ajmal},
  journal={Ieee Access},
  volume={6},
  pages={14410--14430},
  year={2018},
  publisher={IEEE}
}

@article{zhang2023data,
  title={Data augmentation based federated learning},
  author={Zhang, Hao and Hou, Qingying and Wu, Tingting and Cheng, Siyao and Liu, Jie},
  journal={IEEE Internet of Things Journal},
  year={2023},
  publisher={IEEE}
}

@article{yan2023clustered,
  title={Clustered federated learning in heterogeneous environment},
  author={Yan, Yihan and Tong, Xiaojun and Wang, Shen},
  journal={IEEE Transactions on Neural Networks and Learning Systems},
  year={2023},
  publisher={IEEE}
}

@article{sun2023simple,
  title={A simple and effective pruning approach for large language models},
  author={Sun, Mingjie and Liu, Zhuang and Bair, Anna and Kolter, J Zico},
  journal={arXiv preprint arXiv:2306.11695},
  year={2023}
}

@inproceedings{frantar2023sparsegpt,
  title={Sparsegpt: Massive language models can be accurately pruned in one-shot},
  author={Frantar, Elias and Alistarh, Dan},
  booktitle={International Conference on Machine Learning},
  pages={10323--10337},
  year={2023},
  organization={PMLR}
}

@article{smith2017federated,
  title={Federated multi-task learning},
  author={Smith, Virginia and Chiang, Chao-Kai and Sanjabi, Maziar and Talwalkar, Ameet S},
  journal={Advances in neural information processing systems},
  volume={30},
  year={2017}
}

@inproceedings{merugu2005distributed,
  title={A distributed learning framework for heterogeneous data sources},
  author={Merugu, Srujana and Ghosh, Joydeep},
  booktitle={Proceedings of the eleventh ACM SIGKDD international conference on Knowledge discovery in data mining},
  pages={208--217},
  year={2005}
}

@article{dinh2021fedu,
  title={Fedu: A unified framework for federated multi-task learning with laplacian regularization},
  author={Dinh, Canh T and Vu, Tung T and Tran, Nguyen H and Dao, Minh N and Zhang, Hongyu},
  journal={arXiv preprint arXiv:2102.07148},
  volume={400},
  year={2021}
}

@inproceedings{li2022federated,
  title={Federated learning on non-iid data silos: An experimental study},
  author={Li, Qinbin and Diao, Yiqun and Chen, Quan and He, Bingsheng},
  booktitle={2022 IEEE 38th international conference on data engineering (ICDE)},
  pages={965--978},
  year={2022},
  organization={IEEE}
}

@inproceedings{zhang2022federated,
  title={Federated learning with label distribution skew via logits calibration},
  author={Zhang, Jie and Li, Zhiqi and Li, Bo and Xu, Jianghe and Wu, Shuang and Ding, Shouhong and Wu, Chao},
  booktitle={International Conference on Machine Learning},
  pages={26311--26329},
  year={2022},
  organization={PMLR}
}

@article{luo2022disentangled,
  title={Disentangled federated learning for tackling attributes skew via invariant aggregation and diversity transferring},
  author={Luo, Zhengquan and Wang, Yunlong and Wang, Zilei and Sun, Zhenan and Tan, Tieniu},
  journal={arXiv preprint arXiv:2206.06818},
  year={2022}
}

@article{duan2020self,
  title={Self-balancing federated learning with global imbalanced data in mobile systems},
  author={Duan, Moming and Liu, Duo and Chen, Xianzhang and Liu, Renping and Tan, Yujuan and Liang, Liang},
  journal={IEEE Transactions on Parallel and Distributed Systems},
  volume={32},
  number={1},
  pages={59--71},
  year={2020},
  publisher={IEEE}
}

@inproceedings{cho2022towards,
  title={Towards understanding biased client selection in federated learning},
  author={Cho, Yae Jee and Wang, Jianyu and Joshi, Gauri},
  booktitle={International Conference on Artificial Intelligence and Statistics},
  pages={10351--10375},
  year={2022},
  organization={PMLR}
}

@article{he2020group,
  title={Group knowledge transfer: Federated learning of large cnns at the edge},
  author={He, Chaoyang and Annavaram, Murali and Avestimehr, Salman},
  journal={Advances in Neural Information Processing Systems},
  volume={33},
  pages={14068--14080},
  year={2020}
}

@article{li2021decentralized,
  title={Decentralized federated learning via mutual knowledge transfer},
  author={Li, Chengxi and Li, Gang and Varshney, Pramod K},
  journal={IEEE Internet of Things Journal},
  volume={9},
  number={2},
  pages={1136--1147},
  year={2021},
  publisher={IEEE}
}

@article{liu2023federated,
  title={Federated Learning and Meta Learning: Approaches, Applications, and Directions},
  author={Liu, Xiaonan and Deng, Yansha and Nallanathan, Arumugam and Bennis, Mehdi},
  journal={IEEE Communications Surveys \& Tutorials},
  year={2023},
  publisher={IEEE}
}

@inproceedings{li2021sample,
  title={Sample-level data selection for federated learning},
  author={Li, Anran and Zhang, Lan and Tan, Juntao and Qin, Yaxuan and Wang, Junhao and Li, Xiang-Yang},
  booktitle={IEEE INFOCOM 2021-IEEE Conference on Computer Communications},
  pages={1--10},
  year={2021},
  organization={IEEE}
}

@article{lei2022oes,
  title={Oes-fed: a federated learning framework in vehicular network based on noise data filtering},
  author={Lei, Yuan and Wang, Shir Li and Su, Caiyu and Ng, Theam Foo},
  journal={PeerJ Computer Science},
  volume={8},
  pages={e1101},
  year={2022},
  publisher={PeerJ Inc.}
}

@inproceedings{tuor2021overcoming,
  title={Overcoming noisy and irrelevant data in federated learning},
  author={Tuor, Tiffany and Wang, Shiqiang and Ko, Bong Jun and Liu, Changchang and Leung, Kin K},
  booktitle={2020 25th International Conference on Pattern Recognition (ICPR)},
  pages={5020--5027},
  year={2021},
  organization={IEEE}
}

@article{huang2020fairness,
  title={Fairness and accuracy in federated learning},
  author={Huang, Wei and Li, Tianrui and Wang, Dexian and Du, Shengdong and Zhang, Junbo},
  journal={arXiv preprint arXiv:2012.10069},
  year={2020}
}

@article{li2021survey,
  title={A survey on federated learning systems: Vision, hype and reality for data privacy and protection},
  author={Li, Qinbin and Wen, Zeyi and Wu, Zhaomin and Hu, Sixu and Wang, Naibo and Li, Yuan and Liu, Xu and He, Bingsheng},
  journal={IEEE Transactions on Knowledge and Data Engineering},
  volume={35},
  number={4},
  pages={3347--3366},
  year={2021},
  publisher={IEEE}
}

@article{acar2021federated,
  title={Federated learning based on dynamic regularization},
  author={Acar, Durmus Alp Emre and Zhao, Yue and Navarro, Ramon Matas and Mattina, Matthew and Whatmough, Paul N and Saligrama, Venkatesh},
  journal={arXiv preprint arXiv:2111.04263},
  year={2021}
}

@inproceedings{jiang2022towards,
  title={Towards federated learning against noisy labels via local self-regularization},
  author={Jiang, Xuefeng and Sun, Sheng and Wang, Yuwei and Liu, Min},
  booktitle={Proceedings of the 31st ACM International Conference on Information \& Knowledge Management},
  pages={862--873},
  year={2022}
}

@article{deng2020adaptive,
  title={Adaptive personalized federated learning},
  author={Deng, Yuyang and Kamani, Mohammad Mahdi and Mahdavi, Mehrdad},
  journal={arXiv preprint arXiv:2003.13461},
  year={2020}
}

@article{sabah2023model,
  title={Model optimization techniques in personalized federated learning: A survey},
  author={Sabah, Fahad and Chen, Yuwen and Yang, Zhen and Azam, Muhammad and Ahmad, Nadeem and Sarwar, Raheem},
  journal={Expert Systems with Applications},
  pages={122874},
  year={2023},
  publisher={Elsevier}
}

@misc{ghamizi2021adversarialrobustnessmultitasklearning,
      title={Adversarial Robustness in Multi-Task Learning: Promises and Illusions}, 
      author={Salah Ghamizi and Maxime Cordy and Mike Papadakis and Yves Le Traon},
      year={2021},
      eprint={2110.15053},
      archivePrefix={arXiv},
      primaryClass={cs.LG},
      url={https://arxiv.org/abs/2110.15053}, 
}

@inproceedings{xu2023bias,
  title={Bias-eliminating augmentation learning for debiased federated learning},
  author={Xu, Yuan-Yi and Lin, Ci-Siang and Wang, Yu-Chiang Frank},
  booktitle={Proceedings of the IEEE/CVF Conference on Computer Vision and Pattern Recognition},
  pages={20442--20452},
  year={2023}
}

@inproceedings{hao2021towards,
  title={Towards fair federated learning with zero-shot data augmentation},
  author={Hao, Weituo and El-Khamy, Mostafa and Lee, Jungwon and Zhang, Jianyi and Liang, Kevin J and Chen, Changyou and Duke, Lawrence Carin},
  booktitle={Proceedings of the IEEE/CVF conference on computer vision and pattern recognition},
  pages={3310--3319},
  year={2021}
}

@article{imteaj2021survey,
  title={A survey on federated learning for resource-constrained IoT devices},
  author={Imteaj, Ahmed and Thakker, Urmish and Wang, Shiqiang and Li, Jian and Amini, M Hadi},
  journal={IEEE Internet of Things Journal},
  volume={9},
  number={1},
  pages={1--24},
  year={2021},
  publisher={IEEE}
}

@article{mehrabi2021survey,
  title={A survey on bias and fairness in machine learning},
  author={Mehrabi, Ninareh and Morstatter, Fred and Saxena, Nripsuta and Lerman, Kristina and Galstyan, Aram},
  journal={ACM computing surveys (CSUR)},
  volume={54},
  number={6},
  pages={1--35},
  year={2021},
  publisher={ACM New York, NY, USA}
}

@article{li2014communication,
  title={Communication efficient distributed machine learning with the parameter server},
  author={Li, Mu and Andersen, David G and Smola, Alexander J and Yu, Kai},
  journal={Advances in Neural Information Processing Systems},
  volume={27},
  year={2014}
}

@article{zhang2017mixup,
  title={mixup: Beyond empirical risk minimization},
  author={Zhang, Hongyi},
  journal={arXiv preprint arXiv:1710.09412},
  year={2017}
}

@article{xu2022safe,
  title={Safe: Synergic data filtering for federated learning in cloud-edge computing},
  author={Xu, Xiaolong and Li, Haoyuan and Li, Zheng and Zhou, Xiaokang},
  journal={IEEE Transactions on Industrial Informatics},
  volume={19},
  number={2},
  pages={1655--1665},
  year={2022},
  publisher={IEEE}
}

@article{lu2024data,
  title={Data-free knowledge filtering and distillation in federated learning},
  author={Lu, Zihao and Wang, Junli and Jiang, Changjun},
  journal={IEEE Transactions on Big Data},
  year={2024},
  publisher={IEEE}
}

@article{duan2022fed,
  title={Fed-DR-Filter: Using global data representation to reduce the impact of noisy labels on the performance of federated learning},
  author={Duan, Shaoming and Liu, Chuanyi and Cao, Zhengsheng and Jin, Xiaopeng and Han, Peiyi},
  journal={Future Generation Computer Systems},
  volume={137},
  pages={336--348},
  year={2022},
  publisher={Elsevier}
}

@article{ma2020federated,
  title={Federated data cleaning: Collaborative and privacy-preserving data cleaning for edge intelligence},
  author={Ma, Lichuan and Pei, Qingqi and Zhou, Lu and Zhu, Haojin and Wang, Licheng and Ji, Yusheng},
  journal={IEEE Internet of Things Journal},
  volume={8},
  number={8},
  pages={6757--6770},
  year={2020},
  publisher={IEEE}
}

@article{curtis2016mystery,
  title={The mystery of the Z-score},
  author={Curtis, Alexander E and Smith, Tanya A and Ziganshin, Bulat A and Elefteriades, John A},
  journal={Aorta},
  volume={4},
  number={04},
  pages={124--130},
  year={2016},
  publisher={Thieme Medical Publishers}
}

@article{singh2012outlier,
  title={Outlier detection: applications and techniques},
  author={Singh, Karanjit and Upadhyaya, Shuchita},
  journal={International Journal of Computer Science Issues (IJCSI)},
  volume={9},
  number={1},
  pages={307},
  year={2012},
  publisher={Citeseer}
}

@article{yao2022fedtmi,
  title={FedTMI: Knowledge aided federated transfer learning for industrial missing data imputation},
  author={Yao, Zoujing and Zhao, Chunhui},
  journal={Journal of Process Control},
  volume={117},
  pages={206--215},
  year={2022},
  publisher={Elsevier}
}

@article{li2021federated,
  title={Federated matrix factorization with privacy guarantee},
  author={Li, Zitao and Ding, Bolin and Zhang, Ce and Li, Ninghui and Zhou, Jingren},
  journal={Proceedings of the VLDB Endowment},
  volume={15},
  number={4},
  year={2021}
}

@article{li2022differentially,
  title={Differentially private federated learning in edge networks: The perspective of noise reduction},
  author={Li, Yiwei and Wang, Shuai and Chi, Chong-Yung and Quek, Tony QS},
  journal={IEEE Network},
  volume={36},
  number={5},
  pages={167--172},
  year={2022},
  publisher={IEEE}
}

@inproceedings{sun2020energy,
  title={Energy-aware analog aggregation for federated learning with redundant data},
  author={Sun, Yuxuan and Zhou, Sheng and G{\"u}nd{\"u}z, Deniz},
  booktitle={ICC 2020-2020 IEEE International Conference on Communications (ICC)},
  pages={1--7},
  year={2020},
  organization={IEEE}
}

@article{ghosh2020efficient,
  title={An efficient framework for clustered federated learning},
  author={Ghosh, Avishek and Chung, Jichan and Yin, Dong and Ramchandran, Kannan},
  journal={Advances in Neural Information Processing Systems},
  volume={33},
  pages={19586--19597},
  year={2020}
}

@article{sattler2020clustered,
  title={Clustered federated learning: Model-agnostic distributed multitask optimization under privacy constraints},
  author={Sattler, Felix and M{\"u}ller, Klaus-Robert and Samek, Wojciech},
  journal={IEEE transactions on neural networks and learning systems},
  volume={32},
  number={8},
  pages={3710--3722},
  year={2020},
  publisher={IEEE}
}

@article{li2021federated1,
  title={Federated learning with soft clustering},
  author={Li, Chengxi and Li, Gang and Varshney, Pramod K},
  journal={IEEE Internet of Things Journal},
  volume={9},
  number={10},
  pages={7773--7782},
  year={2021},
  publisher={IEEE}
}

@article{beltran2023decentralized,
  title={Decentralized federated learning: Fundamentals, state of the art, frameworks, trends, and challenges},
  author={Beltr{\'a}n, Enrique Tom{\'a}s Mart{\'\i}nez and P{\'e}rez, Mario Quiles and S{\'a}nchez, Pedro Miguel S{\'a}nchez and Bernal, Sergio L{\'o}pez and Bovet, G{\'e}r{\^o}me and P{\'e}rez, Manuel Gil and P{\'e}rez, Gregorio Mart{\'\i}nez and Celdr{\'a}n, Alberto Huertas},
  journal={IEEE Communications Surveys \& Tutorials},
  year={2023},
  publisher={IEEE}
}

@article{roy2019braintorrent,
  title={Braintorrent: A peer-to-peer environment for decentralized federated learning},
  author={Roy, Abhijit Guha and Siddiqui, Shayan and P{\"o}lsterl, Sebastian and Navab, Nassir and Wachinger, Christian},
  journal={arXiv preprint arXiv:1905.06731},
  year={2019}
}

@inproceedings{lalitha2018fully,
  title={Fully decentralized federated learning},
  author={Lalitha, Anusha and Shekhar, Shubhanshu and Javidi, Tara and Koushanfar, Farinaz},
  booktitle={Third workshop on bayesian deep learning (NeurIPS)},
  volume={2},
  year={2018}
}

@article{ye2022decentralized,
  title={Decentralized federated learning with unreliable communications},
  author={Ye, Hao and Liang, Le and Li, Geoffrey Ye},
  journal={IEEE journal of selected topics in signal processing},
  volume={16},
  number={3},
  pages={487--500},
  year={2022},
  publisher={IEEE}
}

@article{fu2023client,
  title={Client selection in federated learning: Principles, challenges, and opportunities},
  author={Fu, Lei and Zhang, Huanle and Gao, Ge and Zhang, Mi and Liu, Xin},
  journal={IEEE Internet of Things Journal},
  year={2023},
  publisher={IEEE}
}

@article{xu2020client,
  title={Client selection and bandwidth allocation in wireless federated learning networks: A long-term perspective},
  author={Xu, Jie and Wang, Heqiang},
  journal={IEEE Transactions on Wireless Communications},
  volume={20},
  number={2},
  pages={1188--1200},
  year={2020},
  publisher={IEEE}
}

@article{chen2024incentive,
  title={Incentive-Aware Resource Allocation for Multiple Model Owners in Federated Learning},
  author={Chen, Feng-Yang and Yen, Li-Hsing},
  journal={IEEE Transactions on Services Computing},
  year={2024},
  publisher={IEEE}
}

@inproceedings{li2024adafl,
  title={Adafl: Adaptive client selection and dynamic contribution evaluation for efficient federated learning},
  author={Li, Qingming and Li, Xiaohang and Zhou, Li and Yan, Xiaoran},
  booktitle={ICASSP 2024-2024 IEEE International Conference on Acoustics, Speech and Signal Processing (ICASSP)},
  pages={6645--6649},
  year={2024},
  organization={IEEE}
}

@article{marfoq2021federated,
  title={Federated multi-task learning under a mixture of distributions},
  author={Marfoq, Othmane and Neglia, Giovanni and Bellet, Aur{\'e}lien and Kameni, Laetitia and Vidal, Richard},
  journal={Advances in Neural Information Processing Systems},
  volume={34},
  pages={15434--15447},
  year={2021}
}

@article{corinzia2019variational,
  title={Variational federated multi-task learning},
  author={Corinzia, Luca and Beuret, Ami and Buhmann, Joachim M},
  journal={arXiv preprint arXiv:1906.06268},
  year={2019}
}

@inproceedings{chen2022fedmsplit,
  title={Fedmsplit: Correlation-adaptive federated multi-task learning across multimodal split networks},
  author={Chen, Jiayi and Zhang, Aidong},
  booktitle={Proceedings of the 28th ACM SIGKDD conference on knowledge discovery and data mining},
  pages={87--96},
  year={2022}
}

@inproceedings{lee2024fedsol,
  title={FedSOL: Stabilized Orthogonal Learning with Proximal Restrictions in Federated Learning},
  author={Lee, Gihun and Jeong, Minchan and Kim, Sangmook and Oh, Jaehoon and Yun, Se-Young},
  booktitle={Proceedings of the IEEE/CVF Conference on Computer Vision and Pattern Recognition},
  pages={12512--12522},
  year={2024}
}

@article{foret2020sharpness,
  title={Sharpness-aware minimization for efficiently improving generalization},
  author={Foret, Pierre and Kleiner, Ariel and Mobahi, Hossein and Neyshabur, Behnam},
  journal={arXiv preprint arXiv:2010.01412},
  year={2020}
}

@article{lin2020ensemble,
  title={Ensemble distillation for robust model fusion in federated learning},
  author={Lin, Tao and Kong, Lingjing and Stich, Sebastian U and Jaggi, Martin},
  journal={Advances in neural information processing systems},
  volume={33},
  pages={2351--2363},
  year={2020}
}

@article{alam2022fedrolex,
  title={Fedrolex: Model-heterogeneous federated learning with rolling sub-model extraction},
  author={Alam, Samiul and Liu, Luyang and Yan, Ming and Zhang, Mi},
  journal={Advances in neural information processing systems},
  volume={35},
  pages={29677--29690},
  year={2022}
}



@inproceedings{chen2021hetmaml,
  title={Hetmaml: Task-heterogeneous model-agnostic meta-learning for few-shot learning across modalities},
  author={Chen, Jiayi and Zhang, Aidong},
  booktitle={Proceedings of the 30th ACM International Conference on Information \& Knowledge Management},
  pages={191--200},
  year={2021}
}

@article{shen2023episodic,
  title={Episodic multi-task learning with heterogeneous neural processes},
  author={Shen, Jiayi and Zhen, Xiantong and Wang, Qi and Worring, Marcel},
  journal={Advances in Neural Information Processing Systems},
  volume={36},
  pages={75214--75228},
  year={2023}
}


@article{gures2022machine,
  title={Machine learning-based load balancing algorithms in future heterogeneous networks: A survey},
  author={Gures, Emre and Shayea, Ibraheem and Ergen, Mustafa and Azmi, Marwan Hadri and El-Saleh, Ayman A},
  journal={IEEE Access},
  volume={10},
  pages={37689--37717},
  year={2022},
  publisher={IEEE}
}

@inproceedings{tyagi2020taming,
  title={Taming resource heterogeneity in distributed ml training with dynamic batching},
  author={Tyagi, Sahil and Sharma, Prateek},
  booktitle={2020 IEEE International Conference on Autonomic Computing and Self-Organizing Systems (ACSOS)},
  pages={188--194},
  year={2020},
  organization={IEEE}
}

@article{kamm2023survey,
  title={A survey on machine learning based analysis of heterogeneous data in industrial automation},
  author={Kamm, Simon and Veekati, Sushma Sri and M{\"u}ller, Timo and Jazdi, Nasser and Weyrich, Michael},
  journal={Computers in Industry},
  volume={149},
  pages={103930},
  year={2023},
  publisher={Elsevier}
}


@inproceedings{zheng2022contrastive,
  title={Contrastive learning with complex heterogeneity},
  author={Zheng, Lecheng and Xiong, Jinjun and Zhu, Yada and He, Jingrui},
  booktitle={Proceedings of the 28th ACM SIGKDD Conference on Knowledge Discovery and Data Mining},
  pages={2594--2604},
  year={2022}
}

@article{liu2020heterogeneous,
  title={Heterogeneous domain adaptation: An unsupervised approach},
  author={Liu, Feng and Zhang, Guangquan and Lu, Jie},
  journal={IEEE transactions on neural networks and learning systems},
  volume={31},
  number={12},
  pages={5588--5602},
  year={2020},
  publisher={IEEE}
}


@article{li2023nn,
  title={NN-Copula-CD: A Copula-Guided Interpretable Neural Network for Change Detection in Heterogeneous Remote Sensing Images},
  author={Li, Weiming and Wang, Xueqian and Li, Gang and Geng, Baocheng and Varshney, Pramod K},
  journal={arXiv preprint arXiv:2303.17448},
  year={2023}
}

@article{geng2021collaborative,
  title={Collaborative human decision making with heterogeneous agents},
  author={Geng, Baocheng and Cheng, Xiancheng and Brahma, Swastik and Kellen, David and Varshney, Pramod K},
  journal={IEEE Transactions on Computational Social Systems},
  volume={9},
  number={2},
  pages={469--479},
  year={2021},
  publisher={IEEE}
}

@article{cho2020client,
  title={Client selection in federated learning: Convergence analysis and power-of-choice selection strategies},
  author={Cho, Yae Jee and Wang, Jianyu and Joshi, Gauri},
  journal={arXiv preprint arXiv:2010.01243},
  year={2020}
}

@article{verbraeken2020survey,
  title={A survey on distributed machine learning},
  author={Verbraeken, Joost and Wolting, Matthijs and Katzy, Jonathan and Kloppenburg, Jeroen and Verbelen, Tim and Rellermeyer, Jan S},
  journal={Acm computing surveys (csur)},
  volume={53},
  number={2},
  pages={1--33},
  year={2020},
  publisher={ACM New York, NY, USA}
}

@article{arivazhagan2019federated,
  title={Federated learning with personalization layers},
  author={Arivazhagan, Manoj Ghuhan and Aggarwal, Vinay and Singh, Aaditya Kumar and Choudhary, Sunav},
  journal={arXiv preprint arXiv:1912.00818},
  year={2019}
}

@article{sun2022decentralized,
  title={Decentralized federated averaging},
  author={Sun, Tao and Li, Dongsheng and Wang, Bao},
  journal={IEEE Transactions on Pattern Analysis and Machine Intelligence},
  volume={45},
  number={4},
  pages={4289--4301},
  year={2022},
  publisher={IEEE}
}

@inproceedings{collins2021exploiting,
  title={Exploiting shared representations for personalized federated learning},
  author={Collins, Liam and Hassani, Hamed and Mokhtari, Aryan and Shakkottai, Sanjay},
  booktitle={International conference on machine learning},
  pages={2089--2099},
  year={2021},
  organization={PMLR}
}

@article{oh2021fedbabu,
  title={Fedbabu: Towards enhanced representation for federated image classification},
  author={Oh, Jaehoon and Kim, Sangmook and Yun, Se-Young},
  journal={arXiv preprint arXiv:2106.06042},
  year={2021}
}

@inproceedings{chen2023enhancing,
  title={Enhancing decentralized federated learning for non-iid data on heterogeneous devices},
  author={Chen, Min and Xu, Yang and Xu, Hongli and Huang, Liusheng},
  booktitle={2023 IEEE 39th International Conference on Data Engineering (ICDE)},
  pages={2289--2302},
  year={2023},
  organization={IEEE}
}

@inproceedings{liu2024decentralized,
  title={Decentralized Directed Collaboration for Personalized Federated Learning},
  author={Liu, Yingqi and Shi, Yifan and Li, Qinglun and Wu, Baoyuan and Wang, Xueqian and Shen, Li},
  booktitle={Proceedings of the IEEE/CVF Conference on Computer Vision and Pattern Recognition},
  pages={23168--23178},
  year={2024}
}
@article{brock2017freezeout,
  title={Freezeout: Accelerate training by progressively freezing layers},
  author={Brock, Andrew and Lim, Theodore and Ritchie, James M and Weston, Nick},
  journal={arXiv preprint arXiv:1706.04983},
  year={2017}
}

@article{fan2025measuringheterogeneitymachinelearning,
  title = {Measuring Heterogeneity in Machine Learning with Distributed Energy Distance},
  author = {Mengchen Fan and Baocheng Geng and Roman Shterenberg and Joseph A. Casey and Zhong Chen and Keren Li},
  journal = {arXiv preprint},
  year = {2025},
  eprint = {2501.16174},
  archivePrefix = {arXiv},
  primaryClass = {stat.ML},
  url = {https://arxiv.org/abs/2501.16174}
}


@article{gou2021knowledge,
  title={Knowledge distillation: A survey},
  author={Gou, Jianping and Yu, Baosheng and Maybank, Stephen J and Tao, Dacheng},
  journal={International Journal of Computer Vision},
  volume={129},
  number={6},
  pages={1789--1819},
  year={2021},
  publisher={Springer}
}


@article{zhai2024impact,
  title={Impact of phased COVID-19 vaccine rollout on anxiety and depression among US adult population, January 2019--February 2023: a population-based interrupted time series analysis},
  author={Zhai, Yusen and Fan, Mengchen and Geng, Baocheng and Du, Xue and Snyder, Scott and Wilkinson, Larrell},
  journal={The Lancet Regional Health--Americas},
  volume={37},
  year={2024},
  publisher={Elsevier}
}

@article{chen2021distributed,
  title={Distributed learning in wireless networks: Recent progress and future challenges},
  author={Chen, Mingzhe and G{\"u}nd{\"u}z, Deniz and Huang, Kaibin and Saad, Walid and Bennis, Mehdi and Feljan, Aneta Vulgarakis and Poor, H Vincent},
  journal={IEEE Journal on Selected Areas in Communications},
  volume={39},
  number={12},
  pages={3579--3605},
  year={2021},
  publisher={IEEE}
}

@article{hanzely2021personalized,
  title={Personalized federated learning: A unified framework and universal optimization techniques},
  author={Hanzely, Filip and Zhao, Boxin and Kolar, Mladen},
  journal={arXiv preprint arXiv:2102.09743},
  year={2021}
}

@inproceedings{zhang2019fusion,
  title={Fusion of deep neural networks for activity recognition: A regular vine copula based approach},
  author={Zhang, Shan and Geng, Baocheng and Varshney, Pramod K and Rangaswamy, Muralidhar},
  booktitle={2019 22th International Conference on Information Fusion (FUSION)},
  pages={1--7},
  year={2019},
  organization={IEEE}
}


@article{zhai2025machine,
  title={Machine learning predictive models to guide prevention and intervention allocation for anxiety and depressive disorders among college students},
  author={Zhai, Yusen and Zhang, Yixin and Chu, Zhicong and Geng, Baocheng and Almaawali, Mahmood and Fulmer, Russell and Lin, Yung-Wei Dennis and Xu, Zhaopu and Daniels, Aubrey D and Liu, Yanhong and others},
  journal={Journal of Counseling \& Development},
  volume={103},
  number={1},
  pages={110--125},
  year={2025},
  publisher={Wiley Online Library}
}

@article{zhao2024deep,
  title={Deep Multimodal Data Fusion},
  author={Zhao, Fei and Zhang, Chengcui and Geng, Baocheng},
  journal={ACM Computing Surveys},
  volume={56},
  number={9},
  pages={1--36},
  year={2024},
  publisher={ACM New York, NY}
}

@article{quan2023distributed,
  title={Distributed Quantized Detection of Sparse Signals Under Byzantine Attacks},
  author={Quan, Chen and Han, Yunghsiang S and Geng, Baocheng and Varshney, Pramod K},
  journal={IEEE Transactions on Signal Processing},
  year={2023},
  publisher={IEEE}
}

@article{quan2023ordered,
  title={On ordered transmission based distributed Gaussian shift-in-mean detection under Byzantine attacks},
  author={Quan, Chen and Bulusu, Saikiran and Geng, Baocheng and Han, Yunghsiang S and Sriranga, Nandan and Varshney, Pramod K},
  journal={IEEE Transactions on Signal Processing},
  year={2023},
  publisher={IEEE}
}

@article{quan2023efficient,
  title={Efficient ordered-transmission based distributed detection under data falsification attacks},
  author={Quan, Chen and Sriranga, Nandan and Yang, Haodong and Han, Yunghsiang S and Geng, Baocheng and Varshney, Pramod K},
  journal={IEEE Signal Processing Letters},
  volume={30},
  pages={145--149},
  year={2023},
  publisher={IEEE}
}

@article{quan2022enhanced,
  title={Enhanced audit bit based distributed Bayesian detection in the presence of strategic attacks},
  author={Quan, Chen and Geng, Baocheng and Han, Yunghsiang S and Varshney, Pramod K},
  journal={IEEE Transactions on Signal and Information Processing over Networks},
  volume={8},
  pages={49--62},
  year={2022},
  publisher={IEEE}
}

