@InProceedings{Facil_2019_CVPR,
author = {Facil, Jose M. and Ummenhofer, Benjamin and Zhou, Huizhong and Montesano, Luis and Brox, Thomas and Civera, Javier},
title = {{CAM-Convs: Camera-Aware Multi-Scale Convolutions for Single-View Depth}},
booktitle = {CVPR},
pages     = {11826-11835},
year = {2019}
}

@InProceedings{Guizilini_2023_ICCV,
    author    = {Guizilini, Vitor and Vasiljevic, Igor and Chen, Dian and Ambruș, Rareș and Gaidon, Adrien},
    title     = {Towards Zero-Shot Scale-Aware Monocular Depth Estimation},
    booktitle = {ICCV},
    year      = {2023},
    pages     = {9233-9243}
}

@InProceedings{Yin_2023_ICCV,
    author    = {Yin, Wei and Zhang, Chi and Chen, Hao and Cai, Zhipeng and Yu, Gang and Wang, Kaixuan and Chen, Xiaozhi and Shen, Chunhua},
    title     = {Metric3D: Towards Zero-shot Metric 3D Prediction from A Single Image},
    booktitle = {ICCV},
    year      = {2023},
    pages     = {9043-9053}
}

@inproceedings{adabins,
  title={Adabins: Depth estimation using adaptive bins},
  author={Bhat, Shariq Farooq and Alhashim, Ibraheem and Wonka, Peter},
  booktitle={CVPR},
  pages={4009--4018},
  year={2021}
}

@article{akinlar2011edlines,
  title={EDLines: A real-time line segment detector with a false detection control},
  author={Akinlar, Cuneyt and Topal, Cihan},
  journal={Pattern Recognition Letters},
  volume={32},
  number={13},
  pages={1633--1642},
  year={2011}
}

@article{barron2014shape,
  title={Shape, illumination, and reflectance from shading},
  author={Barron, Jonathan T and Malik, Jitendra},
  journal={IEEE Transactions on Pattern Analysis and Machine Intelligence},
  volume={37},
  number={8},
  pages={1670--1687},
  year={2014}
}

@article{bhat2023zoedepth,
  title={Zoedepth: Zero-shot transfer by combining relative and metric depth},
  author={Bhat, Shariq Farooq and Birkl, Reiner and Wofk, Diana and Wonka, Peter and M{\"u}ller, Matthias},
  journal={arXiv preprint arXiv:2302.12288},
  year={2023}
}

@article{binsformer,
  title={Binsformer: Revisiting adaptive bins for monocular depth estimation},
  author={Li, Zhenyu and Wang, Xuyang and Liu, Xianming and Jiang, Junjun},
  journal={arXiv preprint arXiv:2204.00987},
  year={2022}
}

@inproceedings{coughlan1999manhattan,
  title={Manhattan world: Compass direction from a single image by bayesian inference},
  author={Coughlan, James M and Yuille, Alan L},
  booktitle={ICCV},
  pages={941--947},
  year={1999}
}

@inproceedings{depthanything,
      title={Depth Anything: Unleashing the Power of Large-Scale Unlabeled Data}, 
      author={Yang, Lihe and Kang, Bingyi and Huang, Zilong and Xu, Xiaogang and Feng, Jiashi and Zhao, Hengshuang},
      booktitle={CVPR},
      pages={10371--10381},
      year={2024}
}

@inproceedings{deutscher2002automatic,
  title={Automatic camera calibration from a single manhattan image},
  author={Deutscher, Jonathan and Isard, Michael and MacCormick, John},
  booktitle={ECCV},
  pages={175--188},
  year={2002}
}

@inproceedings{eigen2014depth,
  title={Depth map prediction from a single image using a multi-scale deep network},
  author={Eigen, David and Puhrsch, Christian and Fergus, Rob},
  booktitle={NeurIPS},
  year={2014}
}

@inproceedings{guizilini2023towards,
  title={Towards zero-shot scale-aware monocular depth estimation},
  author={Guizilini, Vitor and Vasiljevic, Igor and Chen, Dian and Ambruș, Rareș and Gaidon, Adrien},
  booktitle={Proceedings of the IEEE/CVF International Conference on Computer Vision},
  pages={9233--9243},
  year={2023}
}

@inproceedings{hold2018perceptual,
  title={A perceptual measure for deep single image camera calibration},
  author={Hold-Geoffroy, Yannick and Sunkavalli, Kalyan and Eisenmann, Jonathan and Fisher, Matthew and Gambaretto, Emiliano and Hadap, Sunil and Lalonde, Jean-Fran{\c{c}}ois},
  booktitle={CVPR},
  pages={2354--2363},
  year={2018}
}

@inproceedings{iebins,
  title={Iebins: Iterative elastic bins for monocular depth estimation},
  author={Shao, Shuwei and Pei, Zhongcai and Wu, Xingming and Liu, Zhong and Chen, Weihai and Li, Zhengguo},
  booktitle={NeurIPS},
  year={2023}
}

@inproceedings{jin2023perspective,
  title={Perspective fields for single image camera calibration},
  author={Jin, Linyi and Zhang, Jianming and Hold-Geoffroy, Yannick and Wang, Oliver and Blackburn-Matzen, Kevin and Sticha, Matthew and Fouhey, David F},
  booktitle={CVPR},
  pages={17307--17316},
  year={2023}
}

@inproceedings{lee2020neural,
  title={Neural geometric parser for single image camera calibration},
  author={Lee, Jinwoo and Sung, Minhyuk and Lee, Hyunjoon and Kim, Junho},
  booktitle={ECCV},
  pages={541--557},
  year={2020}
}

@inproceedings{lee2021ctrl,
  title={Ctrl-c: Camera calibration transformer with line-classification},
  author={Lee, Jinwoo and Go, Hyunsung and Lee, Hyunjoon and Cho, Sunghyun and Sung, Minhyuk and Kim, Junho},
  booktitle={ICCV},
  pages={16228--16237},
  year={2021}
}

@article{li2023depthformer,
  title={Depthformer: Exploiting long-range correlation and local information for accurate monocular depth estimation},
  author={Li, Zhenyu and Chen, Zehui and Liu, Xianming and Jiang, Junjun},
  journal={Machine Intelligence Research},
  volume={20},
  number={6},
  pages={837--854},
  year={2023},
  publisher={Springer}
}

@article{liu2023va,
  title={Va-depthnet: A variational approach to single image depth prediction},
  author={Liu, Ce and Kumar, Suryansh and Gu, Shuhang and Timofte, Radu and Van Gool, Luc},
  journal={arXiv preprint arXiv:2302.06556},
  year={2023}
}

@inproceedings{localbins,
  title={Localbins: Improving depth estimation by learning local distributions},
  author={Bhat, Shariq Farooq and Alhashim, Ibraheem and Wonka, Peter},
  booktitle={ECCV},
  pages={480--496},
  year={2022}
}

@inproceedings{patakin2022single,
  title={Single-stage 3d geometry-preserving depth estimation model training on dataset mixtures with uncalibrated stereo data},
  author={Patakin, Nikolay and Vorontsova, Anna and Artemyev, Mikhail and Konushin, Anton},
  booktitle={CVPR},
  pages={1705--1714},
  year={2022}
}

@inproceedings{piccinelli2023idisc,
  title={iDisc: Internal discretization for monocular depth estimation},
  author={Piccinelli, Luigi and Sakaridis, Christos and Yu, Fisher},
  booktitle={CVPR},
  pages={21477--21487},
  year={2023}
}

@inproceedings{piccinelli2024unidepth,
    title     = {{U}ni{D}epth: Universal Monocular Metric Depth Estimation},
    author    = {Piccinelli, Luigi and Yang, Yung-Hsu and Sakaridis, Christos and Segu, Mattia and Li, Siyuan and Van Gool, Luc and Yu, Fisher},
    booktitle = {Proceedings of the IEEE/CVF Conference on Computer Vision and Pattern Recognition (CVPR)},
    pages={10106--10116},
    year      = {2024}
}

@inproceedings{popov2020corenet,
  title={Corenet: Coherent 3d scene reconstruction from a single rgb image},
  author={Popov, Stefan and Bauszat, Pablo and Ferrari, Vittorio},
  booktitle={ECCV},
  pages={366--383},
  year={2020}
}

@inproceedings{ranftl2021vision,
  title={Vision transformers for dense prediction},
  author={Ranftl, Ren{\'e} and Bochkovskiy, Alexey and Koltun, Vladlen},
  booktitle={ICCV},
  pages={12179--12188},
  year={2021}
}

@inproceedings{saito2019pifu,
  title={Pifu: Pixel-aligned implicit function for high-resolution clothed human digitization},
  author={Saito, Shunsuke and Huang, Zeng and Natsume, Ryota and Morishima, Shigeo and Kanazawa, Angjoo and Li, Hao},
  booktitle={ICCV},
  pages={2304--2314},
  year={2019}
}

@inproceedings{saito2020pifuhd,
  title={Pifuhd: Multi-level pixel-aligned implicit function for high-resolution 3d human digitization},
  author={Saito, Shunsuke and Simon, Tomas and Saragih, Jason and Joo, Hanbyul},
  booktitle={CVPR},
  pages={84--93},
  year={2020}
}

@article{saxena2008make3d,
  title={Make3d: Learning 3d scene structure from a single still image},
  author={Saxena, Ashutosh and Sun, Min and Ng, Andrew Y},
  journal={IEEE Transactions on Pattern Analysis and Machine Intelligence},
  volume={31},
  number={5},
  pages={824--840},
  year={2008}
}

@inproceedings{schindler2004atlanta,
  title={Atlanta world: An expectation maximization framework for simultaneous low-level edge grouping and camera calibration in complex man-made environments},
  author={Schindler, Grant and Dellaert, Frank},
  booktitle={CVPR},
  volume={1},
  pages={I--I},
  year={2004}
}

@article{von2008lsd,
  title={LSD: A fast line segment detector with a false detection control},
  author={Von Gioi, Rafael Grompone and Jakubowicz, Jeremie and Morel, Jean-Michel and Randall, Gregory},
  journal={IEEE Transactions on Pattern Analysis and Machine Intelligence},
  volume={32},
  number={4},
  pages={722--732},
  year={2008}
}

@inproceedings{wang2018pixel2mesh,
  title={Pixel2mesh: Generating 3d mesh models from single rgb images},
  author={Wang, Nanyang and Zhang, Yinda and Li, Zhuwen and Fu, Yanwei and Liu, Wei and Jiang, Yu-Gang},
  booktitle={ECCV},
  pages={52--67},
  year={2018}
}

@inproceedings{wildenauer2012robust,
  title={Robust camera self-calibration from monocular images of Manhattan worlds},
  author={Wildenauer, Horst and Hanbury, Allan},
  booktitle={CVPR},
  pages={2831--2838},
  year={2012}
}

@inproceedings{wu2018learning,
  title={Learning shape priors for single-view 3d completion and reconstruction},
  author={Wu, Jiajun and Zhang, Chengkai and Zhang, Xiuming and Zhang, Zhoutong and Freeman, William T and Tenenbaum, Joshua B},
  booktitle={ECCV},
  pages={646--662},
  year={2018}
}

@inproceedings{xu2013minimum,
  title={A minimum error vanishing point detection approach for uncalibrated monocular images of man-made environments},
  author={Xu, Yiliang and Oh, Sangmin and Hoogs, Anthony},
  booktitle={CVPR},
  pages={1376--1383},
  year={2013}
}

@inproceedings{yang2021transformer,
  title={Transformer-based attention networks for continuous pixel-wise prediction},
  author={Yang, Guanglei and Tang, Hao and Ding, Mingli and Sebe, Nicu and Ricci, Elisa},
  booktitle={ICCV},
  pages={16269--16279},
  year={2021}
}

@inproceedings{yin2021learning,
  title={Learning to recover 3d scene shape from a single image},
  author={Yin, Wei and Zhang, Jianming and Wang, Oliver and Niklaus, Simon and Mai, Long and Chen, Simon and Shen, Chunhua},
  booktitle={CVPR},
  pages={204--213},
  year={2021}
}

@inproceedings{yuan2022neural,
  title={Neural window fully-connected crfs for monocular depth estimation},
  author={Yuan, Weihao and Gu, Xiaodong and Dai, Zuozhuo and Zhu, Siyu and Tan, Ping},
  booktitle={CVPR},
  pages={3916--3925},
  year={2022}
}

@article{zhang2000flexible,
  title={A flexible new technique for camera calibration},
  author={Zhang, Zhengyou},
  journal={IEEE Transactions on Pattern Analysis and Machine Intelligence},
  volume={22},
  number={11},
  pages={1330--1334},
  year={2000}
}

@article{zhang2004camera,
  title={Camera calibration with one-dimensional objects},
  author={Zhang, Zhengyou},
  journal={IEEE Transactions on Pattern Analysis and Machine Intelligence},
  volume={26},
  number={7},
  pages={892--899},
  year={2004}
}

@inproceedings{zhu2024tame,
  title={Tame a Wild Camera: In-the-Wild Monocular Camera Calibration},
  author={Zhu, Shengjie and Kumar, Abhinav and Hu, Masa and Liu, Xiaoming},
  booktitle={NeurIPS},
  year={2023}
}

