%%
%% IEEEfull.bib
%% 
%% BibTeX bibliography string definitions of the FULL titles of
%% IEEE journals and magazines
%% 
%% NOTE: This text file uses MS Windows line feed conventions. When (human)
%% reading this file on other platforms, you may have to use a text
%% editor that can handle lines terminated by the MS Windows line feed
%% characters (0x0D 0x0A).
%% 
%% This file is designed for bibliography styles that require 
%% full-length titles and is not for use in bibliographies that
%% abbreviate titles.
%% 
%% Version 1.10 (2003/04/02)
%% 
%% Composed by Michael Shell
%%
%% See:
%% http://www.ctan.org/tex-archive/macros/latex/contrib/supported/IEEEtran/
%% for latest version and current contact information.
%%
%% Special thanks to Laura Hyslop of IEEE for her help in obtaining the
%% information needed to compile this file. Also, Volker Kuhlmann kindly
%% provided some corrections and additions.
%%
%%**********************************************************************
%% Legal Notice:
%% This code is offered as-is without any warranty either expressed or
%% implied; without even the implied warranty of MERCHANTABILITY or
%% FITNESS FOR A PARTICULAR PURPOSE!
%% User assumes all risk.
%% In no event shall IEEE or any contributor to this code be liable for
%% any damages or losses, including, but not limited to, incidental,
%% consequential, or any other damages, resulting from the use or misuse
%% of any information contained here.
%%
%% This code is distributed under the Perl Artistic License 
%% ( http://language.perl.com/misc/Artistic.html ) 
%% and may be freely used, distributed and modified - subject to the
%% constraints therein.
%% Retain all contribution notices, credits and disclaimers.
%% 
%% All comments are the opinions of their respective authors and are not
%% necessarily endorsed by the IEEE.
%%**********************************************************************
%
%
% USAGE:
%
% \bibliographystyle{mybstfile} 
% \bibliography{IEEEfull,mybibfile}
%
% where the IEEE titles in the .bib database entries use the strings
% defined here. e.g.,
%
%
%    journal = IEEE_J_AC,
%
%
% to yield "{IEEE} Transactions on Automatic Control"
%
%
% WARNING: IEEE uses abbreviated journal titles in their bibliographies!
% Because this file provides the full titles, you should NOT use this file
% for work that is to be submitted to the IEEE.
%
% For IEEE work, you should use the abbreviated titles provided in the
% companion file, IEEEabrv.bib.
%
%
% ** NOTES **
%
% 1. Journals have been grouped according to subject in order to make it
%    easier to locate and extract the definitions for related journals - 
%    as most works use references that are confined to a single topic.
%    Magazines are listed in straight alphabetical order.
%
% 2. String names are closely based on IEEE's own internal acronyms.
%
% 3. Older, out-of-print IEEE titles are included (but not including titles
%    dating prior to IEEE's formation from the IRE and AIEE in 1963).





%%%%%%%%%%%%%%%%%%%
%% IEEE Journals %%
%%%%%%%%%%%%%%%%%%%


% aerospace and military
@STRING{IEEE_J_AES        = "{IEEE} Transactions on Aerospace and Electronic Systems"}
@STRING{IEEE_J_ANE        = "{IEEE} Transactions on Aerospace and Navigational Electronics"}
@STRING{IEEE_J_ANNE       = "{IEEE} Transactions on Aeronautical and Navigational Electronics"}
@STRING{IEEE_J_AS         = "{IEEE} Transactions on Aerospace"}
@STRING{IEEE_J_AIRE       = "{IEEE} Transactions on Airborne Electronics"}
@STRING{IEEE_J_MIL        = "{IEEE} Transactions on Military Electronics"}



% autos, transportation and vehicles (non-aerospace)
@STRING{IEEE_J_ITS        = "{IEEE} Transactions on Intelligent Transportation Systems"}
@STRING{IEEE_J_VT         = "{IEEE} Transactions on Vehicular Technology"}
@STRING{IEEE_J_VC         = "{IEEE} Transactions on Vehicular Communications"}



% circuits, signals, systems, audio and controls
@STRING{IEEE_J_SPL        = "{IEEE} Signal Processing Letters"}
@STRING{IEEE_J_ASSP       = "{IEEE} Transactions on Acoustics, Speech, and Signal Processing"}
@STRING{IEEE_J_AU         = "{IEEE} Transactions on Audio"}
@STRING{IEEE_J_AUEA       = "{IEEE} Transactions on Audio and Electroacoustics"}
@STRING{IEEE_J_AC         = "{IEEE} Transactions on Automatic Control"}
@STRING{IEEE_J_CAS        = "{IEEE} Transactions on Circuits and Systems"}
@STRING{IEEE_J_CASVT      = "{IEEE} Transactions on Circuits and Systems for Video Technology"}
@STRING{IEEE_J_CASI       = "{IEEE} Transactions on Circuits and Systems---Part {I}: Fundamental Theory and Applications"}
@STRING{IEEE_J_CASII      = "{IEEE} Transactions on Circuits and Systems---Part {II}: Analog and Digital Signal Processing"}
@STRING{IEEE_J_CT         = "{IEEE} Transactions on Circuit Theory"}
@STRING{IEEE_J_CST        = "{IEEE} Transactions on Control Systems Technology"}
@STRING{IEEE_J_SP         = "{IEEE} Transactions on Signal Processing"}
@STRING{IEEE_J_SU         = "{IEEE} Transactions on Sonics and Ultrasonics"}
@STRING{IEEE_J_SAP        = "{IEEE} Transactions on Speech and Audio Processing"}
@STRING{IEEE_J_UE         = "{IEEE} Transactions on Ultrasonics Engineering"}
@STRING{IEEE_J_UFFC       = "{IEEE} Transactions on Ultrasonics, Ferroelectrics, and Frequency Control"}



% communications
@STRING{IEEE_J_COML       = "{IEEE} Communications Letters"}
@STRING{IEEE_J_JSAC       = "{IEEE} Journal on Selected Areas in Communications"}
@STRING{IEEE_J_COM        = "{IEEE} Transactions on Communications"}
@STRING{IEEE_J_COMT       = "{IEEE} Transactions on Communication Technology"}
@STRING{IEEE_J_WCOM       = "{IEEE} Transactions on Wireless Communications"}



% components, packaging and manufacturing
@STRING{IEEE_J_ADVP       = "{IEEE} Transactions on Advanced Packaging"}
@STRING{IEEE_J_CHMT       = "{IEEE} Transactions on Components, Hybrids and Manufacturing Technology"}
@STRING{IEEE_J_CPMTA      = "{IEEE} Transactions on Components, Packaging and Manufacturing Technology---Part {A}"}
@STRING{IEEE_J_CPMTB      = "{IEEE} Transactions on Components, Packaging and Manufacturing Technology---Part {B}: Advanced Packaging"}
@STRING{IEEE_J_CPMTC      = "{IEEE} Transactions on Components, Packaging and Manufacturing Technology---Part {C}: Manufacturing"}
@STRING{IEEE_J_CAPT       = "{IEEE} Transactions on Components and Packaging Technology"}
@STRING{IEEE_J_CAPTS      = "{IEEE} Transactions on Components and Packaging Technologies"}
@STRING{IEEE_J_CPART      = "{IEEE} Transactions on Component Parts"}
@STRING{IEEE_J_EPM        = "{IEEE} Transactions on Electronics Packaging Manufacturing"}
@STRING{IEEE_J_MFT        = "{IEEE} Transactions on Manufacturing Technology"}
@STRING{IEEE_J_PHP        = "{IEEE} Transactions on Parts, Hybrids and Packaging"}
@STRING{IEEE_J_PMP        = "{IEEE} Transactions on Parts, Materials and Packaging"}



% CAD
@STRING{IEEE_J_TCAD       = "{IEEE} Journal on Technology in Computer Aided Design"}
@STRING{IEEE_J_CAD        = "{IEEE} Transactions on Computer-Aided Design of Integrated Circuits and Systems"}



% coding, data, information, knowledge
@STRING{IEEE_J_IT         = "{IEEE} Transactions on Information Theory"}
@STRING{IEEE_J_KDE        = "{IEEE} Transactions on Knowledge and Data Engineering"}



% computers, computation, networking and software
@STRING{IEEE_J_C          = "{IEEE} Transactions on Computers"}
@STRING{IEEE_J_ECOMP      = "{IEEE} Transactions on Electronic Computers"}
@STRING{IEEE_J_EVC        = "{IEEE} Transactions on Evolutionary Computation"}
@STRING{IEEE_J_FUZZ       = "{IEEE} Transactions on Fuzzy Systems"}
@STRING{IEEE_J_MC         = "{IEEE} Transactions on Mobile Computing"}
@STRING{IEEE_J_NET        = "{IEEE/ACM} Transactions on Networking"}
@STRING{IEEE_J_NN         = "{IEEE} Transactions on Neural Networks"}
@STRING{IEEE_J_PDS        = "{IEEE} Transactions on Parallel and Distributed Systems"}
@STRING{IEEE_J_SE         = "{IEEE} Transactions on Software Engineering"}



% computer graphics, imaging, and multimedia
@STRING{IEEE_J_IP         = "{IEEE} Transactions on Image Processing"}
@STRING{IEEE_J_MM         = "{IEEE} Transactions on Multimedia"}
@STRING{IEEE_J_VCG        = "{IEEE} Transactions on Visualization and Computer Graphics"}



% cybernetics, ergonomics, robots, man-machine, and automation
@STRING{IEEE_J_JRA        = "{IEEE} Journal of Robotics and Automation"}
@STRING{IEEE_J_HFE        = "{IEEE} Transactions on Human Factors in Electronics"}
@STRING{IEEE_J_MMS        = "{IEEE} Transactions on Man-Machine Systems"}
@STRING{IEEE_J_PAMI       = "{IEEE} Transactions on Pattern Analysis and Machine Intelligence"}
@STRING{IEEE_J_RA         = "{IEEE} Transactions on Robotics and Automation"}
@STRING{IEEE_J_SMC        = "{IEEE} Transactions on Systems, Man, and Cybernetics"}
@STRING{IEEE_J_SMCA       = "{IEEE} Transactions on Systems, Man, and Cybernetics---Part {A}: Systems and Humans"}
@STRING{IEEE_J_SMCB       = "{IEEE} Transactions on Systems, Man, and Cybernetics---Part {B}: Cybernetics"}
@STRING{IEEE_J_SMCC       = "{IEEE} Transactions on Systems, Man, and Cybernetics---Part {C}: Applications and Reviews"}
@STRING{IEEE_J_SSC        = "{IEEE} Transactions on Systems Science and Cybernetics"}



% earth, wind, fire and water
@STRING{IEEE_J_GE         = "{IEEE} Transactions on Geoscience Electronics"}
@STRING{IEEE_J_GRS        = "{IEEE} Transactions on Geoscience and Remote Sensing"}
@STRING{IEEE_J_OE         = "{IEEE} Journal of Oceanic Engineering"}



% education, engineering, history, IEEE, professional
@STRING{IEEE_J_CJECE      = "Canadian Journal of Electrical and Computer Engineering"}
@STRING{IEEE_J_PROC       = "Proceedings of the {IEEE}"}
@STRING{IEEE_J_EDU        = "{IEEE} Transactions on Education"}
@STRING{IEEE_J_EM         = "{IEEE} Transactions on Engineering Management"}
@STRING{IEEE_J_EWS        = "{IEEE} Transactions on Engineering Writing and Speech"}
@STRING{IEEE_J_PC         = "{IEEE} Transactions on Professional Communication"}



% electromagnetics, antennas, EMI, magnetics and microwave
@STRING{IEEE_J_AWPL       = "{IEEE} Antennas and Wireless Propagation Letters"}
@STRING{IEEE_J_MGWL       = "{IEEE} Microwave and Guided Wave Letters"}
@STRING{IEEE_J_MWCL       = "{IEEE} Microwave and Wireless Components Letters"}
@STRING{IEEE_J_AP         = "{IEEE} Transactions on Antennas and Propagation"}
@STRING{IEEE_J_EMC        = "{IEEE} Transactions on Electromagnetic Compatibility"}
@STRING{IEEE_J_MAG        = "{IEEE} Transactions on Magnetics"}
@STRING{IEEE_J_MTT        = "{IEEE} Transactions on Microwave Theory and Techniques"}
@STRING{IEEE_J_RFI        = "{IEEE} Transactions on Radio Frequency Interference"}
@STRING{IEEE_J_TJMJ       = "{IEEE} Translation Journal on Magnetics in Japan"}



% energy and power
@STRING{IEEE_J_EC         = "{IEEE} Transactions on Energy Conversion"}
@STRING{IEEE_J_PWRAS      = "{IEEE} Transactions on Power Apparatus and Systems"}
@STRING{IEEE_J_PWRD       = "{IEEE} Transactions on Power Delivery"}
@STRING{IEEE_J_PWRE       = "{IEEE} Transactions on Power Electronics"}
@STRING{IEEE_J_PWRS       = "{IEEE} Transactions on Power Systems"}



% industrial, commercial and consumer
@STRING{IEEE_J_APPIND     = "{IEEE} Transactions on Applications and Industry"}
@STRING{IEEE_J_BC         = "{IEEE} Transactions on Broadcasting"}
@STRING{IEEE_J_BCTV       = "{IEEE} Transactions on Broadcast and Television Receivers"}
@STRING{IEEE_J_CE         = "{IEEE} Transactions on Consumer Electronics"}
@STRING{IEEE_J_IE         = "{IEEE} Transactions on Industrial Electronics"}
@STRING{IEEE_J_IECI       = "{IEEE} Transactions on Industrial Electronics and Control Instrumentation"}
@STRING{IEEE_J_IA         = "{IEEE} Transactions on Industry Applications"}
@STRING{IEEE_J_IGA        = "{IEEE} Transactions on Industry and General Applications"}



% instrumentation and measurement
@STRING{IEEE_J_IM         = "{IEEE} Transactions on Instrumentation and Measurement"}



% insulation and materials
@STRING{IEEE_J_JEM        = "{IEEE/TMS} Journal of Electronic Materials"}
@STRING{IEEE_J_DEI        = "{IEEE} Transactions on Dielectrics and Electrical Insulation"}
@STRING{IEEE_J_EI         = "{IEEE} Transactions on Electrical Insulation"}



% mechanical
@STRING{IEEE_J_MECH       = "{IEEE/ASME} Transactions on Mechatronics"}
@STRING{IEEE_J_MEMS       = "{IEEE/ASME} Journal of Microelectromechanical Systems"}



% medical and biological
@STRING{IEEE_J_BME        = "{IEEE} Transactions on Biomedical Engineering"}
% Note: The B-ME journal later dropped the hyphen and became the BME.
@STRING{IEEE_J_B-ME       = "{IEEE} Transactions on Bio-Medical Engineering"}
@STRING{IEEE_J_BMELC      = "{IEEE} Transactions on Bio-Medical Electronics"}
@STRING{IEEE_J_ITBM       = "{IEEE} Transactions on Information Technology in Biomedicine"}
@STRING{IEEE_J_ME         = "{IEEE} Transactions on Medical Electronics"}
@STRING{IEEE_J_MI         = "{IEEE} Transactions on Medical Imaging"}
@STRING{IEEE_J_MCTE       = "{IEEE} Transactions on Molecular, Cellular and Tissue Engineering"}
@STRING{IEEE_J_NB         = "{IEEE} Transactions on NanoBioscience"}
@STRING{IEEE_J_NSRE       = "{IEEE} Transactions on Neural Systems and Rehabilitation Engineering"}
@STRING{IEEE_J_RE         = "{IEEE} Transactions on Rehabilitation Engineering"}



% optics, lightwave and photonics
@STRING{IEEE_J_PTL        = "{IEEE} Photonics Technology Letters"}
@STRING{IEEE_J_JLT        = "{IEEE/OSA} Journal of Lightwave Technology"}



% physics, electrons, nanotechnology, nuclear and quantum electronics
@STRING{IEEE_J_EDL        = "{IEEE} Electron Device Letters"}
@STRING{IEEE_J_JQE        = "{IEEE} Journal of Quantum Electronics"}
@STRING{IEEE_J_JSTQE      = "{IEEE} Journal of Selected Topics in Quantum Electronics"}
@STRING{IEEE_J_ED         = "{IEEE} Transactions on Electron Devices"}
@STRING{IEEE_J_NANO       = "{IEEE} Transactions on Nanotechnology"}
@STRING{IEEE_J_NS         = "{IEEE} Transactions on Nuclear Science"}
@STRING{IEEE_J_PS         = "{IEEE} Transactions on Plasma Science"}



% reliability
@STRING{IEEE_J_DMR        = "{IEEE} Transactions on Device and Materials Reliability"}
@STRING{IEEE_J_R          = "{IEEE} Transactions on Reliability"}



% semiconductors, superconductors, electrochemical and solid state
@STRING{IEEE_J_ESSL       = "{IEEE/ECS} Electrochemical and Solid-State Letters"}
@STRING{IEEE_J_JSSC       = "{IEEE} Journal of Solid-State Circuits"}
@STRING{IEEE_J_ASC        = "{IEEE} Transactions on Applied Superconductivity"}
@STRING{IEEE_J_SM         = "{IEEE} Transactions on Semiconductor Manufacturing"}



% sensors
@STRING{IEEE_J_SENSOR     = "{IEEE} Sensors Journal"}



% VLSI
@STRING{IEEE_J_VLSI       = "{IEEE} Transactions on Very Large Scale Integration ({VLSI}) Systems"}





%%%%%%%%%%%%%%%%%%%%
%% IEEE Magazines %%
%%%%%%%%%%%%%%%%%%%%


@STRING{IEEE_M_AES        = "{IEEE} Aerospace and Electronics Systems Magazine"}
@STRING{IEEE_M_HIST       = "{IEEE} Annals of the History of Computing"}
@STRING{IEEE_M_AP         = "{IEEE} Antennas and Propagation Magazine"}
@STRING{IEEE_M_ASSP       = "{IEEE} {ASSP} Magazine"}
@STRING{IEEE_M_CD         = "{IEEE} Circuits and Devices Magazine"}
@STRING{IEEE_M_CAS        = "{IEEE} Circuits and Systems Magazine"}
@STRING{IEEE_M_COM        = "{IEEE} Communications Magazine"}
@STRING{IEEE_M_COMSOC     = "{IEEE} Communications Society Magazine"}
% CSEM changed to CSE in 1999
@STRING{IEEE_M_CSE        = "{IEEE} Computing in Science and Engineering"}
@STRING{IEEE_M_CSEM       = "{IEEE} Computational Science and Engineering Magazine"}
@STRING{IEEE_M_C          = "{IEEE} Computer"}
@STRING{IEEE_M_CAP        = "{IEEE} Computer Applications in Power"}
@STRING{IEEE_M_CGA        = "{IEEE} Computer Graphics and Applications"}
@STRING{IEEE_M_CONC       = "{IEEE} Concurrency"}
@STRING{IEEE_M_CS         = "{IEEE} Control Systems Magazine"}
@STRING{IEEE_M_DTC        = "{IEEE} Design and Test of Computers"}
@STRING{IEEE_M_EI         = "{IEEE} Electrical Insulation Magazine"}
@STRING{IEEE_M_EMB        = "{IEEE} Engineering in Medicine and Biology Magazine"}
@STRING{IEEE_M_EMR        = "{IEEE} Engineering Management Review"}
@STRING{IEEE_M_EXP        = "{IEEE} Expert"}
@STRING{IEEE_M_IA         = "{IEEE} Industry Applications Magazine"}
@STRING{IEEE_M_IM         = "{IEEE} Instrumentation and Measurement Magazine"}
@STRING{IEEE_M_IS         = "{IEEE} Intelligent Systems"}
@STRING{IEEE_M_IC         = "{IEEE} Internet Computing"}
@STRING{IEEE_M_ITP        = "{IEEE} {IT} Professional"}
@STRING{IEEE_M_MICRO      = "{IEEE} Micro"}
@STRING{IEEE_M_MW         = "{IEEE} Microwave Magazine"}
@STRING{IEEE_M_MM         = "{IEEE} Multimedia"}
@STRING{IEEE_M_NET        = "{IEEE} Network"}
@STRING{IEEE_M_PCOM       = "{IEEE} Personal Communications Magazine"}
@STRING{IEEE_M_POT        = "{IEEE} Potentials"}
% CAP and PER merged to form PE in 2003
@STRING{IEEE_M_PE         = "{IEEE} Power and Energy Magazine"}
@STRING{IEEE_M_PER        = "{IEEE} Power Engineering Review"}
@STRING{IEEE_M_RA         = "{IEEE} Robotics and Automation Magazine"}
@STRING{IEEE_M_SP         = "{IEEE} Signal Processing Magazine"}
@STRING{IEEE_M_S          = "{IEEE} Software"}
@STRING{IEEE_M_SPECT      = "{IEEE} Spectrum"}
@STRING{IEEE_M_TS         = "{IEEE} Technology and Society Magazine"}
@STRING{IEEE_M_WC         = "{IEEE} Wireless Communications Magazine"}
@STRING{IEEE_M_TODAY      = "Today's Engineer"}

#########################
### introduction
#########################
@inproceedings{gothoskar20213dp3,
  title={3DP3: 3D scene perception via probabilistic programming},
  author={Gothoskar, Nishad and Cusumano-Towner, Marco and Zinberg, Ben and Ghavamizadeh, Matin and Pollok, Falk and Garrett, Austin and Tenenbaum, Josh and Gutfreund, Dan and Mansinghka, Vikash},
  booktitle={NeurIPS},
  pages={9600--9612},
  year={2021}
}

@inproceedings{jiang2023self,
  title={Self-supervised Pre-training with Masked Shape Prediction for 3D Scene Understanding},
  author={Jiang, Li and Yang, Zetong and Shi, Shaoshuai and Golyanik, Vladislav and Dai, Dengxin and Schiele, Bernt},
  booktitle={CVPR},
  pages={1168--1178},
  year={2023}
}

@article{zhang2022dino,
  title={Dino: Detr with improved denoising anchor boxes for end-to-end object detection},
  author={Zhang, Hao and Li, Feng and Liu, Shilong and Zhang, Lei and Su, Hang and Zhu, Jun and Ni, Lionel M and Shum, Heung-Yeung},
  journal={arXiv preprint arXiv:2203.03605},
  year={2022}
}

@article{oquab2023dinov2,
  title={Dinov2: Learning robust visual features without supervision},
  author={Oquab, Maxime and Darcet, Timoth{\'e}e and Moutakanni, Th{\'e}o and Vo, Huy and Szafraniec, Marc and Khalidov, Vasil and Fernandez, Pierre and Haziza, Daniel and Massa, Francisco and El-Nouby, Alaaeldin and others},
  journal={arXiv preprint arXiv:2304.07193},
  year={2023}
}


@inproceedings{he2022masked,
  title={Masked autoencoders are scalable vision learners},
  author={He, Kaiming and Chen, Xinlei and Xie, Saining and Li, Yanghao and Doll{\'a}r, Piotr and Girshick, Ross},
  booktitle={CVPR},
  pages={16000--16009},
  year={2022}
}


#########################
### depth estimation  ###
#########################
@inproceedings{eigen2014depth,
  title={Depth map prediction from a single image using a multi-scale deep network},
  author={Eigen, David and Puhrsch, Christian and Fergus, Rob},
  booktitle={NeurIPS},
  year={2014}
}

@inproceedings{FuCVPR18-DORN,
  TITLE = {{Deep Ordinal Regression Network for Monocular Depth Estimation}},
  AUTHOR = {Fu, Huan and Gong, Mingming and Wang, Chaohui and Batmanghelich, Kayhan and Tao, Dacheng},
  BOOKTITLE = {CVPR},
  pages={2002--2011},
  YEAR = {2018}
}

@article{lee2019big,
  title={From big to small: Multi-scale local planar guidance for monocular depth estimation},
  author={Lee, Jin Han and Han, Myung-Kyu and Ko, Dong Wook and Suh, Il Hong},
  journal={arXiv preprint arXiv:1907.10326},
  year={2019}
}

@inproceedings{yuan2022neural,
  title={Neural window fully-connected crfs for monocular depth estimation},
  author={Yuan, Weihao and Gu, Xiaodong and Dai, Zuozhuo and Zhu, Siyu and Tan, Ping},
  booktitle={CVPR},
  pages={3916--3925},
  year={2022}
}


@article{liu2023va,
  title={Va-depthnet: A variational approach to single image depth prediction},
  author={Liu, Ce and Kumar, Suryansh and Gu, Shuhang and Timofte, Radu and Van Gool, Luc},
  journal={arXiv preprint arXiv:2302.06556},
  year={2023}
}

@inproceedings{piccinelli2023idisc,
  title={iDisc: Internal discretization for monocular depth estimation},
  author={Piccinelli, Luigi and Sakaridis, Christos and Yu, Fisher},
  booktitle={CVPR},
  pages={21477--21487},
  year={2023}
}


@inproceedings{yang2021transformer,
  title={Transformer-based attention networks for continuous pixel-wise prediction},
  author={Yang, Guanglei and Tang, Hao and Ding, Mingli and Sebe, Nicu and Ricci, Elisa},
  booktitle={ICCV},
  pages={16269--16279},
  year={2021}
}

@inproceedings{ranftl2021vision,
  title={Vision transformers for dense prediction},
  author={Ranftl, Ren{\'e} and Bochkovskiy, Alexey and Koltun, Vladlen},
  booktitle={ICCV},
  pages={12179--12188},
  year={2021}
}

@article{li2023depthformer,
  title={Depthformer: Exploiting long-range correlation and local information for accurate monocular depth estimation},
  author={Li, Zhenyu and Chen, Zehui and Liu, Xianming and Jiang, Junjun},
  journal={Machine Intelligence Research},
  volume={20},
  number={6},
  pages={837--854},
  year={2023},
  publisher={Springer}
}

@inproceedings{yin2019enforcing,
  title={Enforcing geometric constraints of virtual normal for depth prediction},
  author={Yin, Wei and Liu, Yifan and Shen, Chunhua and Yan, Youliang},
  booktitle={ICCV},
  pages={5684--5693},
  year={2019}
}

@article{yin2021virtual,
  title={Virtual normal: Enforcing geometric constraints for accurate and robust depth prediction},
  author={Yin, Wei and Liu, Yifan and Shen, Chunhua},
  journal={IEEE Transactions on Pattern Analysis and Machine Intelligence},
  volume={44},
  number={10},
  pages={7282--7295},
  year={2021}
}

@inproceedings{adabins,
  title={Adabins: Depth estimation using adaptive bins},
  author={Bhat, Shariq Farooq and Alhashim, Ibraheem and Wonka, Peter},
  booktitle={CVPR},
  pages={4009--4018},
  year={2021}
}

@article{binsformer,
  title={Binsformer: Revisiting adaptive bins for monocular depth estimation},
  author={Li, Zhenyu and Wang, Xuyang and Liu, Xianming and Jiang, Junjun},
  journal={arXiv preprint arXiv:2204.00987},
  year={2022}
}

@inproceedings{localbins,
  title={Localbins: Improving depth estimation by learning local distributions},
  author={Bhat, Shariq Farooq and Alhashim, Ibraheem and Wonka, Peter},
  booktitle={ECCV},
  pages={480--496},
  year={2022}
}

@inproceedings{iebins,
  title={Iebins: Iterative elastic bins for monocular depth estimation},
  author={Shao, Shuwei and Pei, Zhongcai and Wu, Xingming and Liu, Zhong and Chen, Weihai and Li, Zhengguo},
  booktitle={NeurIPS},
  year={2023}
}

@inproceedings{xian2020structure,
  title={Structure-guided ranking loss for single image depth prediction},
  author={Xian, Ke and Zhang, Jianming and Wang, Oliver and Mai, Long and Lin, Zhe and Cao, Zhiguo},
  booktitle={CVPR},
  pages={611--620},
  year={2020}
}

@inproceedings{xian2018monocular,
  title={Monocular relative depth perception with web stereo data supervision},
  author={Xian, Ke and Shen, Chunhua and Cao, Zhiguo and Lu, Hao and Xiao, Yang and Li, Ruibo and Luo, Zhenbo},
  booktitle={CVPR},
  pages={311--320},
  year={2018}
}

@article{yang2024depth,
  title={Depth anything: Unleashing the power of large-scale unlabeled data},
  author={Yang, Lihe and Kang, Bingyi and Huang, Zilong and Xu, Xiaogang and Feng, Jiashi and Zhao, Hengshuang},
  journal={arXiv preprint arXiv:2401.10891},
  year={2024}
}

@inproceedings{chen2016single,
  title={Single-image depth perception in the wild},
  author={Chen, Weifeng and Fu, Zhao and Yang, Dawei and Deng, Jia},
  booktitle={NeurIPS},
  year={2016}
}

@inproceedings{chen2020oasis,
  title={Oasis: A large-scale dataset for single image 3d in the wild},
  author={Chen, Weifeng and Qian, Shengyi and Fan, David and Kojima, Noriyuki and Hamilton, Max and Deng, Jia},
  booktitle={CVPR},
  pages={679--688},
  year={2020}
}




@inproceedings{eftekhar2021omnidata,
  title={Omnidata: A scalable pipeline for making multi-task mid-level vision datasets from 3d scans},
  author={Eftekhar, Ainaz and Sax, Alexander and Malik, Jitendra and Zamir, Amir},
  booktitle={ICCV},
  pages={10786--10796},
  year={2021}
}

@article{ranftl2020towards,
  title={Towards robust monocular depth estimation: Mixing datasets for zero-shot cross-dataset transfer},
  author={Ranftl, Ren{\'e} and Lasinger, Katrin and Hafner, David and Schindler, Konrad and Koltun, Vladlen},
  journal={IEEE Transactions on Pattern Analysis and Machine Intelligence},
  volume={44},
  number={3},
  pages={1623--1637},
  year={2020}
}

@article{yin2020diversedepth,
  title={Diversedepth: Affine-invariant depth prediction using diverse data},
  author={Yin, Wei and Wang, Xinlong and Shen, Chunhua and Liu, Yifan and Tian, Zhi and Xu, Songcen and Sun, Changming and Renyin, Dou},
  journal={arXiv preprint arXiv:2002.00569},
  year={2020}
}

@inproceedings{yin2021learning,
  title={Learning to recover 3d scene shape from a single image},
  author={Yin, Wei and Zhang, Jianming and Wang, Oliver and Niklaus, Simon and Mai, Long and Chen, Simon and Shen, Chunhua},
  booktitle={CVPR},
  pages={204--213},
  year={2021}
}

@inproceedings{zhang2022hierarchical,
  title={Hierarchical normalization for robust monocular depth estimation},
  author={Zhang, Chi and Yin, Wei and Wang, Billzb and Yu, Gang and Fu, Bin and Shen, Chunhua},
  booktitle={NeurIPS},
  pages={14128--14139},
  year={2022}
}




@InProceedings{Facil_2019_CVPR,
author = {Facil, Jose M. and Ummenhofer, Benjamin and Zhou, Huizhong and Montesano, Luis and Brox, Thomas and Civera, Javier},
title = {{CAM-Convs: Camera-Aware Multi-Scale Convolutions for Single-View Depth}},
booktitle = {CVPR},
pages     = {11826-11835},
year = {2019}
}


@InProceedings{Yin_2023_ICCV,
    author    = {Yin, Wei and Zhang, Chi and Chen, Hao and Cai, Zhipeng and Yu, Gang and Wang, Kaixuan and Chen, Xiaozhi and Shen, Chunhua},
    title     = {Metric3D: Towards Zero-shot Metric 3D Prediction from A Single Image},
    booktitle = {ICCV},
    year      = {2023},
    pages     = {9043-9053}
}

@InProceedings{Guizilini_2023_ICCV,
    author    = {Guizilini, Vitor and Vasiljevic, Igor and Chen, Dian and Ambruș, Rareș and Gaidon, Adrien},
    title     = {Towards Zero-Shot Scale-Aware Monocular Depth Estimation},
    booktitle = {ICCV},
    year      = {2023},
    pages     = {9233-9243}
}

##### diffusion model #####
@InProceedings{ho2020denoising,
  title={Denoising diffusion probabilistic models},
  author={Ho, Jonathan and Jain, Ajay and Abbeel, Pieter},
  booktitle={NeurIPS},
  pages={6840--6851},
  year={2020}
}

@inproceedings{rombach2022high,
  title={High-resolution image synthesis with latent diffusion models},
  author={Rombach, Robin and Blattmann, Andreas and Lorenz, Dominik and Esser, Patrick and Ommer, Bj{\"o}rn},
  booktitle={CVPR},
  pages={10684--10695},
  year={2022}
}

@inproceedings{ji2023ddp,
  title={Ddp: Diffusion model for dense visual prediction},
  author={Ji, Yuanfeng and Chen, Zhe and Xie, Enze and Hong, Lanqing and Liu, Xihui and Liu, Zhaoqiang and Lu, Tong and Li, Zhenguo and Luo, Ping},
  booktitle={ICCV},
  pages={21741--21752},
  year={2023}
}

@inproceedings{saxena2024surprising,
  title={The surprising effectiveness of diffusion models for optical flow and monocular depth estimation},
  author={Saxena, Saurabh and Herrmann, Charles and Hur, Junhwa and Kar, Abhishek and Norouzi, Mohammad and Sun, Deqing and Fleet, David J},
  booktitle={NeurIPS},
  year={2024}
}

@InProceedings{ke2023repurposing,
      title={Repurposing Diffusion-Based Image Generators for Monocular Depth Estimation},
      author={Bingxin Ke and Anton Obukhov and Shengyu Huang and Nando Metzger and Rodrigo Caye Daudt and Konrad Schindler},
      booktitle = {CVPR},
      year={2024}
}


################################
### focal length estimation  ###
################################
@article{zhang2000flexible,
  title={A flexible new technique for camera calibration},
  author={Zhang, Zhengyou},
  journal={IEEE Transactions on Pattern Analysis and Machine Intelligence},
  volume={22},
  number={11},
  pages={1330--1334},
  year={2000}
}

@article{zhang2004camera,
  title={Camera calibration with one-dimensional objects},
  author={Zhang, Zhengyou},
  journal={IEEE Transactions on Pattern Analysis and Machine Intelligence},
  volume={26},
  number={7},
  pages={892--899},
  year={2004}
}

@inproceedings{coughlan1999manhattan,
  title={Manhattan world: Compass direction from a single image by bayesian inference},
  author={Coughlan, James M and Yuille, Alan L},
  booktitle={ICCV},
  pages={941--947},
  year={1999}
}

@inproceedings{schindler2004atlanta,
  title={Atlanta world: An expectation maximization framework for simultaneous low-level edge grouping and camera calibration in complex man-made environments},
  author={Schindler, Grant and Dellaert, Frank},
  booktitle={CVPR},
  volume={1},
  pages={I--I},
  year={2004}
}

@inproceedings{xu2013minimum,
  title={A minimum error vanishing point detection approach for uncalibrated monocular images of man-made environments},
  author={Xu, Yiliang and Oh, Sangmin and Hoogs, Anthony},
  booktitle={CVPR},
  pages={1376--1383},
  year={2013}
}

@inproceedings{wildenauer2012robust,
  title={Robust camera self-calibration from monocular images of Manhattan worlds},
  author={Wildenauer, Horst and Hanbury, Allan},
  booktitle={CVPR},
  pages={2831--2838},
  year={2012}
}

@inproceedings{deutscher2002automatic,
  title={Automatic camera calibration from a single manhattan image},
  author={Deutscher, Jonathan and Isard, Michael and MacCormick, John},
  booktitle={ECCV},
  pages={175--188},
  year={2002}
}

@article{von2008lsd,
  title={LSD: A fast line segment detector with a false detection control},
  author={Von Gioi, Rafael Grompone and Jakubowicz, Jeremie and Morel, Jean-Michel and Randall, Gregory},
  journal={IEEE Transactions on Pattern Analysis and Machine Intelligence},
  volume={32},
  number={4},
  pages={722--732},
  year={2008}
}

@article{akinlar2011edlines,
  title={EDLines: A real-time line segment detector with a false detection control},
  author={Akinlar, Cuneyt and Topal, Cihan},
  journal={Pattern Recognition Letters},
  volume={32},
  number={13},
  pages={1633--1642},
  year={2011}
}

@inproceedings{hold2018perceptual,
  title={A perceptual measure for deep single image camera calibration},
  author={Hold-Geoffroy, Yannick and Sunkavalli, Kalyan and Eisenmann, Jonathan and Fisher, Matthew and Gambaretto, Emiliano and Hadap, Sunil and Lalonde, Jean-Fran{\c{c}}ois},
  booktitle={CVPR},
  pages={2354--2363},
  year={2018}
}

@inproceedings{lee2021ctrl,
  title={Ctrl-c: Camera calibration transformer with line-classification},
  author={Lee, Jinwoo and Go, Hyunsung and Lee, Hyunjoon and Cho, Sunghyun and Sung, Minhyuk and Kim, Junho},
  booktitle={ICCV},
  pages={16228--16237},
  year={2021}
}

@inproceedings{lee2020neural,
  title={Neural geometric parser for single image camera calibration},
  author={Lee, Jinwoo and Sung, Minhyuk and Lee, Hyunjoon and Kim, Junho},
  booktitle={ECCV},
  pages={541--557},
  year={2020}
}



@inproceedings{jin2023perspective,
  title={Perspective fields for single image camera calibration},
  author={Jin, Linyi and Zhang, Jianming and Hold-Geoffroy, Yannick and Wang, Oliver and Blackburn-Matzen, Kevin and Sticha, Matthew and Fouhey, David F},
  booktitle={CVPR},
  pages={17307--17316},
  year={2023}
}

@inproceedings{zhu2024tame,
  title={Tame a Wild Camera: In-the-Wild Monocular Camera Calibration},
  author={Zhu, Shengjie and Kumar, Abhinav and Hu, Masa and Liu, Xiaoming},
  booktitle={NeurIPS},
  year={2023}
}


################################
###     3d reconstruction    ###
################################
@article{barron2014shape,
  title={Shape, illumination, and reflectance from shading},
  author={Barron, Jonathan T and Malik, Jitendra},
  journal={IEEE Transactions on Pattern Analysis and Machine Intelligence},
  volume={37},
  number={8},
  pages={1670--1687},
  year={2014}
}

@inproceedings{wang2018pixel2mesh,
  title={Pixel2mesh: Generating 3d mesh models from single rgb images},
  author={Wang, Nanyang and Zhang, Yinda and Li, Zhuwen and Fu, Yanwei and Liu, Wei and Jiang, Yu-Gang},
  booktitle={ECCV},
  pages={52--67},
  year={2018}
}

@inproceedings{wu2018learning,
  title={Learning shape priors for single-view 3d completion and reconstruction},
  author={Wu, Jiajun and Zhang, Chengkai and Zhang, Xiuming and Zhang, Zhoutong and Freeman, William T and Tenenbaum, Joshua B},
  booktitle={ECCV},
  pages={646--662},
  year={2018}
}

@inproceedings{popov2020corenet,
  title={Corenet: Coherent 3d scene reconstruction from a single rgb image},
  author={Popov, Stefan and Bauszat, Pablo and Ferrari, Vittorio},
  booktitle={ECCV},
  pages={366--383},
  year={2020}
}


@inproceedings{saito2019pifu,
  title={Pifu: Pixel-aligned implicit function for high-resolution clothed human digitization},
  author={Saito, Shunsuke and Huang, Zeng and Natsume, Ryota and Morishima, Shigeo and Kanazawa, Angjoo and Li, Hao},
  booktitle={ICCV},
  pages={2304--2314},
  year={2019}
}



@inproceedings{saito2020pifuhd,
  title={Pifuhd: Multi-level pixel-aligned implicit function for high-resolution 3d human digitization},
  author={Saito, Shunsuke and Simon, Tomas and Saragih, Jason and Joo, Hanbyul},
  booktitle={CVPR},
  pages={84--93},
  year={2020}
}

@article{saxena2008make3d,
  title={Make3d: Learning 3d scene structure from a single still image},
  author={Saxena, Ashutosh and Sun, Min and Ng, Andrew Y},
  journal={IEEE Transactions on Pattern Analysis and Machine Intelligence},
  volume={31},
  number={5},
  pages={824--840},
  year={2008}
}

@inproceedings{patakin2022single,
  title={Single-stage 3d geometry-preserving depth estimation model training on dataset mixtures with uncalibrated stereo data},
  author={Patakin, Nikolay and Vorontsova, Anna and Artemyev, Mikhail and Konushin, Anton},
  booktitle={CVPR},
  pages={1705--1714},
  year={2022}
}

@inproceedings{zhang2023robust,
  title={Robust Geometry-Preserving Depth Estimation Using Differentiable Rendering},
  author={Zhang, Chi and Yin, Wei and Yu, Gang and Wang, Zhibin and Chen, Tao and Fu, Bin and Zhou, Joey Tianyi and Shen, Chunhua},
  booktitle={ICCV},
  pages={8951--8961},
  year={2023}
}



##########################
#####    datasets   ######
##########################
@inproceedings{geiger2012we,
  title={Are we ready for autonomous driving? the kitti vision benchmark suite},
  author={Geiger, Andreas and Lenz, Philip and Urtasun, Raquel},
  booktitle={CVPR},
  pages={3354--3361},
  year={2012}
}

@inproceedings{silberman2012indoor,
  title={Indoor segmentation and support inference from rgbd images},
  author={Silberman, Nathan and Hoiem, Derek and Kohli, Pushmeet and Fergus, Rob},
  booktitle={ECCV},
  pages={746--760},
  year={2012}
}

@inproceedings{song2015sun,
  title={Sun rgb-d: A rgb-d scene understanding benchmark suite},
  author={Song, Shuran and Lichtenberg, Samuel P and Xiao, Jianxiong},
  booktitle={CVPR},
  pages={567--576},
  year={2015}
}

@inproceedings{guizilini20203d,
  title={3d packing for self-supervised monocular depth estimation},
  author={Guizilini, Vitor and Ambrus, Rares and Pillai, Sudeep and Raventos, Allan and Gaidon, Adrien},
  booktitle={CVPR},
  pages={2485--2494},
  year={2020}
}

@article{anguelov2010google,
  title={Google street view: Capturing the world at street level},
  author={Anguelov, Dragomir and Dulong, Carole and Filip, Daniel and Frueh, Christian and Lafon, St{\'e}phane and Lyon, Richard and Ogale, Abhijit and Vincent, Luc and Weaver, Josh},
  journal={Computer},
  volume={43},
  number={6},
  pages={32--38},
  year={2010}
}

@inproceedings{zamir2018taskonomy,
  title={Taskonomy: Disentangling task transfer learning},
  author={Zamir, Amir R and Sax, Alexander and Shen, William and Guibas, Leonidas J and Malik, Jitendra and Savarese, Silvio},
  booktitle={CVPR},
  pages={3712--3722},
  year={2018}
}

##########################
#####  backbones   #####
##########################
@inproceedings{xie2017aggregated,
  title={Aggregated residual transformations for deep neural networks},
  author={Xie, Saining and Girshick, Ross and Doll{\'a}r, Piotr and Tu, Zhuowen and He, Kaiming},
  booktitle={CVPR},
  pages={1492--1500},
  year={2017}
}

@inproceedings{huang2017densely,
  title={Densely connected convolutional networks},
  author={Huang, Gao and Liu, Zhuang and Van Der Maaten, Laurens and Weinberger, Kilian Q},
  booktitle={CVPR},
  pages={4700--4708},
  year={2017}
}

@article{dosovitskiy2020image,
  title={An image is worth 16x16 words: Transformers for image recognition at scale},
  author={Dosovitskiy, Alexey and Beyer, Lucas and Kolesnikov, Alexander and Weissenborn, Dirk and Zhai, Xiaohua and Unterthiner, Thomas and Dehghani, Mostafa and Minderer, Matthias and Heigold, Georg and Gelly, Sylvain and others},
  journal={arXiv preprint arXiv:2010.11929},
  year={2020}
}

@inproceedings{zhang2022minivit,
  title={Minivit: Compressing vision transformers with weight multiplexing},
  author={Zhang, Jinnian and Peng, Houwen and Wu, Kan and Liu, Mengchen and Xiao, Bin and Fu, Jianlong and Yuan, Lu},
  booktitle={CVPR},
  pages={12145--12154},
  year={2022}
}


##########################
#####  experiments   #####
##########################
@inproceedings{liu2021swin,
  title={Swin transformer: Hierarchical vision transformer using shifted windows},
  author={Liu, Ze and Lin, Yutong and Cao, Yue and Hu, Han and Wei, Yixuan and Zhang, Zheng and Lin, Stephen and Guo, Baining},
  booktitle={ICCV},
  pages={10012--10022},
  year={2021}
}


@inproceedings{he2016deep,
  title={Deep residual learning for image recognition},
  author={He, Kaiming and Zhang, Xiangyu and Ren, Shaoqing and Sun, Jian},
  booktitle={CVPR},
  pages={770--778},
  year={2016}
}


@inproceedings{tan2019efficientnet,
  title={Efficientnet: Rethinking model scaling for convolutional neural networks},
  author={Tan, Mingxing and Le, Quoc},
  booktitle={ICML},
  pages={6105--6114},
  year={2019}
}

@inproceedings{patil2022p3depth,
  title={P3depth: Monocular depth estimation with a piecewise planarity prior},
  author={Patil, Vaishakh and Sakaridis, Christos and Liniger, Alexander and Van Gool, Luc},
  booktitle={CVPR},
  pages={1610--1621},
  year={2022}
}


@article{lee2013automatic,
  title={Automatic upright adjustment of photographs with robust camera calibration},
  author={Lee, Hyunjoon and Shechtman, Eli and Wang, Jue and Lee, Seungyong},
  journal={IEEE Transactions on Pattern Analysis and Machine Intelligence},
  volume={36},
  number={5},
  pages={833--844},
  year={2013}
}


@article{borgefors1988hierarchical,
  title={Hierarchical chamfer matching: A parametric edge matching algorithm},
  author={Borgefors, Gunilla},
  journal={IEEE Transactions on Pattern Analysis and Machine Intelligence},
  volume={10},
  number={6},
  pages={849--865},
  year={1988}
}


# MDE foundation model
@inproceedings{depthanything,
      title={Depth Anything: Unleashing the Power of Large-Scale Unlabeled Data}, 
      author={Yang, Lihe and Kang, Bingyi and Huang, Zilong and Xu, Xiaogang and Feng, Jiashi and Zhao, Hengshuang},
      booktitle={CVPR},
      pages={10371--10381},
      year={2024}
}


@inproceedings{piccinelli2024unidepth,
    title     = {{U}ni{D}epth: Universal Monocular Metric Depth Estimation},
    author    = {Piccinelli, Luigi and Yang, Yung-Hsu and Sakaridis, Christos and Segu, Mattia and Li, Siyuan and Van Gool, Luc and Yu, Fisher},
    booktitle = {Proceedings of the IEEE/CVF Conference on Computer Vision and Pattern Recognition (CVPR)},
    pages={10106--10116},
    year      = {2024}
}


@article{bhat2023zoedepth,
  title={Zoedepth: Zero-shot transfer by combining relative and metric depth},
  author={Bhat, Shariq Farooq and Birkl, Reiner and Wofk, Diana and Wonka, Peter and M{\"u}ller, Matthias},
  journal={arXiv preprint arXiv:2302.12288},
  year={2023}
}


@inproceedings{guizilini2023towards,
  title={Towards zero-shot scale-aware monocular depth estimation},
  author={Guizilini, Vitor and Vasiljevic, Igor and Chen, Dian and Ambruș, Rareș and Gaidon, Adrien},
  booktitle={Proceedings of the IEEE/CVF International Conference on Computer Vision},
  pages={9233--9243},
  year={2023}
}


%--
%EOF
