@inproceedings{hanna2022solving,
  title={Solving Multi-Arm Bandit Using a Few Bits of Communication},
  author =       {Hanna, Osama A. and Yang, Lin and Fragouli, Christina},
  booktitle = 	 {Proceedings of The 25th International Conference on Artificial Intelligence and Statistics (AISTATS)},
  pages={11215--11236},
  year={2022},
   
}


@article{vial2020one,
  title={One-bit feedback is sufficient for upper confidence bound policies},
  author={Vial, Daniel and Shakkottai, Sanjay and Srikant, R},
  journal={arXiv:2012.02876},
  year={2020}
}

@book{sutton2018reinforcement,
  title={Reinforcement learning: An introduction},
  author={Sutton, Richard S and Barto, Andrew G},
  year={2018},
  publisher={MIT press}
}

@inproceedings{sui2018advancements,
  title={Advancements in Dueling Bandits.},
  author={Sui, Yanan and Zoghi, Masrour and Hofmann, Katja and Yue, Yisong},
  booktitle={IJCAI},
  pages={5502--5510},
  year={2018}
}

@inproceedings{saha2022versatile,
  title={Versatile dueling bandits: Best-of-both world analyses for learning from relative preferences},
  author={Saha, Aadirupa and Gaillard, Pierre},
  booktitle={International Conference on Machine Learning (ICML)},
  pages={19011--19026},
  year={2022},
   
}

@inproceedings{ailon2014reducing,
  title={Reducing dueling bandits to cardinal bandits},
  author={Ailon, Nir and Karnin, Zohar and Joachims, Thorsten},
  booktitle={International Conference on Machine Learning (ICML)},
  pages={856--864},
  year={2014},
   
}

@article{bengs2021preference,
  title={Preference-based online learning with dueling bandits: A survey},
  author={Bengs, Viktor and Busa-Fekete, R{\'o}bert and El Mesaoudi-Paul, Adil and H{\"u}llermeier, Eyke},
  journal={Journal of Machine Learning Research},
  volume={22},
  number={7},
  pages={1--108},
  year={2021}
}

@inproceedings{karp2007noisy,
  title={Noisy binary search and its applications},
  author={Karp, Richard M and Kleinberg, Robert},
  booktitle = {Proceedings of the Eighteenth Annual ACM-SIAM Symposium on Discrete Algorithms (SODA)},
  pages={881--890},
  year={2007}
}


@InProceedings{gretta2023sharp,
  author =	{Gretta, Lucas and Price, Eric},
  title =	{{Sharp Noisy Binary Search with Monotonic Probabilities}},
  booktitle =	{51st International Colloquium on Automata, Languages, and Programming (ICALP)},
  pages =	{75:1--75:19},
  year =	{2024},
  volume =	{297},
}

@article{altschuler2019best,
  title={Best arm identification for contaminated bandits},
  author={Altschuler, Jason and Brunel, Victor-Emmanuel and Malek, Alan},
  journal={Journal of Machine Learning Research},
  volume={20},
  number={91},
  pages={1--39},
  year={2019}
}



@inproceedings{zhang2021quantile,
  title={Quantile bandits for best arms identification},
  author={Zhang, Mengyan and Ong, Cheng Soon},
  booktitle = 	 {Proceedings of the 38th International Conference on Machine Learning (ICML)},
  pages={12513--12523},
  year={2021},
   
}

@article{howard2022sequential,
  title={{Sequential estimation of quantiles with applications to A/B testing and best-arm identification}},
  author={Howard, Steven R and Ramdas, Aaditya},
  journal={Bernoulli},
  volume={28},
  number={3},
  pages={1704--1728},
  year={2022},
  publisher={Bernoulli Society for Mathematical Statistics and Probability}
}


@InProceedings{szorenyi2015qualitative,
  title = 	 {Qualitative Multi-Armed Bandits: A Quantile-Based Approach},
  author = 	 {Szorenyi, Balazs and Busa-Fekete, Robert and Weng, Paul and HÃ¼llermeier, Eyke},
  booktitle = {{Proceedings of the 32nd International Conference on Machine Learning (ICML)}},
  pages = 	 {1660--1668},
  year = 	 {2015}
}



@article{nikolakakis2021quantile,
  title={Quantile multi-armed bandits: Optimal best-arm identification and a differentially private scheme},
  author={Nikolakakis, Konstantinos E and Kalogerias, Dionysios S and Sheffet, Or and Sarwate, Anand D},
  journal={IEEE Journal on Selected Areas in Information Theory},
  volume={2},
  number={2},
  pages={534--548},
  year={2021},
  publisher={IEEE}
}

@article{waeber2013bisection,
  title={Bisection search with noisy responses},
  author={Waeber, Rolf and Frazier, Peter I and Henderson, Shane G},
  journal={SIAM Journal on Control and Optimization},
  volume={51},
  number={3},
  pages={2261--2279},
  year={2013},
  publisher={SIAM}
}

@inproceedings{yu2013sample,
  title={Sample Complexity of Risk-Averse Bandit-Arm Selection},
  author={Yu, Jia Yuan and Nikolova, Evdokia},
  booktitle={International Joint Conference on Artificial Intelligence (IJCAI)},
  pages={2576--2582},
  year={2013}
}

@comment{x-kbibtex-personnameformatting=<%l><, %f>}

@string{IEEE = {{Proc. of the IEEE}}}
@string{IEEE = {{Proc. IEEE}}}

@string{IJCAI = {{Proc. of International Joint Conference on Artificial Intelligence (IJCAI)}}}
@string{IJCAI = {{Int. Joint Conf. on Art. Intel. (IJCAI)}}}

@string{AAAI = {{Proc. of AAAI Conference on Artificial Intelligence}}}
@string{AAAI = {{AAAI Conf. on Art. Intel.}}}

@string{JMLR ={{Journal of Machine Learning Research}}}

@string{AISTATS ={{International Conference on Artificial Intelligence and Statistics (AISTATS)}}}
@string{AISTATS ={{Int. Conf. Art. Intel. Stats. (AISTATS)}}}

@string{NIPS = {{Conference on Neural Information Processing Systems}}}
@string{NIPS = {{Conf. Neur. Inf. Proc. Sys. (NIPS)}}}

@string{ICML = {{Proc. of the International Conference on Machine Learning (ICML)}}}
@string{ICML = {{Int. Conf. Mach. Learn. (ICML)}}}

@string{SARA = {{Proc. of Symposium on Abstraction, Reformulation, and Approximation}}}
@string{IAAI = {{Proc. of the Innovative Applications of Artificial Intelligence Conference}}}
@string{ICRA = {{Proc. of IEEE International Conference on Robotics and Automaton (ICRA)}}}
@string{IROS = {{Proc. of IEEE International Workshop on Intelligent Robots and Systems (IROS)}}}
@string{JAIR = {{J. Artif. Intell. Res.(JAIR)}}}
@string{AIJ = {{Artificial Intelligence}}}
@string{ECAI = {{Proc. of European Conference on Artificial Intelligence}}}
@string{KEPS = {{Proc. of the ICAPS Workshop on Knowledge Engineering for Planning and Scheduling(KEPS)}}}
@string{ICAPS = {{Proc. of the International Conference on Automated Planning and Scheduling(ICAPS)}}}
@string{IPC = {{Proc. of the International Planning Competition}}}
@string{ECP = {{Proc. of European Conference on Planning}}}
@string{AIPS = {{Proc. of the International Conference on Artificial Intelligence Planning and Scheduling}}}
@string{SOCS = {{Proc. of Annual Symposium on Combinatorial Search}}}
@string{SPARK = {{Proc. of Scheduling and Planning Applications Workshop}}}
@string{ICLR = {{Proc. of the International Conference on Learning Representations}}}
@string{CVPR = {{Proc. of IEEE Conference on Computer Vision and Pattern Recognition}}}
@string{ICASSP = {{Proc. of IEEE Conference on Acoustics, Speech and Signal Processing}}}
@string{IJCCI = {{Proc. of International Joint Conference on Computational Intelligence (IJCCI)}}}
@string{ILP = {{Proc. of International Conference on Inductive Logic Programming ({ILP})}}}
@string{SIGMOD = {{Proc. of the International Conference on Management of Data (SIGMOD)}}}
@string{SIGKDD = {{Proc. of ACM International Conference on Knowledge Discovery and Data Mining (SIGKDD)}}}
@string{ECCV = {{Proc. of the European Conference on Computer Vision (ECCV)}}}
@string{ICPR = {{Proc. of the International Conference on Pattern Recognition (ICPR)}}}
@string{TPAMI = {{IEEE Transactions on Pattern Analysis and Machine Intelligence}}}
@string{ACL = {{Proc. of the Annual Meeting of the Association for Computational Linguistics}}}
@string{COLING = {{Proc. of the International Conference on Computational Linguistics}}}
@string{AAMAS = {{Proc. of the International Conference on Autonomous Agents and Multi-Agent Systems}}}
@string{UAI = {{Proc. of the International Conference on Uncertainty in Artificial Intelligence}}}

% New bilbo
% =================================================

% Encoding: ISO-8859-1

% By Jonathan Scarlett

@article{gupta2020unified,
  title={A unified approach to translate classical bandit algorithms to the structured bandit setting},
  author={Gupta, Samarth and Chaudhari, Shreyas and Mukherjee, Subhojyoti and Joshi, Gauri and Ya{\u{g}}an, Osman},
  journal={IEEE Journal on Selected Areas in Information Theory},
  volume={1},
  number={3},
  pages={840--853},
  year={2020},
  publisher={IEEE}
}

@inproceedings{huang2017structured,
  title={Structured best arm identification with fixed confidence},
  author={Huang, Ruitong and Ajallooeian, Mohammad M and Szepesv{\'a}ri, Csaba and M{\"u}ller, Martin},
  booktitle={Conference on Algorithmic Learning Theory (ALT)},
  year={2017}
}

@article{mukherjee2020generalized,
  title={Generalized {C}hernoff Sampling for Active Learning and Structured Bandit Algorithms},
  author={Mukherjee, Subhojyoti and Tripathy, Ardhendu and Nowak, Robert},
  journal={arXiv preprint arXiv:2012.08073},
  year={2020}
}

@inproceedings{neopane2021best,
  title={Best Arm Identification under Additive Transfer Bandits},
  author={Neopane, Ojash and Ramdas, Aaditya and Singh, Aarti},
  booktitle={Asilomar Conference on Signals, Systems, and Computers},
  year={2021}
}




@inproceedings{tan2022survey,
	author = {Tan, Vincent Y. F. and L.A., Prashanth and Jagannathan, Krishna},
	booktitle = {Proceedings of the Thirty-First International Joint Conference on Artificial Intelligence (IJCAI)},
	pages = {5623--5629},
	title = {A Survey of Risk-Aware Multi-Armed Bandits},
	year = {2022},
}

Quantile Multi-Armed Bandits with 1-bit Feedback

@article{Man04,
    title={The sample complexity of exploration in the multi-armed bandit problem},
    author={Mannor, Shie and Tsitsiklis, John N},
    journal={Journal of Machine Learning Research},
    volume={5},
    number={Jun},
    pages={623--648},
    year={2004}
}

@unpublished{yang2021robust,
    title={Robust Bandit Learning with Imperfect Context},
    author={Yang, Jianyi and Ren, Shaolei},
    note={https://arxiv.org/abs/2102.05018},
    year={2021}
}

@Book{Csa18,
  title     = {Bandit Algorithms},
  publisher = {Cambridge University Press},
  year      = {2020},
  author    = {Tor Lattimore and Csaba Szepesv\'ari}
}

@article{Ber10,
  title={Nonconvex robust optimization for problems with constraints},
  author={Bertsimas, Dimitris and Nohadani, Omid and Teo, Kwong Meng},
  journal={INFORMS Journal on Computing},
  volume={22},
  number={1},
  pages={44-58},
  year={2010}
}

@Conference{Bog17,
  author = {Bogunovic, Ilija and Mitrovi{\'c}, Slobodan and Scarlett, Jonathan and Cevher, Volkan},
  title  = {Robust submodular maximization: A non-uniform partitioning approach},
  booktitle = {International Conference on Machine Learning (ICML)},
  year   = {2017},
}

@InProceedings{Kat20,
  title={The true sample complexity of identifying good arms},
  author={Katz--Samuels, Julian and Jamieson, Kevin},
  booktitle={International Conference on Artificial Intelligence and Statistics (AISTATS)},
  year={2020},
}

@inproceedings{garivier2016optimal,
    title={Optimal best arm identification with fixed confidence},
    author={Garivier, Aur{\'e}lien and Kaufmann, Emilie},
    booktitle={29th Annual Conference on Learning Theory (COLT)},
    pages={998--1027},
    year={2016}
}

% By Zhenlin Wang

@article{orlin2018robust,
    title={Robust monotone submodular function maximization},
    author={Orlin, James B and Schulz, Andreas S and Udwani, Rajan},
    journal={Mathematical Programming},
    volume={172},
    number={1},
    pages={505--537},
    year={2018},
    publisher={Springer}
}

@article{krause2008robust,
    title={Robust Submodular Observation Selection.},
    author={Krause, Andreas and McMahan, H Brendan and Guestrin, Carlos and Gupta, Anupam},
    journal={Journal of Machine Learning Research},
    volume={9},
    number={12},
    year={2008}
}


@inproceedings{gabillon2012unified,
  title={{Best arm identification: A unified approach to fixed budget and fixed confidence}},
  AUTHOR={Gabillon and Victor and Ghavamzadeh and Mohammad and Lazaric, Alessandro},
  BOOKTITLE={Advances in Neural Information Processing Systems 25 (NIPS)},
  YEAR={2012},
    pages={3212--3220}
}

@InProceedings{bubeck2013multipleident, 
  title={Multiple identifications in multi-armed bandits}, 
  author={SÃ©ebastian Bubeck and Tengyao Wang and Nitin Viswanathan}, 
  booktitle={International Conference on Machine Learning (ICML)}, 
  year={2013}
}

@inproceedings{jedor2020categorized,
 author = {Jedor, Matthieu and Perchet, Vianney and Louedec, Jonathan},
booktitle = {Conference on Neural Information Processing Systems},
title = {Categorized Bandits},
year = {2019}
}



@misc{singh2020multiarmed,
  title={Multi-armed bandits with dependent arms}, 
  author={Rahul Singh and Fang Liu and Yin Sun and Ness Shroff},
  note={{https://arxiv.org/abs/2010.09478}},
  year={2020}
}

@misc{ban2021local,
  title={Local clustering in contextual multi-armed bandits}, 
  author={Yikun Ban and Jingrui He},
  note={{https://arxiv.org/abs/2103.00063}},
  year={2021}
}

@misc{bouneffouf2019optimal,
  title={Optimal exploitation of clustering and history information in multi-armed bandit}, 
  author={Djallel Bouneffouf and Srinivasan Parthasarathy and Horst Samulowitz and Martin Wistub},
  note={{https://arxiv.org/abs/1906.03979}},
  year={2019}
}

@inproceedings{deng2011active,
  author={Deng, Kun and Pineau, Joelle and Murphy, Susan},
  title={Active Learning for Developing Personalized Treatment},
  year={2011},
  booktitle={Proceedings of the Twenty-Seventh Conference on Uncertainty in Artificial Intelligence},
  pages={161â168},
  numpages={8}
}

@inproceedings{gabillon2011MultiBandit,
  author={Gabillon, Victor and Ghavamzadeh, Mohammad and Lazaric, Alessandro and Bubeck, S\'{e}bastien},
  booktitle={Conference on Neural Information Processing Systems},
  title={Multi-bandit best arm identification},
  year={2011}
}

@inproceedings{kalyanakrishnan2012pac,
  author={Kalyanakrishnan, Shivaram and Tewari, Ambuj and Auer, Peter and Stone, Peter},
  title={{PAC} subset selection in stochastic multi-armed bandits},
  year={2012},
  booktitle={International Conference on Machine Learning (ICML)},
  numpages={8}
}

@inproceedings{bogunovic2018adversarially,
    author = {Bogunovic, Ilija and Scarlett, Jonathan and Jegelka, Stefanie and Cevher, Volkan},
    booktitle = {Conference on Neural Information Processing Systems},
    pages = {},
    title = {Adversarially robust optimization with {G}aussian processes},
    year = {2018}
}


@unpublished{chen2017robust,
  title={Robust optimization for non-convex objectives},
  author={Chen, Robert and Lucier, Brendan and Singer, Yaron and Syrgkanis, Vasilis},
  note={{https://arxiv.org/abs/1707.01047}},
  year={2017}
}

@article{kaufmann2016complexity,
  title={On the complexity of best-arm identification in multi-armed bandit models},
  author={Kaufmann, Emilie and Capp{\'e}, Olivier and Garivier, Aur{\'e}lien},
  journal={Journal of Machine Learning Research},
  volume={17},
  number={1},
  pages={1--42},
  year={2016}
}

@InProceedings{pmlr-v30-Kaufmann13,
  title={Information Complexity in Bandit Subset Selection},
  author={Emilie Kaufmann and Shivaram Kalyanakrishnan},
  booktitle={Conference on Learning Theory (COLT)}, 
  year={2013}
}

@inproceedings{scarlett2019overlapping,
  title={Overlapping multi-bandit best arm identification},
  author={Scarlett, Jonathan and Bogunovic, Ilija and Cevher, Volkan},
  booktitle={IEEE International Symposium on Information Theory},
  year={2019}
}


@inproceedings{jamieson2014lil,
  title={lilâ{UCB}: An optimal exploration algorithm for multi-armed bandits},
  author={Jamieson, Kevin and Malloy, Matthew and Nowak, Robert and Bubeck, S{\'e}bastien},
  booktitle={27th Annual Conference on Learning Theory (COLT)},
  pages={423--439},
  year={2014},
   
}


@INPROCEEDINGS{jamieson2014best,
  author={Jamieson, Kevin and Nowak, Robert},
  booktitle={48th Annual Conference on Information Sciences and Systems (CISS)}, 
  title={Best-arm identification algorithms for multi-armed bandits in the fixed confidence setting}, 
  year={2014},
  pages={1-6}
}

@article{ucb,
  author   ={Niranjan Srinivas and
               Andreas Krause and
               Sham M. Kakade and
               Matthias W. Seeger},
  title    ={Gaussian Process Bandits without Regret: An Experimental Design Approach},
  journal  ={CoRR},
  volume   ={abs/0912.3995},
  year     ={2009},
  note      ={http://arxiv.org/abs/0912.3995},
}

@INPROCEEDINGS{wang2021max,
  booktitle={AAAI Conference on Artificial Intelligence}, 
  title={Max-Min Grouped Bandits},
  author={Wang, Zhenlin and Scarlett, Jonathan},
  year={2021}
}

@article{slivkins2019introduction,
year = {2019},
volume = {12},
journal = {Foundations and TrendsÂ® in Machine Learning},
title = {Introduction to Multi-Armed Bandits},
number = {1-2},
pages = {1-286},
author = {Aleksandrs Slivkins }
}

@inproceedings{aziz2018pure,
  title={Pure exploration in infinitely-armed bandit models with fixed-confidence},
  author={Aziz, Maryam and Anderton, Jesse and Kaufmann, Emilie and Aslam, Javed},
  booktitle={Conference on Algorithmic Learning Theory},
  pages={3--24},
  year={2018},
   
}

@misc{JamiesonCSE599,
  author={Kevin Jamieson},
  key={JamiesonCSE599},
  year = {2022},
  title = {{CSE599i: Online and Adaptive Machine Learning, Lecture 4}},
  howpublished = {\url{https://courses.cs.washington.edu/courses/cse599i/18wi/resources/lecture4/lecture4.pdf}},
  note = {Accessed: 2022-09-15}
}

@article{kleinberg2019bandits,
  title={Bandits and experts in metric spaces},
  author={Kleinberg, Robert and Slivkins, Aleksandrs and Upfal, Eli},
  journal={Journal of the ACM (JACM)},
  volume={66},
  number={4},
  pages={1--77},
  year={2019},
  publisher={ACM New York, NY, USA}
}

@inproceedings{kleinberg2008multi,
  title={Multi-armed bandits in metric spaces},
  author={Kleinberg, Robert and Slivkins, Aleksandrs and Upfal, Eli},
  booktitle={ACM Symposium on Theory of Computing},
  year={2008}
}

@inproceedings{bubeck2008online,
  title={Online optimization in {X}-armed bandits},
  author={Bubeck, S{\'e}bastien and Stoltz, Gilles and Szepesv{\'a}ri, Csaba and Munos, R{\'e}mi},
  booktitle={Conference on Neural Information Processing Systems},
  year={2008}
}

@article{bubeck2011x,
  title={X-Armed Bandits.},
  author={Bubeck, S{\'e}bastien and Munos, R{\'e}mi and Stoltz, Gilles and Szepesv{\'a}ri, Csaba},
  journal={Journal of Machine Learning Research},
  volume={12},
  number={5},
  year={2011}
}

@inproceedings{grill2015black,
 author = {Grill, Jean-Bastien and Valko, Michal and Munos, Remi and Munos, Remi},
 title={Black-box optimization of noisy functions with unknown smoothness},
 booktitle = {Conference on Neural Information Processing Systems},
 volume = {28},
 year = {2015}
}

@article{berry1997bandit,
  title={Bandit problems with infinitely many arms},
  author={Berry, Donald A and Chen, Robert W and Zame, Alan and Heath, David C and Shepp, Larry A},
  journal={The Annals of Statistics},
  volume={25},
  number={5},
  pages={2103--2116},
  year={1997},
  publisher={Institute of Mathematical Statistics}
}

@inproceedings{katz2020true,
  title={The true sample complexity of identifying good arms},
  author={Katz-Samuels, Julian and Jamieson, Kevin},
  booktitle={International Conference on Artificial Intelligence and Statistics (AISTATS)},
  year={2020}
}

@inproceedings{wang2008infinitely,
  title={Algorithms for infinitely many-armed bandits},
  author={Wang, Yizao and Audibert, Jean-Yves and Munos, R{\'e}mi},
  booktitle={Conference on Neural Information Processing Systems},
  year={2008}
}

@inproceedings{bonald2013two,
  author={Thomas Bonald and Alexandre ProutiÃ¨re},
  title={Two-target algorithms for infinite-armed bandits with {B}ernoulli rewards},
  year={2013},
  booktitle={Conference on Neural Information Processing Systems}
}

@inproceedings{david2014infinitely,
  title={Infinitely many-armed bandits with unknown value distribution},
  author={David, Yahel and Shimkin, Nahum},
  booktitle={European Conference on Machine Learning and Knowledge Discovery in Databases},
  year={2014}
}

@inproceedings{carpentier2015simple,
  title={Simple regret for infinitely many armed bandits},
  author={Carpentier, Alexandra and Valko, Michal},
  booktitle={International Conference on Machine Learning (ICML)},
  year={2015}
}

@article{kalvit2021bandits,
  title={Bandits with Dynamic Arm-acquisition Costs},
  author={Kalvit, Anand and Zeevi, Assaf},
  journal={arXiv preprint arXiv:2110.12118},
  year={2021}
}

@article{Kalvit2022DynamicLI,
  title={Dynamic Learning in Large Matching Markets},
  author={Anand Kalvit and Assaf J. Zeevi},
  journal={ACM SIGMETRICS Performance Evaluation Review},
  year={2022},
  volume={50},
  pages={18 - 20}
}

@inproceedings{chaudhuri2018quantile,
  title={Quantile-Regret Minimisation in Infinitely Many-Armed Bandits.},
  author={Chaudhuri, Arghya Roy and Kalyanakrishnan, Shivaram},
  booktitle={Conference on Uncertainty in Artificial Intelligence},
  year={2018}
}

@inproceedings{jamieson2016power,
  title={The power of adaptivity in identifying statistical alternatives},
  author={Jamieson, Kevin and Haas, Daniel and Recht, Benjamin},
  booktitle={Conference on Neural Information Processing Systems},
  year={2016}
}

@inproceedings{ren2019exploring,
  title={Exploring $k$ out of Top $\rho$  Fraction of Arms in Stochastic Bandits},
  author={Ren, Wenbo and Liu, Jia and Shroff, Ness B},
  booktitle={Conference on Artificial intelligence and statistics (AISTATS)},
  year={2019}
}

@inproceedings{chaudhuri2019pac,
  title={{PAC} identification of many good arms in stochastic multi-armed bandits},
  author={Chaudhuri, Arghya Roy and Kalyanakrishnan, Shivaram},
  booktitle={International Conference on Machine Learning (ICML)},
  year={2019}
}

@inproceedings{li2017infinitely,
  title={Infinitely many-armed bandits with budget constraints},
  author={Li, Haifang and Xia, Yingce},
  booktitle={AAAI Conference on Artificial Intelligence},
  year={2017}
}

@inproceedings{mayekar2023communication,
  title={{Communication-constrained bandits under additive Gaussian noise}},
  author={Mayekar, Prathamesh and Scarlett, Jonathan and Tan, Vincent YF},
  booktitle = {Proceedings of the 40th International Conference on Machine Learning (ICML)},
  pages={24236--24250},
  year={2023},
   
}



@inproceedings{mitra2023linear,
  title={Linear stochastic bandits over a bit-constrained channel},
  author={Mitra, Aritra and Hassani, Hamed and Pappas, George J},
  booktitle={Proceedings of The 5th Annual Learning for Dynamics and Control Conference (L4DC)},
  pages={1387--1399},
  year={2023},
   
}

@article{dufour1995distribution,
  title={Distribution and quantile functions},
  author={Dufour, Jean-Marie},
  journal={McGill University Report},
  year={1995}
}

@article{thompson1933likelihood,
  title={On the likelihood that one unknown probability exceeds another in view of the evidence of two samples},
  author={Thompson, William R},
  journal={Biometrika},
  volume={25},
  number={3-4},
  pages={285--294},
  year={1933},
  publisher={Oxford University Press}
}

@article{Robbins1952SomeAO,
  title={Some aspects of the sequential design of experiments},
  author={Herbert E. Robbins},
  journal={Bulletin of the American Mathematical Society},
  year={1952},
  volume={58},
  pages={527-535},
}

@inproceedings{EvenDar2002PACBF,
    author = {Even-Dar, Eyal and Mannor, Shie and Mansour, Yishay},
    title = {{PAC} Bounds for Multi-armed Bandit and {M}arkov Decision Processes},
    year = {2002},
    booktitle = {Proceedings of the 15th Annual Conference on Computational Learning Theory (COLT)},
    pages = {255â270},
    numpages = {16},
}

@article{mannor2004sample,
  title={The sample complexity of exploration in the multi-armed bandit problem},
  author={Mannor, Shie and Tsitsiklis, John N},
  journal={Journal of Machine Learning Research},
  volume={5},
  pages={623--648},
  year={2004}
}

@inproceedings{torossian2019mathcal,
  title={$\mathcal{X}$-Armed Bandits: Optimizing Quantiles, {CVaR} and Other Risks},
  author={Torossian, L{\'e}onard and Garivier, Aur{\'e}lien and Picheny, Victor},
  booktitle={Asian Conference on Machine Learning},
  pages={252--267},
  year={2019},
   
}

@inproceedings{david2016pure,
  title={Pure exploration for max-quantile bandits},
  author={David, Yahel and Shimkin, Nahum},
  booktitle={Joint European Conference on Machine Learning and Knowledge Discovery in Databases (ECML-PKDD)},
  pages={556--571},
  year={2016},
  organization={Springer}
}


@InProceedings{amani2023distributed,
  title = 	 {Distributed Contextual Linear Bandits with Minimax Optimal Communication Cost},
  author =       {Amani, Sanae and Lattimore, Tor and Gy\"{o}rgy, Andr\'{a}s and Yang, Lin},
  booktitle = 	 {Proceedings of the 40th International Conference on Machine Learning (ICML)},
  pages = 	 {691--717},
  year = 	 {2023},
  volume = 	 {202}
}



@InProceedings{salgia2023distributed,
  title = 	 {Distributed Linear Bandits under Communication Constraints},
  author =       {Salgia, Sudeep and Zhao, Qing},
  booktitle = 	 {Proceedings of the 40th International Conference on Machine Learning (ICML)},
  pages = 	 {29845--29875},
  year = 	 {2023}
}

@inproceedings{hillel2013distributed, 
    author = {Hillel, Eshcar and Karnin, Zohar and Koren, Tomer and Lempel, Ronny and Somekh, Oren}, 
    title = {Distributed exploration in Multi-Armed Bandits}, 
    year = {2013}, 
    booktitle = {Advances in Neural Information Processing Systems 26  (NIPS)}, 
    pages = {854â862}
}


@inproceedings{tao2019collaborative,
  title={Collaborative learning with limited interaction: Tight bounds for distributed exploration in multi-armed bandits},
  author={Tao, Chao and Zhang, Qin and Zhou, Yuan},
  booktitle={2019 IEEE 60th Annual Symposium on Foundations of Computer Science (FOCS)},
  pages={126--146},
  year={2019}
}

@inproceedings{reda2022nearoptimal,
    title={Near-Optimal Collaborative Learning in Bandits},
    author={Cl{\'e}mence R{\'e}da and Sattar Vakili and Emilie Kaufmann},
    booktitle={Advances in Neural Information Processing Systems 35  (NeurIPS)},
    year={2022},
    pages={14183--14195},
    volume={35}
}

@inproceedings{karnin2013almost,
    title={Almost optimal exploration in multi-armed bandits},
    author={Karnin, Zohar and Koren, Tomer and Somekh, Oren},
    booktitle={Proceedings of the 30th International Conference on Machine Learning (ICML)},
    pages={1238--1246},
    volume = {28},
    year={2013}
}

@inproceedings{yang2022minimax,
  title={Minimax optimal fixed-budget best arm identification in linear bandits},
  author={Yang, Junwen and Tan, Vincent},
  booktitle={Advances in Neural Information Processing Systems},
  volume={35},
  pages={12253--12266},
  year={2022}
}

@inproceedings{Audibert2010BestAI,
  title={Best Arm Identification in Multi-Armed Bandits},
  author={Jean-Yves Audibert and S{\'e}bastien Bubeck},
  booktitle={23rd Annual Conference on Learning Theory (COLT)},
  year={2010},
  pages={41--53}
}

@inproceedings{bubeck2009pure,
  title={Pure exploration in multi-armed bandits problems},
  author={Bubeck, S{\'e}bastien and Munos, R{\'e}mi and Stoltz, Gilles},
  booktitle={Proceedings of the 20th International Conference on Algorithmic Learning Theory (ALT)},
  pages={23--37},
  year={2009},
  organization={Springer}
}



@InProceedings{russo2016simple,
  title = 	 {{Simple Bayesian Algorithms for Best Arm Identification}},
  author = 	 {Russo, Daniel},
  booktitle = 	 {29th Annual Conference on Learning Theory (COLT)},
  pages = 	 {1417--1418},
  year = 	 {2016},
  volume = 	 {49},
  month = 	 {23--26 Jun},
}

@inproceedings{gu2023optimal,
author = {Gu, Yuzhou and Xu, Yinzhan},
title = {Optimal Bounds for Noisy Sorting},
year = {2023},
booktitle = {Proceedings of the 55th Annual ACM Symposium on Theory of Computing (STOC)},
pages = {1502â1515},
}

@article{burnashev1974interval,
  title={An interval estimation problem for controlled observations},
  author={Burnashev, Marat Valievich and Zigangirov, Kamil'Shamil'evich},
  journal={Problemy Peredachi Informatsii},
  volume={10},
  number={3},
  pages={51--61},
  year={1974},
  publisher={Russian Academy of Sciences, Branch of Informatics, Computer Equipment and~â¦}
}

@inproceedings{ben2008bayesian,
  title={The {B}ayesian learner is optimal for noisy binary search (and pretty good for quantum as well)},
  author={Ben-Or, Michael and Hassidim, Avinatan},
  booktitle={49th Annual IEEE Symposium on Foundations of Computer Science {FOCS)}},
  pages={221--230},
  year={2008},
  organization={IEEE}
}

@article{dereniowski2021noisy,
  title={Noisy searching: simple, fast and correct},
  author={Dereniowski, Dariusz and {\L}ukasiewicz, Aleksander and Uzna{\'n}ski, Przemys{\l}aw},
  journal={arXiv preprint arXiv:2107.05753},
  year={2021}
}

@inproceedings{okoroafor2023non,
  title={{Non-stochastic CDF estimation using threshold queries}},
  author={Okoroafor, Princewill and Gupta, Vaishnavi and Kleinberg, Robert and Goh, Eleanor},
  booktitle={Proceedings of the 2023 Annual ACM-SIAM Symposium on Discrete Algorithms (SODA)},
  pages={3551--3572},
  year={2023},
}

@inproceedings{meister2021learning,
  title={{Learning with comparison feedback: Online estimation of sample statistics}},
  author={Meister, Michela and Nietert, Sloan},
  booktitle={Algorithmic Learning Theory (ALT)},
  pages={983--1001},
  year={2021},
  organization={PMLR}
}

@inproceedings{kleinberg2003value,
  title={{The value of knowing a demand curve: Bounds on regret for online posted-price auctions}},
  author={Kleinberg, Robert and Leighton, Tom},
  booktitle={Proceedings of the 44th Annual IEEE Symposium on Foundations of Computer Science (FOCS)},
  pages={594--605},
  year={2003},
  organization={IEEE}
}


@InProceedings{leme2021learning,
  title = 	 {{Learning to Price Against a Moving Target}},
  author =       {Leme, Renato Paes and Sivan, Balasubramanian and Teng, Yifeng and Worah, Pratik},
  booktitle = 	 {Proceedings of the 38th International Conference on Machine Learning (ICML)},
  pages = 	 {6223--6232},
  year = 	 {2021},
  volume = 	 {139},
  publisher =    {PMLR},
}

@inproceedings{leme2023pricing,
  title={Pricing query complexity of revenue maximization},
  author={Paes Leme, Renato and Sivan, Balasubramanian and Teng, Yifeng and Worah, Pratik},
  booktitle={Proceedings of the 2023 Annual ACM-SIAM Symposium on Discrete Algorithms (SODA)},
  pages={399--415},
  year={2023},
  organization={SIAM}
}

@inproceedings{leme2023description,
author = {Paes Leme, Renato and Sivan, Balasubramanian and Teng, Yifeng and Worah, Pratik},
title = {Description Complexity of Regular Distributions},
year = {2023},
booktitle = {Proceedings of the 24th ACM Conference on Economics and Computation},
pages = {959}
}

@book{polyanskiy2024information,
  title={{Information Theory: From Coding to Learning}},
  author={Polyanskiy, Yury and Wu, Yihong},
  year={2025},
  publisher={Cambridge University Press}
}