@inproceedings{Audibert2010BestAI,
  title={Best Arm Identification in Multi-Armed Bandits},
  author={Jean-Yves Audibert and S{\'e}bastien Bubeck},
  booktitle={23rd Annual Conference on Learning Theory (COLT)},
  year={2010},
  pages={41--53}
}

@Book{Csa18,
  title     = {Bandit Algorithms},
  publisher = {Cambridge University Press},
  year      = {2020},
  author    = {Tor Lattimore and Csaba Szepesv\'ari}
}

@inproceedings{EvenDar2002PACBF,
    author = {Even-Dar, Eyal and Mannor, Shie and Mansour, Yishay},
    title = {{PAC} Bounds for Multi-armed Bandit and {M}arkov Decision Processes},
    year = {2002},
    booktitle = {Proceedings of the 15th Annual Conference on Computational Learning Theory (COLT)},
    pages = {255–270},
    numpages = {16},
}

@article{Robbins1952SomeAO,
  title={Some aspects of the sequential design of experiments},
  author={Herbert E. Robbins},
  journal={Bulletin of the American Mathematical Society},
  year={1952},
  volume={58},
  pages={527-535},
}

@article{altschuler2019best,
  title={Best arm identification for contaminated bandits},
  author={Altschuler, Jason and Brunel, Victor-Emmanuel and Malek, Alan},
  journal={Journal of Machine Learning Research},
  volume={20},
  number={91},
  pages={1--39},
  year={2019}
}

@InProceedings{amani2023distributed,
  title = 	 {Distributed Contextual Linear Bandits with Minimax Optimal Communication Cost},
  author =       {Amani, Sanae and Lattimore, Tor and Gy\"{o}rgy, Andr\'{a}s and Yang, Lin},
  booktitle = 	 {Proceedings of the 40th International Conference on Machine Learning (ICML)},
  pages = 	 {691--717},
  year = 	 {2023},
  volume = 	 {202}
}

@inproceedings{bubeck2009pure,
  title={Pure exploration in multi-armed bandits problems},
  author={Bubeck, S{\'e}bastien and Munos, R{\'e}mi and Stoltz, Gilles},
  booktitle={Proceedings of the 20th International Conference on Algorithmic Learning Theory (ALT)},
  pages={23--37},
  year={2009},
  organization={Springer}
}

@inproceedings{david2016pure,
  title={Pure exploration for max-quantile bandits},
  author={David, Yahel and Shimkin, Nahum},
  booktitle={Joint European Conference on Machine Learning and Knowledge Discovery in Databases (ECML-PKDD)},
  pages={556--571},
  year={2016},
  organization={Springer}
}

@inproceedings{gabillon2012unified,
  title={{Best arm identification: A unified approach to fixed budget and fixed confidence}},
  AUTHOR={Gabillon and Victor and Ghavamzadeh and Mohammad and Lazaric, Alessandro},
  BOOKTITLE={Advances in Neural Information Processing Systems 25 (NIPS)},
  YEAR={2012},
    pages={3212--3220}
}

@inproceedings{garivier2016optimal,
    title={Optimal best arm identification with fixed confidence},
    author={Garivier, Aur{\'e}lien and Kaufmann, Emilie},
    booktitle={29th Annual Conference on Learning Theory (COLT)},
    pages={998--1027},
    year={2016}
}

@inproceedings{hanna2022solving,
  title={Solving Multi-Arm Bandit Using a Few Bits of Communication},
  author =       {Hanna, Osama A. and Yang, Lin and Fragouli, Christina},
  booktitle = 	 {Proceedings of The 25th International Conference on Artificial Intelligence and Statistics (AISTATS)},
  pages={11215--11236},
  year={2022},
   
}

@inproceedings{hillel2013distributed, 
    author = {Hillel, Eshcar and Karnin, Zohar and Koren, Tomer and Lempel, Ronny and Somekh, Oren}, 
    title = {Distributed exploration in Multi-Armed Bandits}, 
    year = {2013}, 
    booktitle = {Advances in Neural Information Processing Systems 26  (NIPS)}, 
    pages = {854–862}
}

@article{howard2022sequential,
  title={{Sequential estimation of quantiles with applications to A/B testing and best-arm identification}},
  author={Howard, Steven R and Ramdas, Aaditya},
  journal={Bernoulli},
  volume={28},
  number={3},
  pages={1704--1728},
  year={2022},
  publisher={Bernoulli Society for Mathematical Statistics and Probability}
}

@INPROCEEDINGS{jamieson2014best,
  author={Jamieson, Kevin and Nowak, Robert},
  booktitle={48th Annual Conference on Information Sciences and Systems (CISS)}, 
  title={Best-arm identification algorithms for multi-armed bandits in the fixed confidence setting}, 
  year={2014},
  pages={1-6}
}

@inproceedings{jamieson2014lil,
  title={lil’{UCB}: An optimal exploration algorithm for multi-armed bandits},
  author={Jamieson, Kevin and Malloy, Matthew and Nowak, Robert and Bubeck, S{\'e}bastien},
  booktitle={27th Annual Conference on Learning Theory (COLT)},
  pages={423--439},
  year={2014},
   
}

@inproceedings{karnin2013almost,
    title={Almost optimal exploration in multi-armed bandits},
    author={Karnin, Zohar and Koren, Tomer and Somekh, Oren},
    booktitle={Proceedings of the 30th International Conference on Machine Learning (ICML)},
    pages={1238--1246},
    volume = {28},
    year={2013}
}

@article{kaufmann2016complexity,
  title={On the complexity of best-arm identification in multi-armed bandit models},
  author={Kaufmann, Emilie and Capp{\'e}, Olivier and Garivier, Aur{\'e}lien},
  journal={Journal of Machine Learning Research},
  volume={17},
  number={1},
  pages={1--42},
  year={2016}
}

@article{mannor2004sample,
  title={The sample complexity of exploration in the multi-armed bandit problem},
  author={Mannor, Shie and Tsitsiklis, John N},
  journal={Journal of Machine Learning Research},
  volume={5},
  pages={623--648},
  year={2004}
}

@inproceedings{mayekar2023communication,
  title={{Communication-constrained bandits under additive Gaussian noise}},
  author={Mayekar, Prathamesh and Scarlett, Jonathan and Tan, Vincent YF},
  booktitle = {Proceedings of the 40th International Conference on Machine Learning (ICML)},
  pages={24236--24250},
  year={2023},
   
}

@inproceedings{mitra2023linear,
  title={Linear stochastic bandits over a bit-constrained channel},
  author={Mitra, Aritra and Hassani, Hamed and Pappas, George J},
  booktitle={Proceedings of The 5th Annual Learning for Dynamics and Control Conference (L4DC)},
  pages={1387--1399},
  year={2023},
   
}

@article{nikolakakis2021quantile,
  title={Quantile multi-armed bandits: Optimal best-arm identification and a differentially private scheme},
  author={Nikolakakis, Konstantinos E and Kalogerias, Dionysios S and Sheffet, Or and Sarwate, Anand D},
  journal={IEEE Journal on Selected Areas in Information Theory},
  volume={2},
  number={2},
  pages={534--548},
  year={2021},
  publisher={IEEE}
}

@inproceedings{reda2022nearoptimal,
    title={Near-Optimal Collaborative Learning in Bandits},
    author={Cl{\'e}mence R{\'e}da and Sattar Vakili and Emilie Kaufmann},
    booktitle={Advances in Neural Information Processing Systems 35  (NeurIPS)},
    year={2022},
    pages={14183--14195},
    volume={35}
}

@InProceedings{salgia2023distributed,
  title = 	 {Distributed Linear Bandits under Communication Constraints},
  author =       {Salgia, Sudeep and Zhao, Qing},
  booktitle = 	 {Proceedings of the 40th International Conference on Machine Learning (ICML)},
  pages = 	 {29845--29875},
  year = 	 {2023}
}

@article{slivkins2019introduction,
year = {2019},
volume = {12},
journal = {Foundations and Trends® in Machine Learning},
title = {Introduction to Multi-Armed Bandits},
number = {1-2},
pages = {1-286},
author = {Aleksandrs Slivkins }
}

@InProceedings{szorenyi2015qualitative,
  title = 	 {Qualitative Multi-Armed Bandits: A Quantile-Based Approach},
  author = 	 {Szorenyi, Balazs and Busa-Fekete, Robert and Weng, Paul and Hüllermeier, Eyke},
  booktitle = {{Proceedings of the 32nd International Conference on Machine Learning (ICML)}},
  pages = 	 {1660--1668},
  year = 	 {2015}
}

@inproceedings{tan2022survey,
	author = {Tan, Vincent Y. F. and L.A., Prashanth and Jagannathan, Krishna},
	booktitle = {Proceedings of the Thirty-First International Joint Conference on Artificial Intelligence (IJCAI)},
	pages = {5623--5629},
	title = {A Survey of Risk-Aware Multi-Armed Bandits},
	year = {2022},
}

@inproceedings{tao2019collaborative,
  title={Collaborative learning with limited interaction: Tight bounds for distributed exploration in multi-armed bandits},
  author={Tao, Chao and Zhang, Qin and Zhou, Yuan},
  booktitle={2019 IEEE 60th Annual Symposium on Foundations of Computer Science (FOCS)},
  pages={126--146},
  year={2019}
}

@article{thompson1933likelihood,
  title={On the likelihood that one unknown probability exceeds another in view of the evidence of two samples},
  author={Thompson, William R},
  journal={Biometrika},
  volume={25},
  number={3-4},
  pages={285--294},
  year={1933},
  publisher={Oxford University Press}
}

@inproceedings{torossian2019mathcal,
  title={$\mathcal{X}$-Armed Bandits: Optimizing Quantiles, {CVaR} and Other Risks},
  author={Torossian, L{\'e}onard and Garivier, Aur{\'e}lien and Picheny, Victor},
  booktitle={Asian Conference on Machine Learning},
  pages={252--267},
  year={2019},
   
}

@article{vial2020one,
  title={One-bit feedback is sufficient for upper confidence bound policies},
  author={Vial, Daniel and Shakkottai, Sanjay and Srikant, R},
  journal={arXiv:2012.02876},
  year={2020}
}

@inproceedings{yu2013sample,
  title={Sample Complexity of Risk-Averse Bandit-Arm Selection},
  author={Yu, Jia Yuan and Nikolova, Evdokia},
  booktitle={International Joint Conference on Artificial Intelligence (IJCAI)},
  pages={2576--2582},
  year={2013}
}

@inproceedings{zhang2021quantile,
  title={Quantile bandits for best arms identification},
  author={Zhang, Mengyan and Ong, Cheng Soon},
  booktitle = 	 {Proceedings of the 38th International Conference on Machine Learning (ICML)},
  pages={12513--12523},
  year={2021},
   
}

