@inproceedings{acsac/0021ZCPTLY23,
  author       = {Yu Zheng and
                  Qizhi Zhang and
                  Sherman S. M. Chow and
                  Yuxiang Peng and
                  Sijun Tan and
                  Lichun Li and
                  Shan Yin},
  title        = {Secure Softmax/Sigmoid for Machine-learning Computation},
  booktitle    = {ACSAC},
  pages        = {463--476},
  year         = {2023}
}

@inproceedings{adma/ZhengSDCLZW23,
  author       = {Yu Zheng and
                  Wei Song and
                  Minxin Du and
                  Sherman S. M. Chow and
                  Qian Lou and
                  Yongjun Zhao and
                  Xiuhua Wang},
  title        = {Cryptography-Inspired Federated Learning for Generative Adversarial
                  Networks and Meta Learning},
  booktitle    = {Advanced Data Mining and Applications - 19th International Conference,
                  {ADMA}, Part
                  {II}},
  series       = {Lecture Notes in Computer Science},
  volume       = {14177},
  pages        = {393--407},
  year         = {2023}
}

@article{aim/SenNBGGE08,
  author       = {Prithviraj Sen and
                  Galileo Namata and
                  Mustafa Bilgic and
                  Lise Getoor and
                  Brian Gallagher and
                  Tina Eliassi{-}Rad},
  title        = {Collective Classification in Network Data},
  journal      = {{AI} Mag.},
  volume       = {29},
  number       = {3},
  pages        = {93--106},
  year         = {2008}
}

@inproceedings{asiaccs/MonoG23,
  author       = {Johannes Mono and
                  Tim G{\"{u}}neysu},
  title        = {Implementing and Optimizing Matrix Triples with Homomorphic Encryption},
  booktitle    = {AsiaCCS},
  pages        = {29--40},
  year         = {2023}
}

@inproceedings{asiacrypt/0030KRRSW20,
  author       = {Hao Chen and
                  Miran Kim and
                  Ilya P. Razenshteyn and
                  Dragos Rotaru and
                  Yongsoo Song and
                  Sameer Wagh},
  title        = {Maliciously Secure Matrix Multiplication with Applications to Private
                  Deep Learning},
  booktitle    = {Asiacrypt Part {III}},
  pages        = {31--59},
  year         = {2020}
}

@book{banerjee2014linear,
  title={Linear algebra and matrix analysis for statistics},
  author={Banerjee, Sudipto and Roy, Anindya},
  year={2014},
  publisher={CRC Press},
address={New York},
}

@inproceedings{bunch1974triangular,
  title={Triangular factorization and inversion by fast matrix multiplication},
  author={Bunch, James R and Hopcroft, John E},
  booktitle={Mathematics of Computation},
  pages        = {308--313},
  year={1974}
}

@inproceedings{ccs/ABY318,
	author    = {Payman Mohassel and
	Peter Rindal},
	title     = {{ABY3: A} Mixed Protocol Framework for Machine Learning},
	booktitle = {CCS},
    pages     = {35--52},
	year      = {2018}
}

@inproceedings{ccs/Araki0OPRT21,
  author       = {Toshinori Araki and
                  Jun Furukawa and
                  Kazuma Ohara and
                  Benny Pinkas and
                  Hanan Rosemarin and
                  Hikaru Tsuchida},
  title        = {Secure Graph Analysis at Scale},
  booktitle    = {CCS},
  pages        = {610--629},
  year         = {2021}
}

@inproceedings{ccs/AsharovHIKNPTT22,
  author       = {Gilad Asharov and
                  Koki Hamada and
                  Dai Ikarashi and
                  Ryo Kikuchi and
                  Ariel Nof and
                  Benny Pinkas and
                  Katsumi Takahashi and
                  Junichi Tomida},
  title        = {Efficient Secure Three-Party Sorting with Applications to Data Analysis
                  and Heavy Hitters},
  booktitle    = {CCS},
  pages        = {125--138},
  year         = {2022}
}

@inproceedings{ccs/AttrapadungH0MO21,
  author    = {Nuttapong Attrapadung and
               Goichiro Hanaoka and
               Takahiro Matsuda and
               Hiraku Morita and
               Kazuma Ohara and
               Jacob C. N. Schuldt and
               Tadanori Teruya and
               Kazunari Tozawa},
  title     = {Oblivious Linear Group Actions and Applications},
  booktitle = {CCS},
  pages        = {630--650},
  year      = {2021}
}

@inproceedings{ccs/JiangKLS18,
  author       = {Xiaoqian Jiang and
                  Miran Kim and
                  Kristin E. Lauter and
                  Yongsoo Song},
  title        = {Secure Outsourced Matrix Computation and Application to Neural Networks},
  booktitle    = {CCS},
  pages        = {1209--1222},
  year         = {2018},
  biburl       = {https://dblp.org/rec/conf/ccs/JiangKLS18.bib},
}

@inproceedings{ccs/KotiKPG24,
  author       = {Nishat Koti and
                  Varsha Bhat Kukkala and
                  Arpita Patra and
                  Bhavish Raj Gopal},
  title        = {Graphiti: Secure Graph Computation Made More Scalable},
  booktitle    = {Proceedings of the 2024 on {ACM} {SIGSAC} Conference on Computer and
                  Communications Security, {CCS}},
  pages        = {4017--4031},
  publisher    = {{ACM}},
  year         = {2024}
}

@inproceedings{ccs/LiuJLA17,
  author       = {Jian Liu and
                  Mika Juuti and
                  Yao Lu and
                  N. Asokan},
  title        = {Oblivious Neural Network Predictions via MiniONN Transformations},
  booktitle    = {CCS},
  pages        = {619--631},
  publisher    = {{ACM}},
  year         = {2017}
}

@inproceedings{ccs/RatheeRKCGRS20,
	author    = {Deevashwer Rathee and
	Mayank Rathee and
	Nishant Kumar and
	Nishanth Chandran and
	Divya Gupta and
	Aseem Rastogi and
	Rahul Sharma},
	title     = {{CrypTFlow2: P}ractical 2-Party Secure Inference},
	booktitle = {CCS},
    pages        = {325--342},
	year      = {2020}
}

@inproceedings{ccs/SajadmaneshG21,
	author    = {Sina Sajadmanesh and
	Daniel Gatica{-}Perez},
	title     = {Locally Private Graph Neural Networks},
	booktitle = {CCS},
    pages = {2130--2145},
	year      = {2021}
}

@inproceedings{ccs/SchoppmannG0P19,
	author    = {Phillipp Schoppmann and
	Adri{\`{a}} Gasc{\'{o}}n and
	Mariana Raykova and
	Benny Pinkas},
	title     = {Make Some {ROOM} for the Zeros: Data Sparsity in Secure Distributed
	Machine Learning},
	booktitle = {CCS},
    pages        = {1335--1350},
	year      = {2019}
}

@inproceedings{ccs/ZouLSLXX24,
    author       = {Zhenhua Zou and
                  Zhuotao Liu and
                  Jinyong Shan and
                  Qi Li and
                  Ke Xu and
                  Mingwei Xu},
  title        = {{CoGNN: T}owards Secure and Efficient Collaborative Graph Learning},
  booktitle      = {CCS},
  year         = {2024}
}

@misc{corr/abs-2104-07145,
	author    = {Chaoyang He and
	Keshav Balasubramanian and
	Emir Ceyani and
	Yu Rong and
	Peilin Zhao and
	Junzhou Huang and
	Murali Annavaram and
	Salman Avestimehr},
	title     = {{FedGraphNN: A} Federated Learning System and Benchmark for Graph
	Neural Networks},
    howpublished      = {arXiv 2104.07145},
    pages = {},
	year      = {2021}
}

@misc{iacr/BoumanV18,
  author    = {Niek J. Bouman and
               Niels de Vreede},
  title     = {New Protocols for Secure Linear Algebra: Pivoting-Free Elimination
               and Fast Block-Recursive Matrix Decomposition},
  howpublished   = {{IACR} Cryptol. ePrint Arch. 2018/703},
  year      = {2018}
}

@inproceedings{icml/bachrach16,
  title = 	 {CryptoNets: Applying Neural Networks to Encrypted Data with High Throughput and Accuracy},
  author = 	 {Gilad-Bachrach, Ran and Dowlin, Nathan and Laine, Kim and Lauter, Kristin and Naehrig, Michael and Wernsing, John},
  booktitle = 	 {ICML},
  pages = 	 {201--210},
  year = 	 {2016},
  volume = 	 {48},
  series = 	 {Proceedings of Machine Learning Research},
  publisher =    {PMLR},
}

@inproceedings{isit/XhemrishiBW22,
  author       = {Marvin Xhemrishi and
                  Rawad Bitar and
                  Antonia Wachter{-}Zeh},
  title        = {Distributed Matrix-Vector Multiplication with Sparsity and Privacy
                  Guarantees},
  booktitle    = {ISIT},
  pages        = {1028--1033},
  year         = {2022}
}

@inproceedings{kdd/0001ZWWFTWLWH21,
  author    = {Chaochao Chen and
               Jun Zhou and
               Li Wang and
               Xibin Wu and
               Wenjing Fang and
               Jin Tan and
               Lei Wang and
               Alex X. Liu and
               Hao Wang and
               Cheng Hong},
  title     = {When Homomorphic Encryption Marries Secret Sharing: Secure Large-Scale
               Sparse Logistic Regression and Applications in Risk Control},
  booktitle = {KDD},
  pages     = {2652--2662},
  year      = {2021}
}

@inproceedings{ndss/ABY15,
	author    = {Daniel Demmler and
	Thomas Schneider and
	Michael Zohner},
	title     = {{ABY}: A Framework for Efficient Mixed-Protocol Secure Two-Party Computation},
	booktitle = {NDSS},
    pages = {},
	year      = {2015}
}

@inproceedings{ndss/SongYBDC23,
	author    = {Xiangfu Song and
                  Dong Yin and
                  Jianli Bai and
                  Changyu Dong and
                  Ee{-}Chien Chang},
	title     = {Secret-Shared Shuffle with Malicious Security},
	booktitle = {NDSS},
    pages = {},
	year      = {2024}
}

@inproceedings{neurips/crypten2020,
  author={B. Knott and S. Venkataraman and A.Y. Hannun and S. Sengupta and M. Ibrahim and L.J.P. van der Maaten},
  title={{CrypTen: S}ecure Multi-Party Computation Meets Machine Learning},
  booktitle={NeurIPS},
  pages  = {4961--4973},
  year={2021}
}

@inproceedings{nips/CuiCLYW21,
  author       = {Jinming Cui and
                  Chaochao Chen and
                  Lingjuan Lyu and
                  Carl J. Yang and
                  Li Wang},
  title        = {Exploiting Data Sparsity in Secure Cross-Platform Social Recommendation},
  booktitle    = {NeurIPS},
  pages        = {10524--10534},
  year         = {2021}
}

@inproceedings{nips/PengRLZHTGWXWD23,
  author       = {Hongwu Peng and
                  Ran Ran and
                  Yukui Luo and
                  Jiahui Zhao and
                  Shaoyi Huang and
                  Kiran Thorat and
                  Tong Geng and
                  Chenghong Wang and
                  Xiaolin Xu and
                  Wujie Wen and
                  Caiwen Ding},
  title        = {{LinGCN: S}tructural Linearized Graph Convolutional Network for Homomorphically
                  Encrypted Inference},
  booktitle    = {NeurIPS},
  year         = {2023}
}

@inproceedings{nips/RanWGYXW22,
  author       = {Ran Ran and
                  Wei Wang and
                  Quan Gang and
                  Jieming Yin and
                  Nuo Xu and
                  Wujie Wen},
  title        = {{CryptoGCN: F}ast and Scalable Homomorphically Encrypted Graph Convolutional
                  Network Inference},
  booktitle    = {NeurIPS},
  year         = {2022}
}

@inproceedings{nips/RanXLWQW23,
  author       = {Ran Ran and
                  Nuo Xu and
                  Tao Liu and
                  Wei Wang and
                  Gang Quan and
                  Wujie Wen},
  title        = {Penguin: {P}arallel-Packed Homomorphic Encryption for Fast Graph Convolutional
                  Network Inference},
  booktitle    = {NeurIPS},
  year         = {2023}
}

@inproceedings{nips/WuYY21,
  author       = {Qitian Wu and
                  Chenxiao Yang and
                  Junchi Yan},
  title        = {Towards Open-World Feature Extrapolation: An Inductive Graph Learning
                  Approach},
  booktitle    = {NeurIPS},
  pages        = {19435--19447},
  year         = {2021}
}

@article{pvldb/PatwaSGMR23,
  author       = {Shweta Patwa and
                  Danyu Sun and
                  Amir Gilad and
                  Ashwin Machanavajjhala and
                  Sudeepa Roy},
  title        = {{DP-PQD:} Privately Detecting Per-Query Gaps In Synthetic Data Generated
                  By Black-Box Mechanisms},
  journal      = {Proc. {VLDB} Endow.},
  volume       = {17},
  number       = {1},
  pages        = {65--78},
  year         = {2023}
}

@inproceedings{sp/MohasselZ17,
	author    = {Payman Mohassel and
	Yupeng Zhang},
	title     = {{SecureML: A} System for Scalable Privacy-Preserving Machine Learning},
	booktitle = {S\&P},
    pages        = {19--38},
	year      = {2017}
}

@inproceedings{sp/NayakWIWTS15,
  author       = {Kartik Nayak and
                  Xiao Shaun Wang and
                  Stratis Ioannidis and
                  Udi Weinsberg and
                  Nina Taft and
                  Elaine Shi},
  title        = {{GraphSC: P}arallel Secure Computation Made Easy},
  booktitle    = {S\&P},
  pages        = {377--394},
  year         = {2015}
}

@inproceedings{sp21/TanKTW,
  author     = {Sijun Tan and Brian Knott and Yuan Tian and David J. Wu},
  title      = {\textsc{CryptGPU}: Fast Privacy-Preserving Machine Learning on the {GPU}},
  booktitle  = {S\&P},
  pages        = {1021--1038},
  year       = {2021}
}

@article{tifs/BitarEWX24,
  author       = {Rawad Bitar and
                  Maximilian Egger and
                  Antonia Wachter{-}Zeh and
                  Marvin Xhemrishi},
  title        = {Sparsity and Privacy in Secret Sharing: {A} Fundamental Trade-Off},
  journal      = {{IEEE} Trans. Inf. Forensics Secur.},
  volume       = {19},
  pages        = {5136--5150},
  year         = {2024}
}

@inproceedings{tnn/WuPCLZY21,
	author    = {Zonghan Wu and
	Shirui Pan and
	Fengwen Chen and
	Guodong Long and
	Chengqi Zhang and
	Philip S. Yu},
	title     = {A Comprehensive Survey on Graph Neural Networks},
	booktitle   = {{IEEE} T. Neural Net. Learn. Sys.},
    number       = {1},
    pages        = {4--24},
	year      = {2021}
}
%{IEEE}

@article{tsc/WangZJ23,
  author       = {Songlei Wang and
                  Yifeng Zheng and
                  Xiaohua Jia},
  title        = {{SecGNN: P}rivacy-Preserving Graph Neural Network Training and Inference
                  as a Cloud Service},
  journal      = {{IEEE} Trans. Serv. Comput.},
  volume       = {16},
  number       = {4},
  pages        = {2923--2938},
  year         = {2023},
  biburl       = {https://dblp.org/rec/journals/tsc/WangZJ23.bib},
}

@inproceedings{uss/DuanYCZ10,
  author    = {Yitao Duan and
               NetEase Youdao and
               John F. Canny and
               Justin Z. Zhan},
  title     = {{P4P: P}ractical Large-Scale Privacy-Preserving Distributed Computation Robust against Malicious Users},
  booktitle = {Usenix Security},
  pages        = {207--222},
  year      = {2010}
}

@inproceedings{uss/JiaSZDG22,
  author       = {Yanxue Jia and
                  Shifeng Sun and
                  Hong{-}Sheng Zhou and
                  Jiajun Du and
                  Dawu Gu},
  title        = {Shuffle-based Private Set Union: Faster and More Secure},
  booktitle    = {Usenix Security},
  pages        = {2947--2964},
  year         = {2022}
}

@inproceedings{uss/JuvekarVC18,
  author       = {Chiraag Juvekar and
                  Vinod Vaikuntanathan and
                  Anantha P. Chandrakasan},
  title        = {GAZELLE: {A} Low Latency Framework for Secure Neural Network Inference},
  booktitle    = {Usenix Security},
  pages        = {1651--1669},
  year         = {2018}
}

@inproceedings{uss/NgC21,
  author       = {Lucien K. L. Ng and
                  Sherman S. M. Chow},
  title        = {{GForce: GPU}-Friendly Oblivious and Rapid Neural Network Inference},
  booktitle    = {Usenix Security},
  pages        = {2147--2164},
  year         = {2021}
}

@inproceedings{uss/WatsonWP22,
	author    = {Jean{-}Luc Watson and
	Sameer Wagh and
	Raluca Ada Popa},
	title     = {Piranha: {A} {GPU} Platform for Secure Computation},
	booktitle = {Usenix Security},
    pages        = {827--844},
	year      = {2022}
}

@inproceedings{uss/XuL0AYY24,
  author       = {Zhibo Xu and
                  Shangqi Lai and
                  Xiaoning Liu and
                  Alsharif Abuadbba and
                  Xingliang Yuan and
                  Xun Yi},
  title        = {OblivGNN: Oblivious Inference on Transductive and Inductive Graph
                  Neural Network},
  booktitle    = {33rd {USENIX} Security Symposium, {USENIX} Security},
  publisher    = {{USENIX} Association},
  year         = {2024}
}

