@inproceedings{nips/HamiltonYL17,
	author    = {William L. Hamilton and
	Zhitao Ying and
	Jure Leskovec},
	title     = {Inductive Representation Learning on Large Graphs},
    pages        = {1024--1034},
	booktitle = {NeurIPS},
	year      = {2017}
}

@inproceedings{tnn/WuPCLZY21,
	author    = {Zonghan Wu and
	Shirui Pan and
	Fengwen Chen and
	Guodong Long and
	Chengqi Zhang and
	Philip S. Yu},
	title     = {A Comprehensive Survey on Graph Neural Networks},
	booktitle   = {{IEEE} T. Neural Net. Learn. Sys.},
    number       = {1},
    pages        = {4--24},
	year      = {2021}
}
%{IEEE} Trans. Neural Networks Learn. Syst.

@inproceedings{iclr/KipfW17,
	author    = {Thomas N. Kipf and
	Max Welling},
	title     = {Semi-Supervised Classification with Graph Convolutional Networks},
	booktitle = {ICLR},
    pages = {},
	year      = {2017}
}

@inproceedings{kdd/0001ZWWFTWLWH21,
  author    = {Chaochao Chen and
               Jun Zhou and
               Li Wang and
               Xibin Wu and
               Wenjing Fang and
               Jin Tan and
               Lei Wang and
               Alex X. Liu and
               Hao Wang and
               Cheng Hong},
  title     = {When Homomorphic Encryption Marries Secret Sharing: Secure Large-Scale
               Sparse Logistic Regression and Applications in Risk Control},
  booktitle = {KDD},
  pages     = {2652--2662},
  year      = {2021}
}

@inproceedings{ccs/SchoppmannG0P19,
	author    = {Phillipp Schoppmann and
	Adri{\`{a}} Gasc{\'{o}}n and
	Mariana Raykova and
	Benny Pinkas},
	title     = {Make Some {ROOM} for the Zeros: Data Sparsity in Secure Distributed
	Machine Learning},
	booktitle = {CCS},
    pages        = {1335--1350},
	year      = {2019}
}


@article{popets/AttrapadungHIKM22,
	author    = {Nuttapong Attrapadung and
	Koki Hamada and
	Dai Ikarashi and
	Ryo Kikuchi and
	Takahiro Matsuda and
	Ibuki Mishina and
	Hiraku Morita and
	Jacob C. N. Schuldt},
	title     = {Adam in Private: {S}ecure and Fast Training of Deep Neural Networks
	with Adaptive Moment Estimation},
    number       = {4},
    pages        = {746--767},
	journal   = {PoPETs},
	year      = {2022}
}

@inproceedings{sp/RuanXFWWH23,
  author       = {Wenqiang Ruan and
                  Mingxin Xu and
                  Wenjing Fang and
                  Li Wang and
                  Lei Wang and
                  Weili Han},
  title        = {Private, Efficient, and Accurate: Protecting Models Trained by Multi-party
                  Learning with Differential Privacy},
  booktitle    = {S\&P},
  pages        = {1926--1943},
  year         = {2023}
}

@inproceedings{ccs/SajadmaneshG21,
	author    = {Sina Sajadmanesh and
	Daniel Gatica{-}Perez},
	title     = {Locally Private Graph Neural Networks},
	booktitle = {CCS},
    pages = {2130--2145},
	year      = {2021}
}

@misc{corr/abs-2104-07145,
	author    = {Chaoyang He and
	Keshav Balasubramanian and
	Emir Ceyani and
	Yu Rong and
	Peilin Zhao and
	Junzhou Huang and
	Murali Annavaram and
	Salman Avestimehr},
	title     = {{FedGraphNN: A} Federated Learning System and Benchmark for Graph
	Neural Networks},
    howpublished      = {arXiv 2104.07145},
    pages = {},
	year      = {2021}
}

@book{daglib/0091060,
	author    = {Peter J. Hilton and
	Urs Stammbach},
	title     = {A course in homological algebra, Second Edition},
	year      = {1997}
}

@inproceedings{nips/CuiCLYW21,
  author       = {Jinming Cui and
                  Chaochao Chen and
                  Lingjuan Lyu and
                  Carl J. Yang and
                  Li Wang},
  title        = {Exploiting Data Sparsity in Secure Cross-Platform Social Recommendation},
  booktitle    = {NeurIPS},
  pages        = {10524--10534},
  year         = {2021}
}

@inproceedings{ispec/Liedel12,
	author    = {Manuel Liedel},
	title     = {Secure Distributed Computation of the Square Root and Applications},
	booktitle = {ISPEC},
    pages        = {277--288},
	year      = {2012}
}

@inproceedings{icml/Keller022,
	author    = {Marcel Keller and
	Ke Sun},
	title     = {Secure Quantized Training for Deep Learning},
	booktitle = {ICML},
    pages        = {10912--10938},
	year      = {2022}
}

@inproceedings{crypto/Beaver91a,
	author    = {Donald Beaver},
	title     = {Efficient Multiparty Protocols Using Circuit Randomization},
	booktitle = {CRYPTO},
    pages        = {420--432},
	year      = {1991}
}

@article{popets/WaghGC19,
  author    = {Sameer Wagh and
               Divya Gupta and
               Nishanth Chandran},
  title     = {{SecureNN}: 3-Party Secure Computation for Neural Network Training},
  journal   = {PoPETS},
  number       = {3},
  pages        = {26--49},
  year      = {2019}
}

@inproceedings{iclr/KingmaB14,
  author    = {Diederik P. Kingma and
               Jimmy Ba},
  title     = {Adam: {A} Method for Stochastic Optimization},
  booktitle = {ICLR},
  pages     = {},
  year      = {2015}
}

@inproceedings{ccs/LuFHH0QZ020,
  author    = {Wen{-}jie Lu and
               Yixuan Fang and
               Zhicong Huang and
               Cheng Hong and
               Chaochao Chen and
               Hunter Qu and
               Yajin Zhou and
               Kui Ren},
  title     = {Faster Secure Multiparty Computation of Adaptive Gradient Descent},
  booktitle = {PPMLP'20@CCS},
  pages     = {47--49},
  year      = {2020}
}

@inproceedings{ccs/0002SKG19,
  author    = {Nitin Agrawal and
               Ali Shahin Shamsabadi and
               Matt J. Kusner and
               Adri{\`{a}} Gasc{\'{o}}n},
  title     = {{QUOTIENT:} Two-Party Secure Neural Network Training and Prediction},
  booktitle = {CCS},
  pages        = {1231--1247},
  year      = {2019}
}

@article{nature/fawzi2022discovering,
  title = {Discovering faster matrix multiplication algorithms with reinforcement learning},
  author = {Fawzi Alhussein and Balog Matej and Huang Aja and Hubert Thomas and Romera-Paredes Bernardino and Barekatain Mohammadamin and Novikov, Alexander and R Ruiz Francisco J and Schrittwieser  Julian and Swirszcz  Grzegorz and others},
  journal = {Nature},
  volume       = {610},
  number       = {7930},
  pages        = {47--53},
  year={2022}
}

@inproceedings{fc/CatrinaS10,
  author    = {Octavian Catrina and
               Amitabh Saxena},
  title     = {Secure Computation with Fixed-Point Numbers},
  booktitle = {FC},
  pages        = {35--50},
  year      = {2010}
}

@inproceedings{iclr/ReddiKK18,
  author    = {Sashank J. Reddi and
               Satyen Kale and
               Sanjiv Kumar},
  title     = {On the Convergence of Adam and Beyond},
  booktitle = {ICLR},
  year      = {2018}
}

@article{ir/McCallumNRS00,
  author    = {Andrew McCallum and
               Kamal Nigam and
               Jason Rennie and
               Kristie Seymore},
  title     = {Automating the Construction of Internet Portals with Machine Learning},
  journal   = {Inf. Retr.},
  volume       = {3},
  number       = {2},
  pages        = {127--163},
  year      = {2000}
}

@inproceedings{asiacrypt/ChaseGP20,
  author    = {Melissa Chase and
               Esha Ghosh and
               Oxana Poburinnaya},
  title     = {Secret-Shared Shuffle},
  booktitle = {ASIACRYPT},
  pages        = {342--372},
  year      = {2020}
}

@inproceedings{cikm/FangZT0YWWZZ21,
  author    = {Wenjing Fang and
               Derun Zhao and
               Jin Tan and
               Chaochao Chen and
               Chaofan Yu and
               Li Wang and
               Lei Wang and
               Jun Zhou and
               Benyu Zhang},
  title     = {Large-scale Secure {XGB} for Vertical Federated Learning},
  booktitle = {CIKM},
  pages     = {443--452},
  year      = {2021}
}

@inproceedings{sp21/TanKTW,
  author     = {Sijun Tan and Brian Knott and Yuan Tian and David J. Wu},
  title      = {\textsc{CryptGPU}: Fast Privacy-Preserving Machine Learning on the {GPU}},
  booktitle  = {S\&P},
  pages        = {1021--1038},
  year       = {2021}
}

@inproceedings{uss/WatsonWP22,
	author    = {Jean{-}Luc Watson and
	Sameer Wagh and
	Raluca Ada Popa},
	title     = {Piranha: {A} {GPU} Platform for Secure Computation},
	booktitle = {Usenix Security},
    pages        = {827--844},
	year      = {2022}
}

@inproceedings{sp/MohasselZ17,
	author    = {Payman Mohassel and
	Yupeng Zhang},
	title     = {{SecureML: A} System for Scalable Privacy-Preserving Machine Learning},
	booktitle = {S\&P},
    pages        = {19--38},
	year      = {2017}
}

@inproceedings{ccs/ABY318,
	author    = {Payman Mohassel and
	Peter Rindal},
	title     = {{ABY3: A} Mixed Protocol Framework for Machine Learning},
	booktitle = {CCS},
    pages     = {35--52},
	year      = {2018}
}

@article{popets/WaghTBKMR21,
  title={{Falcon: H}onest-Majority Maliciously Secure Framework for Private Deep Learning},
  author={Wagh, Sameer and Tople, Shruti and Benhamouda, Fabrice and Kushilevitz, Eyal and Mittal, Prateek and Rabin, Tal},
  journal={PoPETS},
  volume       = {2021},
  number       = {1},
  pages        = {188--208},
  year={2021}
}

@inproceedings{uss/Delphi20,
    author       = {Pratyush Mishra and
		    Ryan Lehmkuhl and
		    Akshayaram Srinivasan and
		    Wenting Zheng and
		    Raluca Ada Popa},
    title        = {Delphi: {A} Cryptographic Inference Service for Neural Networks},
    booktitle = {Usenix Security},
    pages        = {2505--2522},
    year         = {2020}
}

@inproceedings{uss/MazloomLRG20,
  author    = {Sahar Mazloom and
               Phi Hung Le and
               Samuel Ranellucci and
               S. Dov Gordon},
  title     = {Secure parallel computation on national scale volumes of data},
  booktitle = {USENIX Security},
  year      = {2020}
}

@inproceedings{ccs/MohasselRR20,
  author    = {Payman Mohassel and
               Peter Rindal and
               Mike Rosulek},
  title     = {Fast Database Joins and {PSI} for Secret Shared Data},
  booktitle = {CCS},
  pages        = {1271--1287},
  year      = {2020}
}

@inproceedings{ccs/RiaziWTS0K18,
	author    = {M. Sadegh Riazi and
	Christian Weinert and
	Oleksandr Tkachenko and
	Ebrahim M. Songhori and
	Thomas Schneider and
	Farinaz Koushanfar},
	title     = {Chameleon: {A} Hybrid Secure Computation Framework for Machine Learning
	Applications},
	booktitle = {AsiaCCS},
    pages        = {707--721},
	year      = {2018}
}

@inproceedings{taas,
  author =  {Nigel P. Smart and
                  Titouan Tanguy},
  title =        {TaaS: Commodity {MPC} via Triples-as-a-Service},
  booktitle = {CCSW@CCS},
  pages    = {105--116},
  year =        {2019}
}


@inproceedings{ndss/ABY15,
	author    = {Daniel Demmler and
	Thomas Schneider and
	Michael Zohner},
	title     = {{ABY}: A Framework for Efficient Mixed-Protocol Secure Two-Party Computation},
	booktitle = {NDSS},
    pages = {},
	year      = {2015}
}

@inproceedings{neurips/crypten2020,
  author={B. Knott and S. Venkataraman and A.Y. Hannun and S. Sengupta and M. Ibrahim and L.J.P. van der Maaten},
  title={{CrypTen: S}ecure Multi-Party Computation Meets Machine Learning},
  booktitle={NeurIPS},
  pages  = {4961--4973},
  year={2021}
}

@inproceedings{focs/Canetti01,
	author    = {Ran Canetti},
	title     = {Universally Composable Security: {A} New Paradigm for Cryptographic
	Protocols},
	booktitle = {FOCS},
    pages     = {136--145},
	year      = {2001}
}


@inproceedings{ccs/AttrapadungH0MO21,
  author    = {Nuttapong Attrapadung and
               Goichiro Hanaoka and
               Takahiro Matsuda and
               Hiraku Morita and
               Kazuma Ohara and
               Jacob C. N. Schuldt and
               Tadanori Teruya and
               Kazunari Tozawa},
  title     = {Oblivious Linear Group Actions and Applications},
  booktitle = {CCS},
  pages        = {630--650},
  year      = {2021}
}

@article{tsc/WangZJ23,
  author       = {Songlei Wang and
                  Yifeng Zheng and
                  Xiaohua Jia},
  title        = {{SecGNN: P}rivacy-Preserving Graph Neural Network Training and Inference
                  as a Cloud Service},
  journal      = {{IEEE} Trans. Serv. Comput.},
  volume       = {16},
  number       = {4},
  pages        = {2923--2938},
  year         = {2023},
  biburl       = {https://dblp.org/rec/journals/tsc/WangZJ23.bib},
}



@misc{iacr/BoumanV18,
  author    = {Niek J. Bouman and
               Niels de Vreede},
  title     = {New Protocols for Secure Linear Algebra: Pivoting-Free Elimination
               and Fast Block-Recursive Matrix Decomposition},
  howpublished   = {{IACR} Cryptol. ePrint Arch. 2018/703},
  year      = {2018}
}

@misc{matrixringwiki,
  title     = {Matrix Ring},
  howpublished   = {\url{https://en.wikipedia.org/wiki/Matrix_ring}}
}


@inproceedings{uss/DuanYCZ10,
  author    = {Yitao Duan and
               NetEase Youdao and
               John F. Canny and
               Justin Z. Zhan},
  title     = {{P4P: P}ractical Large-Scale Privacy-Preserving Distributed Computation Robust against Malicious Users},
  booktitle = {Usenix Security},
  pages        = {207--222},
  year      = {2010}
}

@inproceedings{folkerts2023redsec,
    author       = {Lars Folkerts and Charles Gouert and Nektarios Georgios Tsoutsos},
    title        = {REDsec: Running Encrypted Discretized Neural Networks in Seconds},
    booktitle = {NDSS},
    pages = {},
    year         = {2023}
}

@misc{iacr/ReisertRKK22,
  author    = {Pascal Reisert and
               Marc Rivinius and
               Toomas Krips and
               Ralf K{\"{u}}sters},
  title     = {Arithmetic Tuples for {MPC}},
  howppublished   = {{IACR} Cryptol. ePrint Arch. 2022/667},
  year      = {2022}
}

@inproceedings{ccs/RatheeRKCGRS20,
	author    = {Deevashwer Rathee and
	Mayank Rathee and
	Nishant Kumar and
	Nishanth Chandran and
	Divya Gupta and
	Aseem Rastogi and
	Rahul Sharma},
	title     = {{CrypTFlow2: P}ractical 2-Party Secure Inference},
	booktitle = {CCS},
    pages        = {325--342},
	year      = {2020}
}

@inproceedings{pkc/Tzeng02,
  author    = {Wen{-}Guey Tzeng},
  title     = {Efficient 1-Out-n Oblivious Transfer Schemes},
  booktitle = {PKC}, 
  pages        = {159--171},
  year      = {2002}
}

@inproceedings{eurocrypt/ChiesaHMMVW20,
  author       = {Alessandro Chiesa and
                  Yuncong Hu and
                  Mary Maller and
                  Pratyush Mishra and
                  Psi Vesely and
                  Nicholas P. Ward},
  title        = {Marlin: Preprocessing zkSNARKs with Universal and Updatable {SRS}},
  booktitle    = {EUROCRYPT},
  pages        = {738--768},
  year         = {2020}
}

@inproceedings{dl/GilesBL98,
  author       = {C. Lee Giles and
                  Kurt D. Bollacker and
                  Steve Lawrence},
  title        = {{CiteSeer: A}n Automatic Citation Indexing System},
  booktitle    = {ACM Dig. Lib.},
  pages        = {89--98},
  year         = {1998}
}


@article{aim/SenNBGGE08,
  author       = {Prithviraj Sen and
                  Galileo Namata and
                  Mustafa Bilgic and
                  Lise Getoor and
                  Brian Gallagher and
                  Tina Eliassi{-}Rad},
  title        = {Collective Classification in Network Data},
  journal      = {{AI} Mag.},
  volume       = {29},
  number       = {3},
  pages        = {93--106},
  year         = {2008}
}

@inproceedings{ijcnlp/DernoncourtL17,
  author       = {Franck Dernoncourt and
                  Ji Young Lee},
  title        = {PubMed 200k {RCT:} a Dataset for Sequential Sentence Classification
                  in Medical Abstracts},
  booktitle    = {IJCNLP},
  pages        = {308--313},
  year         = {2017}
}

@inproceedings{uss/NgC21,
  author       = {Lucien K. L. Ng and
                  Sherman S. M. Chow},
  title        = {{GForce: GPU}-Friendly Oblivious and Rapid Neural Network Inference},
  booktitle    = {Usenix Security},
  pages        = {2147--2164},
  year         = {2021}
}

@inproceedings{sp/NgC23,
  title        = {{SoK: C}ryptographic Neural-Network Computation},
  author       = {Lucien K. L. Ng and
                  Sherman S. M. Chow},
  booktitle    = {S\&P},
  pages        = {497--514},
  year         = {2023}
}

@inproceedings{bunch1974triangular,
  title={Triangular factorization and inversion by fast matrix multiplication},
  author={Bunch, James R and Hopcroft, John E},
  booktitle={Mathematics of Computation},
  pages        = {308--313},
  year={1974}
}

@book{banerjee2014linear,
  title={Linear algebra and matrix analysis for statistics},
  author={Banerjee, Sudipto and Roy, Anindya},
  year={2014},
  publisher={CRC Press},
address={New York},
}

@inproceedings{sp/RatheeRGGSCR21,
  author       = {Deevashwer Rathee and
                  Mayank Rathee and
                  Rahul Kranti Kiran Goli and
                  Divya Gupta and
                  Rahul Sharma and
                  Nishanth Chandran and
                  Aseem Rastogi},
  title        = {{SiRnn: A} Math Library for Secure {RNN} Inference},
  booktitle    = {S\&P},
  pages        = {1003--1020},
  year         = {2021}
}

@article{joc/Canetti00,
  author       = {Ran Canetti},
  title        = {Security and Composition of Multiparty Cryptographic Protocols},
  journal      = {J. Cryptol.},
  volume       = {13},
  number       = {1},
  pages        = {143--202},
  year         = {2000}
}

@inproceedings{fc/SchneiderZ13,
  author       = {Thomas Schneider and
                  Michael Zohner},
  title        = {{GMW} vs. Yao? Efficient Secure Two-Party Computation with Low Depth   Circuits},
  booktitle    = {FC},
  pages        = {275--292},
  year         = {2013}
}

@inproceedings{sp/17/Lindell17,
  author       = {Yehuda Lindell},
  title        = {How to Simulate It - {A} Tutorial on the Simulation Proof Technique},
  booktitle    = {Tutorials on the Foundations of Cryptography},
  pages        = {277--346},
  year         = {2017}
}


@inproceedings{acsac/0021ZCPTLY23,
  author       = {Yu Zheng and
                  Qizhi Zhang and
                  Sherman S. M. Chow and
                  Yuxiang Peng and
                  Sijun Tan and
                  Lichun Li and
                  Shan Yin},
  title        = {Secure Softmax/Sigmoid for Machine-learning Computation},
  booktitle    = {ACSAC},
  pages        = {463--476},
  year         = {2023}
}

@inproceedings{ccs_ppml/LuFHH0QZ020,
  author       = {Wen{-}jie Lu and
                  Yixuan Fang and
                  Zhicong Huang and
                  Cheng Hong and
                  Chaochao Chen and
                  Hunter Qu and
                  Yajin Zhou and
                  Kui Ren},
  title        = {Faster Secure Multiparty Computation of Adaptive Gradient Descent},
  booktitle    = {PPMLP@CCS},
  pages        = {47--49},
  year         = {2020}
}

@inproceedings{sp/NayakWIWTS15,
  author       = {Kartik Nayak and
                  Xiao Shaun Wang and
                  Stratis Ioannidis and
                  Udi Weinsberg and
                  Nina Taft and
                  Elaine Shi},
  title        = {{GraphSC: P}arallel Secure Computation Made Easy},
  booktitle    = {S\&P},
  pages        = {377--394},
  year         = {2015}
}

@inproceedings{ndss/SongYBDC23,
	author    = {Xiangfu Song and
                  Dong Yin and
                  Jianli Bai and
                  Changyu Dong and
                  Ee{-}Chien Chang},
	title     = {Secret-Shared Shuffle with Malicious Security},
	booktitle = {NDSS},
    pages = {},
	year      = {2024}
}

@inproceedings{crypto/ChaumDG87,
  author       = {David Chaum and
                  Ivan Damgard and
                  Jeroen van de Graaf},
  title        = {Multiparty Computations Ensuring Privacy of Each Party's Input and
                  Correctness of the Result},
  booktitle    = {CRYPTO},
  pages        = {87--119},
  year         = {1987}
}

@inproceedings{crypto/ChenC06,
  author       = {Hao Chen and
                  Ronald Cramer},
  title        = {Algebraic Geometric Secret Sharing Schemes and Secure Multi-Party
                  Computations over Small Fields},
  booktitle    = {CRYPTO},
  pages        = {521--536},
  year         = {2006}
}

@inproceedings{eurocrypt/CiampiRSW22,
  author       = {Michele Ciampi and
                  Divya Ravi and
                  Luisa Siniscalchi and
                  Hendrik Waldner},
  title        = {Round-Optimal Multi-party Computation with Identifiable Abort},
  booktitle    = {EUROCRYPT},
  pages        = {335--364},
  year         = {2022}
}

@inproceedings{ccs/Araki0OPRT21,
  author       = {Toshinori Araki and
                  Jun Furukawa and
                  Kazuma Ohara and
                  Benny Pinkas and
                  Hanan Rosemarin and
                  Hikaru Tsuchida},
  title        = {Secure Graph Analysis at Scale},
  booktitle    = {CCS},
  pages        = {610--629},
  year         = {2021}
}

@inproceedings{ccs/AsharovHIKNPTT22,
  author       = {Gilad Asharov and
                  Koki Hamada and
                  Dai Ikarashi and
                  Ryo Kikuchi and
                  Ariel Nof and
                  Benny Pinkas and
                  Katsumi Takahashi and
                  Junichi Tomida},
  title        = {Efficient Secure Three-Party Sorting with Applications to Data Analysis
                  and Heavy Hitters},
  booktitle    = {CCS},
  pages        = {125--138},
  year         = {2022}
}

@inproceedings{uss/JiaSZDG22,
  author       = {Yanxue Jia and
                  Shifeng Sun and
                  Hong{-}Sheng Zhou and
                  Jiajun Du and
                  Dawu Gu},
  title        = {Shuffle-based Private Set Union: Faster and More Secure},
  booktitle    = {Usenix Security},
  pages        = {2947--2964},
  year         = {2022}
}

@inproceedings{eurocrypt/Paillier99,
  author       = {Pascal Paillier},
  title        = {Public-Key Cryptosystems Based on Composite Degree Residuosity Classes},
  booktitle    = {EUROCRYPT},
  pages        = {223--238},
  year         = {1999}
}

@inproceedings{ccs/KellerOS16,
  author       = {Marcel Keller and
                  Emmanuela Orsini and
                  Peter Scholl},
  title        = {{MASCOT: F}aster Malicious Arithmetic Secure Computation with Oblivious
                  Transfer},
  booktitle    = {CCS},
  pages        = {830--842},
  year         = {2016}
}

@inproceedings{ccs/JiangKLS18,
  author       = {Xiaoqian Jiang and
                  Miran Kim and
                  Kristin E. Lauter and
                  Yongsoo Song},
  title        = {Secure Outsourced Matrix Computation and Application to Neural Networks},
  booktitle    = {CCS},
  pages        = {1209--1222},
  year         = {2018},
  biburl       = {https://dblp.org/rec/conf/ccs/JiangKLS18.bib},
}




@inproceedings{graphquota,
  author       = {Stephen Hedetniemi and
                  Renu Laskar},
  title        = {A Bipartite Theory of Graphs: I},
  booktitle    = {Congressus Numerantium},
  pages        = {5--14},
  year         = {1986}
}

@inproceedings{arith/Beaumont-SmithL01,
  author       = {Andrew Beaumont{-}Smith and
                  Cheng{-}Chew Lim},
  title        = {Parallel Prefix Adder Design},
  booktitle    = {Computer Arith,},
  pages        = {218},
  year         = {2001}
}

@inproceedings{nips/RanXLWQW23,
  author       = {Ran Ran and
                  Nuo Xu and
                  Tao Liu and
                  Wei Wang and
                  Gang Quan and
                  Wujie Wen},
  title        = {Penguin: {P}arallel-Packed Homomorphic Encryption for Fast Graph Convolutional
                  Network Inference},
  booktitle    = {NeurIPS},
  year         = {2023}
}

@inproceedings{nips/PengRLZHTGWXWD23,
  author       = {Hongwu Peng and
                  Ran Ran and
                  Yukui Luo and
                  Jiahui Zhao and
                  Shaoyi Huang and
                  Kiran Thorat and
                  Tong Geng and
                  Chenghong Wang and
                  Xiaolin Xu and
                  Wujie Wen and
                  Caiwen Ding},
  title        = {{LinGCN: S}tructural Linearized Graph Convolutional Network for Homomorphically
                  Encrypted Inference},
  booktitle    = {NeurIPS},
  year         = {2023}
}

@inproceedings{nips/RanWGYXW22,
  author       = {Ran Ran and
                  Wei Wang and
                  Quan Gang and
                  Jieming Yin and
                  Nuo Xu and
                  Wujie Wen},
  title        = {{CryptoGCN: F}ast and Scalable Homomorphically Encrypted Graph Convolutional
                  Network Inference},
  booktitle    = {NeurIPS},
  year         = {2022}
}

@inproceedings{isit/XhemrishiBW22,
  author       = {Marvin Xhemrishi and
                  Rawad Bitar and
                  Antonia Wachter{-}Zeh},
  title        = {Distributed Matrix-Vector Multiplication with Sparsity and Privacy
                  Guarantees},
  booktitle    = {ISIT},
  pages        = {1028--1033},
  year         = {2022}
}

@article{tifs/BitarEWX24,
  author       = {Rawad Bitar and
                  Maximilian Egger and
                  Antonia Wachter{-}Zeh and
                  Marvin Xhemrishi},
  title        = {Sparsity and Privacy in Secret Sharing: {A} Fundamental Trade-Off},
  journal      = {{IEEE} Trans. Inf. Forensics Secur.},
  volume       = {19},
  pages        = {5136--5150},
  year         = {2024}
}

@inproceedings{asiaccs/MonoG23,
  author       = {Johannes Mono and
                  Tim G{\"{u}}neysu},
  title        = {Implementing and Optimizing Matrix Triples with Homomorphic Encryption},
  booktitle    = {AsiaCCS},
  pages        = {29--40},
  year         = {2023}
}

@inproceedings{asiacrypt/0030KRRSW20,
  author       = {Hao Chen and
                  Miran Kim and
                  Ilya P. Razenshteyn and
                  Dragos Rotaru and
                  Yongsoo Song and
                  Sameer Wagh},
  title        = {Maliciously Secure Matrix Multiplication with Applications to Private
                  Deep Learning},
  booktitle    = {Asiacrypt Part {III}},
  pages        = {31--59},
  year         = {2020}
}


@inproceedings{uss/JuvekarVC18,
  author       = {Chiraag Juvekar and
                  Vinod Vaikuntanathan and
                  Anantha P. Chandrakasan},
  title        = {GAZELLE: {A} Low Latency Framework for Secure Neural Network Inference},
  booktitle    = {Usenix Security},
  pages        = {1651--1669},
  year         = {2018}
}

@article{tkde/LiuKZPHYOZY24,
  author       = {Yang Liu and
                  Yan Kang and
                  Tianyuan Zou and
                  Yanhong Pu and
                  Yuanqin He and
                  Xiaozhou Ye and
                  Ye Ouyang and
                  Ya{-}Qin Zhang and
                  Qiang Yang},
  title        = {Vertical Federated Learning: Concepts, Advances, and Challenges},
  journal      = {{IEEE} Trans. Knowl. Data Eng.},
  volume       = {36},
  number       = {7},
  pages        = {3615--3634},
  year         = {2024}
}

@inproceedings{icml/CastigliaZ0KBP23,
  author       = {Timothy Castiglia and
                  Yi Zhou and
                  Shiqiang Wang and
                  Swanand Kadhe and
                  Nathalie Baracaldo and
                  Stacy Patterson},
  title        = {{LESS-VFL: C}ommunication-Efficient Feature Selection for Vertical
                  Federated Learning},
  booktitle    = {ICML},
  pages        = {3757--3781},
  year         = {2023}
}



@inproceedings{ccs/ZouLSLXX24,
    author       = {Zhenhua Zou and
                  Zhuotao Liu and
                  Jinyong Shan and
                  Qi Li and
                  Ke Xu and
                  Mingwei Xu},
  title        = {{CoGNN: T}owards Secure and Efficient Collaborative Graph Learning},
  booktitle      = {CCS},
  year         = {2024}
}
 
@inproceedings{DBLP:conf/nips/WuYY21,
  author       = {Qitian Wu and
                  Chenxiao Yang and
                  Junchi Yan},
  title        = {Towards Open-World Feature Extrapolation: {A}n Inductive Graph Learning
                  Approach},
  booktitle    = {NeurIPS},
  pages        = {19435--19447},
  year         = {2021},
  biburl       = {https://dblp.org/rec/conf/nips/WuYY21.bib},
}


@inproceedings{nips/WuYY21,
  author       = {Qitian Wu and
                  Chenxiao Yang and
                  Junchi Yan},
  title        = {Towards Open-World Feature Extrapolation: An Inductive Graph Learning
                  Approach},
  booktitle    = {NeurIPS},
  pages        = {19435--19447},
  year         = {2021}
}

@inproceedings{nips/Wang0ZLWL23,
  author       = {Ganyu Wang and
                  Bin Gu and
                  Qingsong Zhang and
                  Xiang Li and
                  Boyu Wang and
                  Charles X. Ling},
  title        = {A Unified Solution for Privacy and Communication Efficiency in Vertical
                  Federated Learning},
  booktitle    = {NeurIPS},
  year         = {2023},
}

@inproceedings{acssc/Harris03,
  title={A taxonomy of parallel prefix networks},
  author={Harris, David},
  booktitle={ACSSC},
  pages={2213--2217},
  year={2003},
}


@inproceedings{icml/bachrach16,
  title = 	 {CryptoNets: Applying Neural Networks to Encrypted Data with High Throughput and Accuracy},
  author = 	 {Gilad-Bachrach, Ran and Dowlin, Nathan and Laine, Kim and Lauter, Kristin and Naehrig, Michael and Wernsing, John},
  booktitle = 	 {ICML},
  pages = 	 {201--210},
  year = 	 {2016},
  volume = 	 {48},
  series = 	 {Proceedings of Machine Learning Research},
  publisher =    {PMLR},
}

@inproceedings{ccs/LiuJLA17,
  author       = {Jian Liu and
                  Mika Juuti and
                  Yao Lu and
                  N. Asokan},
  title        = {Oblivious Neural Network Predictions via MiniONN Transformations},
  booktitle    = {CCS},
  pages        = {619--631},
  publisher    = {{ACM}},
  year         = {2017}
}

@inproceedings{eurocrypt/LyubashevskyPR10,
  author       = {Vadim Lyubashevsky and
                  Chris Peikert and
                  Oded Regev},
  title        = {On Ideal Lattices and Learning with Errors over Rings},
  booktitle    = {Annual International
                  Conference on the Theory and Applications of Cryptographic Techniques, {EUROCRYPT} },
  volume       = {6110},
  pages        = {1--23},
  year         = {2010}
}

@inproceedings{uss/XuL0AYY24,
  author       = {Zhibo Xu and
                  Shangqi Lai and
                  Xiaoning Liu and
                  Alsharif Abuadbba and
                  Xingliang Yuan and
                  Xun Yi},
  title        = {OblivGNN: Oblivious Inference on Transductive and Inductive Graph
                  Neural Network},
  booktitle    = {33rd {USENIX} Security Symposium, {USENIX} Security},
  publisher    = {{USENIX} Association},
  year         = {2024}
}

@inproceedings{ccs/KotiKPG24,
  author       = {Nishat Koti and
                  Varsha Bhat Kukkala and
                  Arpita Patra and
                  Bhavish Raj Gopal},
  title        = {Graphiti: Secure Graph Computation Made More Scalable},
  booktitle    = {Proceedings of the 2024 on {ACM} {SIGSAC} Conference on Computer and
                  Communications Security, {CCS}},
  pages        = {4017--4031},
  publisher    = {{ACM}},
  year         = {2024}
}

@inproceedings{iclr/VelickovicCCRLB18,
  author       = {Petar Velickovic and
                  Guillem Cucurull and
                  Arantxa Casanova and
                  Adriana Romero and
                  Pietro Li{\`{o}} and
                  Yoshua Bengio},
  title        = {Graph Attention Networks},
  booktitle    = {International Conference on Learning Representations, {ICLR}},
  publisher    = {OpenReview.net},
  year         = {2018}
}

@inproceedings{adma/ZhengSDCLZW23,
  author       = {Yu Zheng and
                  Wei Song and
                  Minxin Du and
                  Sherman S. M. Chow and
                  Qian Lou and
                  Yongjun Zhao and
                  Xiuhua Wang},
  title        = {Cryptography-Inspired Federated Learning for Generative Adversarial
                  Networks and Meta Learning},
  booktitle    = {Advanced Data Mining and Applications - 19th International Conference,
                  {ADMA}, Part
                  {II}},
  series       = {Lecture Notes in Computer Science},
  volume       = {14177},
  pages        = {393--407},
  year         = {2023}
}

@article{pvldb/PatwaSGMR23,
  author       = {Shweta Patwa and
                  Danyu Sun and
                  Amir Gilad and
                  Ashwin Machanavajjhala and
                  Sudeepa Roy},
  title        = {{DP-PQD:} Privately Detecting Per-Query Gaps In Synthetic Data Generated
                  By Black-Box Mechanisms},
  journal      = {Proc. {VLDB} Endow.},
  volume       = {17},
  number       = {1},
  pages        = {65--78},
  year         = {2023}
}