@article{bai2022anthropic,
  author       = {Yuntao Bai and
                  Andy Jones and
                  Kamal Ndousse and
                  Amanda Askell and
                  Anna Chen and
                  Nova DasSarma and
                  Dawn Drain and
                  Stanislav Fort and
                  Deep Ganguli and
                  Tom Henighan and
                  Nicholas Joseph and
                  Saurav Kadavath and
                  Jackson Kernion and
                  Tom Conerly and
                  Sheer El Showk and
                  Nelson Elhage and
                  Zac Hatfield{-}Dodds and
                  Danny Hernandez and
                  Tristan Hume and
                  Scott Johnston and
                  Shauna Kravec and
                  Liane Lovitt and
                  Neel Nanda and
                  Catherine Olsson and
                  Dario Amodei and
                  Tom B. Brown and
                  Jack Clark and
                  Sam McCandlish and
                  Chris Olah and
                  Benjamin Mann and
                  Jared Kaplan},
  title        = {Training a Helpful and Harmless Assistant with Reinforcement Learning
                  from Human Feedback},
  journal      = {CoRR},
  volume       = {abs/2204.05862},
  year         = {2022}
}

@inproceedings{black2024ddpo,
  author       = {Kevin Black and
                  Michael Janner and
                  Yilun Du and
                  Ilya Kostrikov and
                  Sergey Levine},
  title        = {Training Diffusion Models with Reinforcement Learning},
  booktitle    = {{ICLR}},
  publisher    = {OpenReview.net},
  year         = {2024}
}

@inproceedings{chen2024simple,
  author       = {Chang Chen and
                  Fei Deng and
                  Kenji Kawaguchi and
                  Caglar Gulcehre and
                  Sungjin Ahn},
  title        = {Simple Hierarchical Planning with Diffusion},
  booktitle    = {{ICLR}},
  publisher    = {OpenReview.net},
  year         = {2024}
}

@inproceedings{clark2024draft,
  author       = {Kevin Clark and
                  Paul Vicol and
                  Kevin Swersky and
                  David J. Fleet},
  title        = {Directly Fine-Tuning Diffusion Models on Differentiable Rewards},
  booktitle    = {{ICLR}},
  publisher    = {OpenReview.net},
  year         = {2024}
}

@inproceedings{dhariwal2021diffusion,
  author       = {Prafulla Dhariwal and
                  Alexander Quinn Nichol},
  title        = {Diffusion Models Beat GANs on Image Synthesis},
  booktitle    = {NeurIPS},
  pages        = {8780--8794},
  year         = {2021}
}

@inproceedings{gu2023nerfdiff,
  author       = {Jiatao Gu and
                  Alex Trevithick and
                  Kai{-}En Lin and
                  Joshua M. Susskind and
                  Christian Theobalt and
                  Lingjie Liu and
                  Ravi Ramamoorthi},
  title        = {NerfDiff: Single-image View Synthesis with NeRF-guided Distillation
                  from 3D-aware Diffusion},
  booktitle    = {{ICML}},
  series       = {Proceedings of Machine Learning Research},
  volume       = {202},
  pages        = {11808--11826},
  publisher    = {{PMLR}},
  year         = {2023}
}

@inproceedings{ho2020DDPM,
  author       = {Jonathan Ho and
                  Ajay Jain and
                  Pieter Abbeel},
  title        = {Denoising Diffusion Probabilistic Models},
  booktitle    = {NeurIPS},
  year         = {2020}
}

@article{ho2022cascaded,
  author       = {Jonathan Ho and
                  Chitwan Saharia and
                  William Chan and
                  David J. Fleet and
                  Mohammad Norouzi and
                  Tim Salimans},
  title        = {Cascaded Diffusion Models for High Fidelity Image Generation},
  journal      = {J. Mach. Learn. Res.},
  volume       = {23},
  pages        = {47:1--47:33},
  year         = {2022}
}

@article{ho2022classifier,
  author       = {Jonathan Ho and
                  Tim Salimans},
  title        = {Classifier-Free Diffusion Guidance},
  journal      = {CoRR},
  volume       = {abs/2207.12598},
  year         = {2022}
}

@article{ho2022imagenvideo,
  author       = {Jonathan Ho and
                  William Chan and
                  Chitwan Saharia and
                  Jay Whang and
                  Ruiqi Gao and
                  Alexey A. Gritsenko and
                  Diederik P. Kingma and
                  Ben Poole and
                  Mohammad Norouzi and
                  David J. Fleet and
                  Tim Salimans},
  title        = {Imagen Video: High Definition Video Generation with Diffusion Models},
  journal      = {CoRR},
  volume       = {abs/2210.02303},
  year         = {2022}
}

@inproceedings{janner2022planning,
  author       = {Michael Janner and
                  Yilun Du and
                  Joshua B. Tenenbaum and
                  Sergey Levine},
  title        = {Planning with Diffusion for Flexible Behavior Synthesis},
  booktitle    = {{ICML}},
  series       = {Proceedings of Machine Learning Research},
  volume       = {162},
  pages        = {9902--9915},
  publisher    = {{PMLR}},
  year         = {2022}
}

@inproceedings{kirstain2023pick,
  author       = {Yuval Kirstain and
                  Adam Polyak and
                  Uriel Singer and
                  Shahbuland Matiana and
                  Joe Penna and
                  Omer Levy},
  title        = {Pick-a-Pic: An Open Dataset of User Preferences for Text-to-Image
                  Generation},
  booktitle    = {NeurIPS},
  year         = {2023}
}

@article{lee2023aligning,
  author       = {Kimin Lee and
                  Hao Liu and
                  Moonkyung Ryu and
                  Olivia Watkins and
                  Yuqing Du and
                  Craig Boutilier and
                  Pieter Abbeel and
                  Mohammad Ghavamzadeh and
                  Shixiang Shane Gu},
  title        = {Aligning Text-to-Image Models using Human Feedback},
  journal      = {CoRR},
  volume       = {abs/2302.12192},
  year         = {2023}
}

@article{liang2024spo,
  author       = {Zhanhao Liang and
                  Yuhui Yuan and
                  Shuyang Gu and
                  Bohan Chen and
                  Tiankai Hang and
                  Ji Li and
                  Liang Zheng},
  title        = {Step-aware Preference Optimization: Aligning Preference with Denoising
                  Performance at Each Step},
  journal      = {CoRR},
  volume       = {abs/2406.04314},
  year         = {2024}
}

@inproceedings{liu2023audioldm,
  author       = {Haohe Liu and
                  Zehua Chen and
                  Yi Yuan and
                  Xinhao Mei and
                  Xubo Liu and
                  Danilo P. Mandic and
                  Wenwu Wang and
                  Mark D. Plumbley},
  title        = {AudioLDM: Text-to-Audio Generation with Latent Diffusion Models},
  booktitle    = {{ICML}},
  series       = {Proceedings of Machine Learning Research},
  volume       = {202},
  pages        = {21450--21474},
  publisher    = {{PMLR}},
  year         = {2023}
}

@inproceedings{nichol2022glide,
  author       = {Alexander Quinn Nichol and
                  Prafulla Dhariwal and
                  Aditya Ramesh and
                  Pranav Shyam and
                  Pamela Mishkin and
                  Bob McGrew and
                  Ilya Sutskever and
                  Mark Chen},
  title        = {{GLIDE:} Towards Photorealistic Image Generation and Editing with
                  Text-Guided Diffusion Models},
  booktitle    = {{ICML}},
  series       = {Proceedings of Machine Learning Research},
  volume       = {162},
  pages        = {16784--16804},
  publisher    = {{PMLR}},
  year         = {2022}
}

@article{openai2023gpt4,
  author       = {OpenAI},
  title        = {{GPT-4} Technical Report},
  journal      = {CoRR},
  volume       = {abs/2303.08774},
  year         = {2023}
}

@inproceedings{ouyang2022rlhf,
  author       = {Long Ouyang and
                  Jeffrey Wu and
                  Xu Jiang and
                  Diogo Almeida and
                  Carroll L. Wainwright and
                  Pamela Mishkin and
                  Chong Zhang and
                  Sandhini Agarwal and
                  Katarina Slama and
                  Alex Ray and
                  John Schulman and
                  Jacob Hilton and
                  Fraser Kelton and
                  Luke Miller and
                  Maddie Simens and
                  Amanda Askell and
                  Peter Welinder and
                  Paul F. Christiano and
                  Jan Leike and
                  Ryan Lowe},
  title        = {Training language models to follow instructions with human feedback},
  booktitle    = {NeurIPS},
  year         = {2022}
}

@inproceedings{poole2023dreamfusion,
  author       = {Ben Poole and
                  Ajay Jain and
                  Jonathan T. Barron and
                  Ben Mildenhall},
  title        = {DreamFusion: Text-to-3D using 2D Diffusion},
  booktitle    = {{ICLR}},
  publisher    = {OpenReview.net},
  year         = {2023}
}

@article{prabhudesai2023alignprop,
  author       = {Mihir Prabhudesai and
                  Anirudh Goyal and
                  Deepak Pathak and
                  Katerina Fragkiadaki},
  title        = {Aligning Text-to-Image Diffusion Models with Reward Backpropagation},
  journal      = {CoRR},
  volume       = {abs/2310.03739},
  year         = {2023}
}

@inproceedings{rafailov2023DPO,
  author       = {Rafael Rafailov and
                  Archit Sharma and
                  Eric Mitchell and
                  Christopher D. Manning and
                  Stefano Ermon and
                  Chelsea Finn},
  title        = {Direct Preference Optimization: Your Language Model is Secretly a
                  Reward Model},
  booktitle    = {NeurIPS},
  year         = {2023}
}

@inproceedings{rombach2022LDM,
  author       = {Robin Rombach and
                  Andreas Blattmann and
                  Dominik Lorenz and
                  Patrick Esser and
                  Bj{\"{o}}rn Ommer},
  title        = {High-Resolution Image Synthesis with Latent Diffusion Models},
  booktitle    = {{CVPR}},
  pages        = {10674--10685},
  publisher    = {{IEEE}},
  year         = {2022}
}

@inproceedings{schuhmann2022laion,
  author       = {Christoph Schuhmann and
                  Romain Beaumont and
                  Richard Vencu and
                  Cade Gordon and
                  Ross Wightman and
                  Mehdi Cherti and
                  Theo Coombes and
                  Aarush Katta and
                  Clayton Mullis and
                  Mitchell Wortsman and
                  Patrick Schramowski and
                  Srivatsa Kundurthy and
                  Katherine Crowson and
                  Ludwig Schmidt and
                  Robert Kaczmarczyk and
                  Jenia Jitsev},
  title        = {{LAION-5B:} An open large-scale dataset for training next generation
                  image-text models},
  booktitle    = {NeurIPS},
  year         = {2022}
}

@inproceedings{shol2015deep,
  author       = {Jascha Sohl{-}Dickstein and
                  Eric A. Weiss and
                  Niru Maheswaranathan and
                  Surya Ganguli},
  title        = {Deep Unsupervised Learning using Nonequilibrium Thermodynamics},
  booktitle    = {{ICML}},
  series       = {{JMLR} Workshop and Conference Proceedings},
  volume       = {37},
  pages        = {2256--2265},
  publisher    = {JMLR.org},
  year         = {2015}
}

@inproceedings{singer2023video,
  author       = {Uriel Singer and
                  Adam Polyak and
                  Thomas Hayes and
                  Xi Yin and
                  Jie An and
                  Songyang Zhang and
                  Qiyuan Hu and
                  Harry Yang and
                  Oron Ashual and
                  Oran Gafni and
                  Devi Parikh and
                  Sonal Gupta and
                  Yaniv Taigman},
  title        = {Make-A-Video: Text-to-Video Generation without Text-Video Data},
  booktitle    = {{ICLR}},
  publisher    = {OpenReview.net},
  year         = {2023}
}

@inproceedings{song2021DDIM,
  author       = {Jiaming Song and
                  Chenlin Meng and
                  Stefano Ermon},
  title        = {Denoising Diffusion Implicit Models},
  booktitle    = {{ICLR}},
  publisher    = {OpenReview.net},
  year         = {2021}
}

@InProceedings{wallace2024diffusiondpo,
    author    = {Wallace, Bram and Dang, Meihua and Rafailov, Rafael and Zhou, Linqi and Lou, Aaron and Purushwalkam, Senthil and Ermon, Stefano and Xiong, Caiming and Joty, Shafiq and Naik, Nikhil},
    title     = {Diffusion Model Alignment Using Direct Preference Optimization},
    booktitle = {Proceedings of the IEEE/CVF Conference on Computer Vision and Pattern Recognition (CVPR)},
    month     = {June},
    year      = {2024},
    pages     = {8228-8238}
}

@article{wu2023hps,
  author       = {Xiaoshi Wu and
                  Yiming Hao and
                  Keqiang Sun and
                  Yixiong Chen and
                  Feng Zhu and
                  Rui Zhao and
                  Hongsheng Li},
  title        = {Human Preference Score v2: {A} Solid Benchmark for Evaluating Human
                  Preferences of Text-to-Image Synthesis},
  journal      = {CoRR},
  volume       = {abs/2306.09341},
  year         = {2023}
}

@inproceedings{xu2023imagereward,
  author       = {Jiazheng Xu and
                  Xiao Liu and
                  Yuchen Wu and
                  Yuxuan Tong and
                  Qinkai Li and
                  Ming Ding and
                  Jie Tang and
                  Yuxiao Dong},
  title        = {ImageReward: Learning and Evaluating Human Preferences for Text-to-Image
                  Generation},
  booktitle    = {NeurIPS},
  year         = {2023}
}

@InProceedings{yang2024d3po,
    author    = {Yang, Kai and Tao, Jian and Lyu, Jiafei and Ge, Chunjiang and Chen, Jiaxin and Shen, Weihan and Zhu, Xiaolong and Li, Xiu},
    title     = {Using Human Feedback to Fine-tune Diffusion Models without Any Reward Model},
    booktitle = {Proceedings of the IEEE/CVF Conference on Computer Vision and Pattern Recognition (CVPR)},
    month     = {June},
    year      = {2024},
    pages     = {8941-8951}
}

@inproceedings{yang2024densereward,
  author       = {Shentao Yang and
                  Tianqi Chen and
                  Mingyuan Zhou},
  title        = {A Dense Reward View on Aligning Text-to-Image Diffusion with Preference},
  booktitle    = {{ICML}},
  publisher    = {OpenReview.net},
  year         = {2024}
}

@inproceedings{ying2023dpok,
 author = {Fan, Ying and Watkins, Olivia and Du, Yuqing and Liu, Hao and Ryu, Moonkyung and Boutilier, Craig and Abbeel, Pieter and Ghavamzadeh, Mohammad and Lee, Kangwook and Lee, Kimin},
 booktitle = {Advances in Neural Information Processing Systems},
 editor = {A. Oh and T. Naumann and A. Globerson and K. Saenko and M. Hardt and S. Levine},
 pages = {79858--79885},
 publisher = {Curran Associates, Inc.},
 title = {DPOK: Reinforcement Learning for Fine-tuning Text-to-Image Diffusion Models},
 volume = {36},
 year = {2023}
}

@inproceedings{zeng2022lion,
  author       = {Xiaohui Zeng and
                  Arash Vahdat and
                  Francis Williams and
                  Zan Gojcic and
                  Or Litany and
                  Sanja Fidler and
                  Karsten Kreis},
  title        = {{LION:} Latent Point Diffusion Models for 3D Shape Generation},
  booktitle    = {NeurIPS},
  year         = {2022}
}

