@inproceedings{arora2017generalization,
  title={Generalization and equilibrium in generative adversarial nets (gans)},
  author={Arora, Sanjeev and Ge, Rong and Liang, Yingyu and Ma, Tengyu and Zhang, Yi},
  booktitle={International conference on machine learning},
  pages={224--232},
  year={2017},
  organization={PMLR}
}

@inproceedings{barycenters,
  title={Estimating Barycenters of Distributions with Neural Optimal Transport},
  author={Kolesov, Alexander and Mokrov, Petr and Udovichenko, Igor and Gazdieva, Milena and Pammer, Gudmund and Burnaev, Evgeny and Korotin, Alexander},
  booktitle={Forty-first International Conference on Machine Learning},
  year={2024}
}

@article{biau2021some,
  title={Some theoretical insights into Wasserstein GANs},
  author={Biau, G{\~A}{\v{S}}rard and Sangnier, Maxime and Tanielian, Ugo},
  journal={Journal of Machine Learning Research},
  volume={22},
  number={119},
  pages={1--45},
  year={2021}
}

@article{chakrabarty2022translation,
  title={On translation and reconstruction guarantees of the cycle-consistent generative adversarial networks},
  author={Chakrabarty, Anish and Das, Swagatam},
  journal={Advances in Neural Information Processing Systems},
  volume={35},
  pages={23607--23620},
  year={2022}
}

@article{ding2024statistical,
  title={Statistical Convergence Rates of Optimal Transport Map Estimation between General Distributions},
  author={Ding, Yizhe and Li, Runze and Xue, Lingzhou},
  journal={arXiv preprint arXiv:2412.08064},
  year={2024}
}

@article{divol2022optimal,
  title={Optimal transport map estimation in general function spaces},
  author={Divol, Vincent and Niles-Weed, Jonathan and Pooladian, Aram-Alexandre},
  journal={arXiv preprint arXiv:2212.03722},
  year={2022}
}

@inproceedings{genevay2019sample,
  title={Sample complexity of Sinkhorn divergences},
  author={Genevay, Aude and Chizat, L{\'e}naic and Bach, Francis and Cuturi, Marco and Peyr{\'e}, Gabriel},
  booktitle={The 22nd international conference on artificial intelligence and statistics},
  pages={1574--1583},
  year={2019},
  organization={PMLR}
}

@article{goldfeld2024limit,
  title={Limit theorems for entropic optimal transport maps and Sinkhorn divergence},
  author={Goldfeld, Ziv and Kato, Kengo and Rioux, Gabriel and Sadhu, Ritwik},
  journal={Electronic Journal of Statistics},
  volume={18},
  number={1},
  pages={980--1041},
  year={2024},
  publisher={The Institute of Mathematical Statistics and the Bernoulli Society}
}

@article{gonzalez2022gan,
  title={Gan estimation of lipschitz optimal transport maps},
  author={Gonz{\'a}lez-Sanz, Alberto and De Lara, Lucas and B{\'e}thune, Louis and Loubes, Jean-Michel},
  journal={arXiv preprint arXiv:2202.07965},
  year={2022}
}

@article{gonzalez2023weak,
  title={Weak limits for empirical entropic optimal transport: Beyond smooth costs},
  author={Gonz{\'a}lez-Sanz, Alberto and Hundrieser, Shayan},
  journal={arXiv preprint arXiv:2305.09745},
  year={2023}
}

@article{goodfellow2014generative,
  title={Generative adversarial nets},
  author={Goodfellow, Ian and Pouget-Abadie, Jean and Mirza, Mehdi and Xu, Bing and Warde-Farley, David and Ozair, Sherjil and Courville, Aaron and Bengio, Yoshua},
  journal={Advances in neural information processing systems},
  volume={27},
  year={2014}
}

@article{gunsilius2022convergence,
  title={On the convergence rate of potentials of Brenier maps},
  author={Gunsilius, Florian F},
  journal={Econometric Theory},
  volume={38},
  number={2},
  pages={381--417},
  year={2022},
  publisher={Cambridge University Press}
}

@article{hutter2021minimax,
  title={Minimax estimation of smooth optimal transport maps},
  author={Jan-Christian HÃ¼tter and Philippe Rigollet},
  journal={The Annals of Statistics},
  volume={49},
  number={2},
  pages={1166--1194},
  year={2021}
}

@article{ji2018minimax,
  title={Minimax estimation of neural net distance},
  author={Ji, Kaiyi and Liang, Yingbin},
  journal={Advances in Neural Information Processing Systems},
  volume={31},
  year={2018}
}

@article{ji2021understanding,
  title={Understanding estimation and generalization error of generative adversarial networks},
  author={Ji, Kaiyi and Zhou, Yi and Liang, Yingbin},
  journal={IEEE Transactions on Information Theory},
  volume={67},
  number={5},
  pages={3114--3129},
  year={2021},
  publisher={IEEE}
}

@article{liang2017well,
  title={How well can generative adversarial networks learn densities: A nonparametric view},
  author={Liang, Tengyuan},
  journal={arXiv preprint arXiv:1712.08244},
  year={2017}
}

@article{liu2021non,
  title={Non-asymptotic error bounds for bidirectional GANs},
  author={Liu, Shiao and Yang, Yunfei and Huang, Jian and Jiao, Yuling and Wang, Yang},
  journal={Advances in Neural Information Processing Systems},
  volume={34},
  pages={12328--12339},
  year={2021}
}

@inproceedings{makkuva,
  title={Optimal transport mapping via input convex neural networks},
  author={Makkuva, Ashok and Taghvaei, Amirhossein and Oh, Sewoong and Lee, Jason},
  booktitle={International Conference on Machine Learning},
  pages={6672--6681},
  year={2020},
  organization={PMLR}
}

@inproceedings{moriakov2020kernel,
  title={Kernel of CycleGAN as a principle homogeneous space},
  author={Moriakov, Nikita and Adler, Jonas and Teuwen, Jonas},
  booktitle={8th International Conference on Learning Representations, ICLR 2020, Addis Ababa, Ethiopia, Apr 30 2020},
  year={2020},
  organization={International Conference on Learning Representations, ICLR}
}

@article{pan2019recent,
  title={Recent progress on generative adversarial networks (GANs): A survey},
  author={Pan, Zhaoqing and Yu, Weijie and Yi, Xiaokai and Khan, Asifullah and Yuan, Feng and Zheng, Yuhui},
  journal={IEEE access},
  volume={7},
  pages={36322--36333},
  year={2019},
  publisher={IEEE}
}

@article{rigollet2022sample,
  title={On the sample complexity of entropic optimal transport},
  author={Rigollet, Philippe and Stromme, Austin J},
  journal={arXiv preprint arXiv:2206.13472},
  year={2022}
}

@article{singh2018nonparametric,
  title={Nonparametric density estimation under adversarial losses},
  author={Singh, Shashank and Uppal, Ananya and Li, Boyue and Li, Chun-Liang and Zaheer, Manzil and P{\'o}czos, Barnab{\'a}s},
  journal={Advances in Neural Information Processing Systems},
  volume={31},
  year={2018}
}

@article{sun2024theoretical,
  title={Theoretical Insights into CycleGAN: Analyzing Approximation and Estimation Errors in Unpaired Data Generation},
  author={Sun, Luwei and Shen, Dongrui and Feng, Han},
  journal={arXiv preprint arXiv:2407.11678},
  year={2024}
}

@article{uppal2019nonparametric,
  title={Nonparametric density estimation \& convergence rates for gans under besov ipm losses},
  author={Uppal, Ananya and Singh, Shashank and P{\'o}czos, Barnab{\'a}s},
  journal={Advances in neural information processing systems},
  volume={32},
  year={2019}
}

@article{vacher2022stability,
  title={Stability and upper bounds for statistical estimation of unbalanced transport potentials},
  author={Vacher, Adrien and Vialard, Fran{\c{c}}ois-Xavier},
  journal={arXiv preprint arXiv:2203.09143},
  year={2022}
}

@inproceedings{vacher2023semi,
  title={Semi-Dual Unbalanced Quadratic Optimal Transport: fast statistical rates and convergent algorithm.},
  author={Vacher, Adrien and Vialard, Fran{\c{c}}ois-Xavier},
  booktitle={International Conference on Machine Learning},
  pages={34734--34758},
  year={2023},
  organization={PMLR}
}

@inproceedings{zhang2018discrimination,
  title={On the Discrimination-Generalization Tradeoff in GANs},
  author={Zhang, Pengchuan and Liu, Qiang and Zhou, Dengyong and Xu, Tao and He, Xiaodong},
  booktitle={International Conference on Learning Representations},
  year={2018}
}

