@book{villani,
  title={Optimal transport: old and new},
  author={Villani, C{\'e}dric and others},
  volume={338},
  year={2009},
  publisher={Springer}
}

@article{brenier,
    author =  "Y. Brenier",
    title = " Polar factorization and monotone rearrangement of vector-valued functions",
    year = 1991,
  journal =	 "Communications
on pure and applied mathematics",
  volume =	 "44",
  number =	 "4",
  pages =	 "375-–417"
}

@article{santambrogio,
  title={Optimal transport for applied mathematicians},
  author={Santambrogio, Filippo},
  journal={Birk{\"a}user, NY},
  volume={55},
  number={58-63},
  pages={94},
  year={2015},
  publisher={Springer}
}

@article{taghvaei,
  title={2-wasserstein approximation via restricted convex potentials with application to improved training for gans},
  author={Taghvaei, Amirhossein and Jalali, Amin},
  journal={arXiv preprint arXiv:1902.07197},
  year={2019}
}

@article{
fan2023neural,
title={Neural Monge Map estimation and its applications},
author={Jiaojiao Fan and Shu Liu and Shaojun Ma and Hao-Min Zhou and Yongxin Chen},
journal={Transactions on Machine Learning Research},
issn={2835-8856},
year={2023},
url={https://openreview.net/forum?id=2mZSlQscj3},
note={Featured Certification}
}

@inproceedings{
w2gn,
title={Wasserstein-2 Generative Networks},
author={Alexander Korotin and Vage Egiazarian and Arip Asadulaev and Alexander Safin and Evgeny Burnaev},
booktitle={International Conference on Learning Representations},
year={2021},
url={https://openreview.net/forum?id=bEoxzW_EXsa}
}

@inproceedings{
not,
title={Neural Optimal Transport},
author={Alexander Korotin and Daniil Selikhanovych and Evgeny Burnaev},
booktitle={The Eleventh International Conference on Learning Representations },
year={2023},
url={https://openreview.net/forum?id=d8CBRlWNkqH}
}

@inproceedings{makkuva,
  title={Optimal transport mapping via input convex neural networks},
  author={Makkuva, Ashok and Taghvaei, Amirhossein and Oh, Sewoong and Lee, Jason},
  booktitle={International Conference on Machine Learning},
  pages={6672--6681},
  year={2020},
  organization={PMLR}
}

@incollection{rockafellar,
  title={Integral functionals, normal integrands and measurable selections},
  author={Rockafellar, R Tyrrell},
  booktitle={Nonlinear Operators and the Calculus of Variations: Summer School Held in Bruxelles 8--19 September 1975},
  pages={157--207},
  year={2006},
  publisher={Springer}
}

@inproceedings{
knot,
title={Kernel Neural Optimal Transport},
author={Alexander Korotin and Daniil Selikhanovych and Evgeny Burnaev},
booktitle={The Eleventh International Conference on Learning Representations },
year={2023},
url={https://openreview.net/forum?id=Zuc_MHtUma4}
}

@inproceedings{enot,
  title={Expectile Regularization for Fast and Accurate Training of Neural Optimal Transport},
  author={Buzun, Nazar and Bobrin, Maksim and Dylov, Dmitry V},
  booktitle={The Thirty-eighth Annual Conference on Neural Information Processing Systems}
}

@inproceedings{
gnot,
title={Neural Optimal Transport with General Cost Functionals},
author={Arip Asadulaev and Alexander Korotin and Vage Egiazarian and Petr Mokrov and Evgeny Burnaev},
booktitle={The Twelfth International Conference on Learning Representations},
year={2024},
url={https://openreview.net/forum?id=gIiz7tBtYZ}
}

@inproceedings{genconddist,
  title={Generative Conditional Distributions by Neural (Entropic) Optimal Transport},
  author={Nguyen, Bao and Nguyen, Binh and Nguyen, Hieu Trung and Nguyen, Viet Anh},
  booktitle={Forty-first International Conference on Machine Learning},
  year={2024}
}

@inproceedings{barycenters,
  title={Estimating Barycenters of Distributions with Neural Optimal Transport},
  author={Kolesov, Alexander and Mokrov, Petr and Udovichenko, Igor and Gazdieva, Milena and Pammer, Gudmund and Burnaev, Evgeny and Korotin, Alexander},
  booktitle={Forty-first International Conference on Machine Learning},
  year={2024}
}

@inproceedings{
rout,
title={Generative Modeling with Optimal Transport Maps},
author={Litu Rout and Alexander Korotin and Evgeny Burnaev},
booktitle={International Conference on Learning Representations},
year={2022},
url={https://openreview.net/forum?id=5JdLZg346Lw}
}

@article{domain,
  title={Extremal domain translation with neural optimal transport},
  author={Gazdieva, Milena and Korotin, Alexander and Selikhanovych, Daniil and Burnaev, Evgeny},
  journal={Advances in Neural Information Processing Systems},
  volume={36},
  pages={40381--40413},
  year={2023}
}

@article{choi,
  title={Generative modeling through the semi-dual formulation of unbalanced optimal transport},
  author={Choi, Jaemoo and Choi, Jaewoong and Kang, Myungjoo},
  journal={Advances in Neural Information Processing Systems},
  volume={36},
  year={2024}
}

@inproceedings{semidual_unbal,
  title={Semi-Dual Unbalanced Quadratic Optimal Transport: fast statistical rates and convergent algorithm.},
  author={Vacher, Adrien and Vialard, Fran{\c{c}}ois-Xavier},
  booktitle={International Conference on Machine Learning},
  pages={34734--34758},
  year={2023},
  organization={PMLR}
}



@article{gazdieva2022optimal,
  title={An optimal transport perspective on unpaired image super-resolution},
  author={Gazdieva, Milena and Rout, Litu and Korotin, Alexander and Kravchenko, Andrey and Filippov, Alexander and Burnaev, Evgeny},
  journal={arXiv preprint arXiv:2202.01116},
  year={2022}
}

@article{peyre2019computational,
  title={Computational optimal transport: With applications to data science},
  author={Peyr{\'e}, Gabriel and Cuturi, Marco and others},
  journal={Foundations and Trends{\textregistered} in Machine Learning},
  volume={11},
  number={5-6},
  pages={355--607},
  year={2019},
  publisher={Now Publishers, Inc.}
}

@inproceedings{amos2017input,
  title={Input convex neural networks},
  author={Amos, Brandon and Xu, Lei and Kolter, J Zico},
  booktitle={International conference on machine learning},
  pages={146--155},
  year={2017},
  organization={PMLR}
}
@article{goodfellow2014generative,
  title={Generative adversarial nets},
  author={Goodfellow, Ian and Pouget-Abadie, Jean and Mirza, Mehdi and Xu, Bing and Warde-Farley, David and Ozair, Sherjil and Courville, Aaron and Bengio, Yoshua},
  journal={Advances in neural information processing systems},
  volume={27},
  year={2014}
}
@inproceedings{arora2017generalization,
  title={Generalization and equilibrium in generative adversarial nets (gans)},
  author={Arora, Sanjeev and Ge, Rong and Liang, Yingyu and Ma, Tengyu and Zhang, Yi},
  booktitle={International conference on machine learning},
  pages={224--232},
  year={2017},
  organization={PMLR}
}
@inproceedings{arjovsky2017wasserstein,
  title={Wasserstein generative adversarial networks},
  author={Arjovsky, Martin and Chintala, Soumith and Bottou, L{\'e}on},
  booktitle={International conference on machine learning},
  pages={214--223},
  year={2017},
  organization={PMLR}
}

@article{relu_nn_approx,
  title={Error bounds for approximations with deep ReLU neural networks in W s, p norms},
  author={G{\"u}hring, Ingo and Kutyniok, Gitta and Petersen, Philipp},
  journal={Analysis and Applications},
  volume={18},
  number={05},
  pages={803--859},
  year={2020},
  publisher={World Scientific}
}

@article{korotin2021neural,
  title={Do neural optimal transport solvers work? a continuous wasserstein-2 benchmark},
  author={Korotin, Alexander and Li, Lingxiao and Genevay, Aude and Solomon, Justin M and Filippov, Alexander and Burnaev, Evgeny},
  journal={Advances in neural information processing systems},
  volume={34},
  pages={14593--14605},
  year={2021}
}

@article{kakade,
  title={On the duality of strong convexity and strong smoothness: Learning applications and matrix regularization},
  author={Kakade, Sham and Shalev-Shwartz, Shai and Tewari, Ambuj and others},
  journal={Unpublished Manuscript, http://ttic. uchicago. edu/shai/papers/KakadeShalevTewari09. pdf},
  volume={2},
  number={1},
  pages={35},
  year={2009}
}

@article{icnn_approx,
  title={Optimal control via neural networks: A convex approach},
  author={Chen, Yize and Shi, Yuanyuan and Zhang, Baosen},
  journal={arXiv preprint arXiv:1805.11835},
  year={2018}
}

@inproceedings{
amos2023on,
title={On amortizing convex conjugates for optimal transport},
author={Brandon Amos},
booktitle={The Eleventh International Conference on Learning Representations },
year={2023},
url={https://openreview.net/forum?id=TQ5WUwS_4ai}
}

@inproceedings{
choi2024analyzing,
title={Analyzing and Improving Optimal-Transport-based Adversarial Networks},
author={Jaemoo Choi and Jaewoong Choi and Myungjoo Kang},
booktitle={The Twelfth International Conference on Learning Representations},
year={2024},
url={https://openreview.net/forum?id=jODehvtTDx}
}

@misc{carrasco2024uncovering,
      title={Uncovering Challenges of Solving the Continuous Gromov-Wasserstein Problem}, 
      author={Xavier Aramayo Carrasco and Maksim Nekrashevich and Petr Mokrov and Evgeny Burnaev and Alexander Korotin},
      year={2024},
      eprint={2303.05978},
      archivePrefix={arXiv},
      primaryClass={cs.LG},
      url={https://arxiv.org/abs/2303.05978}, 
}

@article{hutter2021minimax,
  title={Minimax estimation of smooth optimal transport maps},
  author={Jan-Christian Hütter and Philippe Rigollet},
  journal={The Annals of Statistics},
  volume={49},
  number={2},
  pages={1166--1194},
  year={2021}
}

@article{gunsilius2022convergence,
  title={On the convergence rate of potentials of Brenier maps},
  author={Gunsilius, Florian F},
  journal={Econometric Theory},
  volume={38},
  number={2},
  pages={381--417},
  year={2022},
  publisher={Cambridge University Press}
}

@article{manole2024plugin,
  title={Plugin estimation of smooth optimal transport maps},
  author={Manole, Tudor and Balakrishnan, Sivaraman and Niles-Weed, Jonathan and Wasserman, Larry},
  journal={The Annals of Statistics},
  volume={52},
  number={3},
  pages={966--998},
  year={2024},
  publisher={Institute of Mathematical Statistics}
}

@article{divol2022optimal,
  title={Optimal transport map estimation in general function spaces},
  author={Divol, Vincent and Niles-Weed, Jonathan and Pooladian, Aram-Alexandre},
  journal={arXiv preprint arXiv:2212.03722},
  year={2022}
}

@article{ding2024statistical,
  title={Statistical Convergence Rates of Optimal Transport Map Estimation between General Distributions},
  author={Ding, Yizhe and Li, Runze and Xue, Lingzhou},
  journal={arXiv preprint arXiv:2412.08064},
  year={2024}
}

@article{gonzalez2022gan,
  title={Gan estimation of lipschitz optimal transport maps},
  author={Gonz{\'a}lez-Sanz, Alberto and De Lara, Lucas and B{\'e}thune, Louis and Loubes, Jean-Michel},
  journal={arXiv preprint arXiv:2202.07965},
  year={2022}
}

@inproceedings{
mokrov2024energyguided,
title={Energy-guided Entropic Neural Optimal Transport},
author={Petr Mokrov and Alexander Korotin and Alexander Kolesov and Nikita Gushchin and Evgeny Burnaev},
booktitle={The Twelfth International Conference on Learning Representations},
year={2024},
url={https://openreview.net/forum?id=d6tUsZeVs7}
}

@inproceedings{
korotin2024light,
title={Light Schr\"odinger Bridge},
author={Alexander Korotin and Nikita Gushchin and Evgeny Burnaev},
booktitle={The Twelfth International Conference on Learning Representations},
year={2024},
url={https://openreview.net/forum?id=WhZoCLRWYJ}
}

@inproceedings{
gazdieva2024light,
title={Light Unbalanced Optimal Transport},
author={Milena Gazdieva and Arip Asadulaev and Evgeny Burnaev and Alexander Korotin},
booktitle={The Thirty-eighth Annual Conference on Neural Information Processing Systems},
year={2024},
url={https://openreview.net/forum?id=co8KZws1YK}
}

@inproceedings{genevay2019sample,
  title={Sample complexity of Sinkhorn divergences},
  author={Genevay, Aude and Chizat, L{\'e}naic and Bach, Francis and Cuturi, Marco and Peyr{\'e}, Gabriel},
  booktitle={The 22nd international conference on artificial intelligence and statistics},
  pages={1574--1583},
  year={2019},
  organization={PMLR}
}

@article{rigollet2022sample,
  title={On the sample complexity of entropic optimal transport},
  author={Rigollet, Philippe and Stromme, Austin J},
  journal={arXiv preprint arXiv:2206.13472},
  year={2022}
}

@article{goldfeld2024limit,
  title={Limit theorems for entropic optimal transport maps and Sinkhorn divergence},
  author={Goldfeld, Ziv and Kato, Kengo and Rioux, Gabriel and Sadhu, Ritwik},
  journal={Electronic Journal of Statistics},
  volume={18},
  number={1},
  pages={980--1041},
  year={2024},
  publisher={The Institute of Mathematical Statistics and the Bernoulli Society}
}

@inproceedings{vacher2023semi,
  title={Semi-Dual Unbalanced Quadratic Optimal Transport: fast statistical rates and convergent algorithm.},
  author={Vacher, Adrien and Vialard, Fran{\c{c}}ois-Xavier},
  booktitle={International Conference on Machine Learning},
  pages={34734--34758},
  year={2023},
  organization={PMLR}
}

@article{heinemann2022unbalanced,
  title={Unbalanced Kantorovich-Rubinstein distance and barycenter for finitely supported measures: A statistical perspective},
  author={Heinemann, Florian and Klatt, Marcel and Munk, Axel},
  journal={arXiv preprint arXiv:2211.08858},
  year={2022}
}


@article{vacher2022stability,
  title={Stability and upper bounds for statistical estimation of unbalanced transport potentials},
  author={Vacher, Adrien and Vialard, Fran{\c{c}}ois-Xavier},
  journal={arXiv preprint arXiv:2203.09143},
  year={2022}
}

@article{gonzalez2023weak,
  title={Weak limits for empirical entropic optimal transport: Beyond smooth costs},
  author={Gonz{\'a}lez-Sanz, Alberto and Hundrieser, Shayan},
  journal={arXiv preprint arXiv:2305.09745},
  year={2023}
}
@article{pan2019recent,
  title={Recent progress on generative adversarial networks (GANs): A survey},
  author={Pan, Zhaoqing and Yu, Weijie and Yi, Xiaokai and Khan, Asifullah and Yuan, Feng and Zheng, Yuhui},
  journal={IEEE access},
  volume={7},
  pages={36322--36333},
  year={2019},
  publisher={IEEE}
}
@article{ji2018minimax,
  title={Minimax estimation of neural net distance},
  author={Ji, Kaiyi and Liang, Yingbin},
  journal={Advances in Neural Information Processing Systems},
  volume={31},
  year={2018}
}
@article{ji2021understanding,
  title={Understanding estimation and generalization error of generative adversarial networks},
  author={Ji, Kaiyi and Zhou, Yi and Liang, Yingbin},
  journal={IEEE Transactions on Information Theory},
  volume={67},
  number={5},
  pages={3114--3129},
  year={2021},
  publisher={IEEE}
}
@article{liang2017well,
  title={How well can generative adversarial networks learn densities: A nonparametric view},
  author={Liang, Tengyuan},
  journal={arXiv preprint arXiv:1712.08244},
  year={2017}
}
@inproceedings{zhang2018discrimination,
  title={On the Discrimination-Generalization Tradeoff in GANs},
  author={Zhang, Pengchuan and Liu, Qiang and Zhou, Dengyong and Xu, Tao and He, Xiaodong},
  booktitle={International Conference on Learning Representations},
  year={2018}
}
@article{uppal2019nonparametric,
  title={Nonparametric density estimation \& convergence rates for gans under besov ipm losses},
  author={Uppal, Ananya and Singh, Shashank and P{\'o}czos, Barnab{\'a}s},
  journal={Advances in neural information processing systems},
  volume={32},
  year={2019}
}
@article{singh2018nonparametric,
  title={Nonparametric density estimation under adversarial losses},
  author={Singh, Shashank and Uppal, Ananya and Li, Boyue and Li, Chun-Liang and Zaheer, Manzil and P{\'o}czos, Barnab{\'a}s},
  journal={Advances in Neural Information Processing Systems},
  volume={31},
  year={2018}
}
@article{chakrabarty2022translation,
  title={On translation and reconstruction guarantees of the cycle-consistent generative adversarial networks},
  author={Chakrabarty, Anish and Das, Swagatam},
  journal={Advances in Neural Information Processing Systems},
  volume={35},
  pages={23607--23620},
  year={2022}
}
@article{liu2021non,
  title={Non-asymptotic error bounds for bidirectional GANs},
  author={Liu, Shiao and Yang, Yunfei and Huang, Jian and Jiao, Yuling and Wang, Yang},
  journal={Advances in Neural Information Processing Systems},
  volume={34},
  pages={12328--12339},
  year={2021}
}
@article{sun2024theoretical,
  title={Theoretical Insights into CycleGAN: Analyzing Approximation and Estimation Errors in Unpaired Data Generation},
  author={Sun, Luwei and Shen, Dongrui and Feng, Han},
  journal={arXiv preprint arXiv:2407.11678},
  year={2024}
}
@article{biau2021some,
  title={Some theoretical insights into Wasserstein GANs},
  author={Biau, G{\~A}{\v{S}}rard and Sangnier, Maxime and Tanielian, Ugo},
  journal={Journal of Machine Learning Research},
  volume={22},
  number={119},
  pages={1--45},
  year={2021}
}
@inproceedings{moriakov2020kernel,
  title={Kernel of CycleGAN as a principle homogeneous space},
  author={Moriakov, Nikita and Adler, Jonas and Teuwen, Jonas},
  booktitle={8th International Conference on Learning Representations, ICLR 2020, Addis Ababa, Ethiopia, Apr 30 2020},
  year={2020},
  organization={International Conference on Learning Representations, ICLR}
}
@inproceedings{xie2019scalable,
  title={On scalable and efficient computation of large scale optimal transport},
  author={Xie, Yujia and Chen, Minshuo and Jiang, Haoming and Zhao, Tuo and Zha, Hongyuan},
  booktitle={International Conference on Machine Learning},
  pages={6882--6892},
  year={2019},
  organization={PMLR}
}
@article{fan2020scalable,
  title={Scalable computations of wasserstein barycenter via input convex neural networks},
  author={Fan, Jiaojiao and Taghvaei, Amirhossein and Chen, Yongxin},
  journal={arXiv preprint arXiv:2007.04462},
  year={2020}
}
@article{cuturi2013sinkhorn,
  title={Sinkhorn distances: Lightspeed computation of optimal transport},
  author={Cuturi, Marco},
  journal={Advances in neural information processing systems},
  volume={26},
  year={2013}
}

@article{aubin2009set,
  title={Set-valued analysis},
  author={Aubin, Jean Pierre and Frankowska, Hélène},
  journal={Modern Birkhauser classics},
  year={2009},
  publisher={Boston: Birkhäuser}
}
@article{gulrajani2017improved,
  title={Improved training of wasserstein gans},
  author={Gulrajani, Ishaan and Ahmed, Faruk and Arjovsky, Martin and Dumoulin, Vincent and Courville, Aaron C},
  journal={Advances in neural information processing systems},
  volume={30},
  year={2017}
}
@article{sanjabi2018convergence,
  title={On the convergence and robustness of training gans with regularized optimal transport},
  author={Sanjabi, Maziar and Ba, Jimmy and Razaviyayn, Meisam and Lee, Jason D},
  journal={Advances in Neural Information Processing Systems},
  volume={31},
  year={2018}
}
@inproceedings{petzka2018regularization,
  title={On the regularization of Wasserstein GANs},
  author={Petzka, Henning and Fischer, Asja and Lukovnikov, Denis},
  booktitle={International Conference on Learning Representations},
  year={2018}
}
@inproceedings{liu2019wasserstein,
  title={Wasserstein gan with quadratic transport cost},
  author={Liu, Huidong and Gu, Xianfeng and Samaras, Dimitris},
  booktitle={Proceedings of the IEEE/CVF international conference on computer vision},
  pages={4832--4841},
  year={2019}
}
@article{bunne2023learning,
  title={Learning single-cell perturbation responses using neural optimal transport},
  author={Bunne, Charlotte and Stark, Stefan G and Gut, Gabriele and Del Castillo, Jacobo Sarabia and Levesque, Mitch and Lehmann, Kjong-Van and Pelkmans, Lucas and Krause, Andreas and R{\"a}tsch, Gunnar},
  journal={Nature methods},
  volume={20},
  number={11},
  pages={1759--1768},
  year={2023},
  publisher={Nature Publishing Group US New York}
}
@inproceedings{koshizukaneural,
  title={Neural Lagrangian Schr$\backslash$"$\{$o$\}$ dinger Bridge: Diffusion Modeling for Population Dynamics},
  author={Koshizuka, Takeshi and Sato, Issei},
  booktitle={The Eleventh International Conference on Learning Representations},
year=2022
}
@article{vargas2021solving,
  title={Solving schr{\"o}dinger bridges via maximum likelihood},
  author={Vargas, Francisco and Thodoroff, Pierre and Lamacraft, Austen and Lawrence, Neil},
  journal={Entropy},
  volume={23},
  number={9},
  pages={1134},
  year={2021},
  publisher={MDPI}
}
@inproceedings{seguy2018large,
  title={Large Scale Optimal Transport and Mapping Estimation},
  author={Seguy, Vivien and Damodaran, Bharath Bhushan and Flamary, Remi and Courty, Nicolas and Rolet, Antoine and Blondel, Mathieu},
  booktitle={International Conference on Learning Representations},
  year={2018}
}
@inproceedings{wang2021deep,
  title={Deep generative learning via schr{\"o}dinger bridge},
  author={Wang, Gefei and Jiao, Yuling and Xu, Qian and Wang, Yang and Yang, Can},
  booktitle={International conference on machine learning},
  pages={10794--10804},
  year={2021},
  organization={PMLR}
}
@article{de2021diffusion,
  title={Diffusion schr{\"o}dinger bridge with applications to score-based generative modeling},
  author={De Bortoli, Valentin and Thornton, James and Heng, Jeremy and Doucet, Arnaud},
  journal={Advances in Neural Information Processing Systems},
  volume={34},
  pages={17695--17709},
  year={2021}
}
@inproceedings{chenlikelihood,
  title={Likelihood Training of Schr{\"o}dinger Bridge using Forward-Backward SDEs Theory},
  author={Chen, Tianrong and Liu, Guan-Horng and Theodorou, Evangelos},
  booktitle={International Conference on Learning Representations},
year=2021
}
@article{daniels2021score,
  title={Score-based generative neural networks for large-scale optimal transport},
  author={Daniels, Max and Maunu, Tyler and Hand, Paul},
  journal={Advances in neural information processing systems},
  volume={34},
  pages={12955--12965},
  year={2021}
}

@book{shalev2014understanding,
  title={Understanding machine learning: From theory to algorithms},
  author={Shalev-Shwartz, Shai and Ben-David, Shai},
  year={2014},
  publisher={Cambridge university press}
}
@inproceedings{golowich2018size,
  title={Size-independent sample complexity of neural networks},
  author={Golowich, Noah and Rakhlin, Alexander and Shamir, Ohad},
  booktitle={Conference On Learning Theory},
  pages={297--299},
  year={2018},
  organization={PMLR}
}
@book{mohri2018foundations,
  title={Foundations of machine learning},
  author={Mohri, Mehryar and Rostamizadeh, Afshin and Talwalkar, Ameet},
  year={2018},
  publisher={MIT press}
}
@article{latorre2021effect,
  title={The effect of the intrinsic dimension on the generalization of quadratic classifiers},
  author={Latorre, Fabian and Dadi, Leello Tadesse and Rolland, Paul and Cevher, Volkan},
  journal={Advances in Neural Information Processing Systems},
  volume={34},
  pages={21138--21149},
  year={2021}
}

@inproceedings{kidger2020universal,
  title={Universal approximation with deep narrow networks},
  author={Kidger, Patrick and Lyons, Terry},
  booktitle={Conference on learning theory},
  pages={2306--2327},
  year={2020},
  organization={PMLR}
}
@inproceedings{lei2023generalization,
  title={Generalization analysis for contrastive representation learning},
  author={Lei, Yunwen and Yang, Tianbao and Ying, Yiming and Zhou, Ding-Xuan},
  booktitle={International Conference on Machine Learning},
  pages={19200--19227},
  year={2023},
  organization={PMLR}
}
@inproceedings{maurer2016vector,
  title={A vector-contraction inequality for rademacher complexities},
  author={Maurer, Andreas},
  booktitle={Algorithmic Learning Theory: 27th International Conference, ALT 2016, Bari, Italy, October 19-21, 2016, Proceedings 27},
  pages={3--17},
  year={2016},
  organization={Springer}
}