@article{Bromley1993SignatureVU,
  title={Signature Verification Using A "Siamese" Time Delay Neural Network},
  author={Jane Bromley and James W. Bentz and L{\'e}on Bottou and Isabelle M Guyon and Yann LeCun and Cliff Moore and Eduard S{\"a}ckinger and Roopak Shah},
  journal={Int. J. Pattern Recognit. Artif. Intell.},
  year={1993},
  volume={7},
  pages={669-688},
  note = {\mydoi{10.1142/S0218001493000339}}

}

@inproceedings{NIPS2014_07563a3f,
 author = {Dosovitskiy, Alexey and Springenberg, Jost Tobias and Riedmiller, Martin and Brox, Thomas},
 booktitle = {Advances in Neural Information Processing Systems},
 pages = {},
 publisher = {Curran Associates, Inc.},
 title = {Discriminative Unsupervised Feature Learning with Convolutional Neural Networks},
 volume = {27},
 year = {2014},
 note = {\mydoi{10.48550/arXiv.1406.6909}}
}

@inproceedings{aghagolzadeh2024marginal,
  title={Marginal Contrastive Loss: A Step Forward for Forward-Forward},
  author={Aghagolzadeh, Hossein and Ezoji, Mehdi},
  booktitle={2024 13th Iranian/3rd International Machine Vision and Image Processing Conference (MVIP)},
  pages={1--6},
  year={2024},
  organization={IEEE},
  note = {\mydoi{10.1109/MVIP62238.2024.10491157}}
}

@inproceedings{ahamed2023ffcl,
  title={FFCL: Forward-Forward contrastive learning for improved medical image classification},
  author={Ahamed, Md Atik and Chen, Jin and Imran, Abdullah Al Zubaer},
  booktitle={Medical Imaging with Deep Learning, short paper track},
  year={2023},
  note = {\mydoi{10.48550/arXiv.2305.02927}}
}

@article{chen2020improved,
  title={Improved baselines with momentum contrastive learning},
  author={Chen, Xinlei and Fan, Haoqi and Girshick, Ross and He, Kaiming},
  journal={arXiv preprint arXiv:2003.04297},
  year={2020},
  note = {\mydoi{10.48550/arXiv.2003.04297}}
}

@inproceedings{chen2020simple,
  title={A simple framework for contrastive learning of visual representations},
  author={Chen, Ting and Kornblith, Simon and Norouzi, Mohammad and Hinton, Geoffrey},
  booktitle={International conference on machine learning},
  pages={1597--1607},
  year={2020},
  organization={PMLR},
  note = {\mydoi{10.48550/arXiv.2002.05709}}
}

@inproceedings{hadsell2006dimensionality,
  title={Dimensionality reduction by learning an invariant mapping},
  author={Hadsell, Raia and Chopra, Sumit and LeCun, Yann},
  booktitle={2006 IEEE computer society conference on computer vision and pattern recognition (CVPR'06)},
  volume={2},
  pages={1735--1742},
  year={2006},
  organization={IEEE},
  note = {\mydoi{10.1109/CVPR.2006.100}}
}

@inproceedings{he2016deep,
  title={Deep residual learning for image recognition},
  author={He, Kaiming and Zhang, Xiangyu and Ren, Shaoqing and Sun, Jian},
  booktitle={Proceedings of the IEEE conference on computer vision and pattern recognition},
  pages={770--778},
  year={2016},
  note = {\mydoi{10.1109/CVPR.2016.90}}
}

@inproceedings{he2020momentum,
  title={Momentum contrast for unsupervised visual representation learning},
  author={He, Kaiming and Fan, Haoqi and Wu, Yuxin and Xie, Saining and Girshick, Ross},
  booktitle={Proceedings of the IEEE/CVF conference on computer vision and pattern recognition},
  pages={9729--9738},
  year={2020},
  note = {\mydoi{10.1109/CVPR42600.2020.00975}}
}

@article{hinton2022forward,
  title={The forward-forward algorithm: Some preliminary investigations},
  author={Hinton, Geoffrey},
  journal={arXiv preprint arXiv:2212.13345},
  year={2022},
  note = {\mydoi{10.48550/arXiv.2212.13345}}
}

@inproceedings{hu2018squeeze,
  title={Squeeze-and-excitation networks},
  author={Hu, Jie and Shen, Li and Sun, Gang},
  booktitle={Proceedings of the IEEE conference on computer vision and pattern recognition},
  pages={7132--7141},
  year={2018},
  note = {\mydoi{10.1109/CVPR.2018.00745}}
}

@article{khosla2020supervised,
  title={Supervised contrastive learning},
  author={Khosla, Prannay and Teterwak, Piotr and Wang, Chen and Sarna, Aaron and Tian, Yonglong and Isola, Phillip and Maschinot, Aaron and Liu, Ce and Krishnan, Dilip},
  journal={Advances in neural information processing systems},
  volume={33},
  pages={18661--18673},
  year={2020},
  note = {\mydoi{10.48550/arXiv.2103.00020}}
}

@inproceedings{koch2015siamese,
  title={Siamese neural networks for one-shot image recognition},
  author={Koch, Gregory and Zemel, Richard and Salakhutdinov, Ruslan and others},
  booktitle={ICML deep learning workshop},
  volume={2},
  number={1},
  pages={1--30},
  year={2015},
  organization={Lille},
  note = {\url{https://api.semanticscholar.org/CorpusID:13874643}}
}

@article{krizhevsky2012imagenet,
  title={Imagenet classification with deep convolutional neural networks},
  author={Krizhevsky, Alex and Sutskever, Ilya and Hinton, Geoffrey E},
  journal={Advances in neural information processing systems},
  volume={25},
  year={2012},
  note = {\mydoi{10.1145/3065386}}
}

@article{lecun1998gradient,
  title={Gradient-based learning applied to document recognition},
  author={LeCun, Yann and Bottou, L{\'e}on and Bengio, Yoshua and Haffner, Patrick},
  journal={Proceedings of the IEEE},
  volume={86},
  number={11},
  pages={2278--2324},
  year={1998},
  publisher={Ieee},
  note = {\mydoi{10.1109/5.726791}}

}

@article{lee2023symba,
  title={Symba: Symmetric backpropagation-free contrastive learning with forward-forward algorithm for optimizing convergence},
  author={Lee, Heung-Chang and Song, Jeonggeun},
  journal={arXiv preprint arXiv:2303.08418},
  year={2023},
  note = {\mydoi{10.48550/arXiv.2303.08418}}
}

@article{liu2016large,
  title={Large-margin softmax loss for convolutional neural networks},
  author={Liu, Weiyang and Wen, Yandong and Yu, Zhiding and Yang, Meng},
  journal={arXiv preprint arXiv:1612.02295},
  year={2016},
  note = {\mydoi{10.48550/arXiv.1612.02295}}
}

@inproceedings{lorberbom2024layer,
  title={Layer collaboration in the forward-forward algorithm},
  author={Lorberbom, Guy and Gat, Itai and Adi, Yossi and Schwing, Alexander and Hazan, Tamir},
  booktitle={Proceedings of the AAAI Conference on Artificial Intelligence},
  volume={38},
  number={13},
  pages={14141--14148},
  year={2024},
  note = {\mydoi{10.1609/aaai.v38i13.29324}}
}

@inproceedings{papachristodoulou2024convolutional,
  title={Convolutional Channel-Wise Competitive Learning for the Forward-Forward Algorithm},
  author={Papachristodoulou, Andreas and Kyrkou, Christos and Timotheou, Stelios and Theocharides, Theocharis},
  booktitle={Proceedings of the AAAI Conference on Artificial Intelligence},
  volume={38},
  number={13},
  pages={14536--14544},
  year={2024},
  note = {\mydoi{10.1609/aaai.v38i13.29369}}
}

@InProceedings{pmlr-v97-tan19a,
  title = 	 {{E}fficient{N}et: Rethinking Model Scaling for Convolutional Neural Networks},
  author =       {Tan, Mingxing and Le, Quoc},
  booktitle = 	 {Proceedings of the 36th International Conference on Machine Learning},
  pages = 	 {6105--6114},
  year = 	 {2019},
  volume = 	 {97},
  series = 	 {Proceedings of Machine Learning Research},
  month = 	 {09--15 Jun},
  publisher =    {PMLR},
  pdf = 	 {http://proceedings.mlr.press/v97/tan19a/tan19a.pdf},
  note = {\mydoi{10.48550/arXiv.1905.11946}}
}

@inproceedings{radford2021learning,
  title={Learning transferable visual models from natural language supervision},
  author={Radford, Alec and Kim, Jong Wook and Hallacy, Chris and Ramesh, Aditya and Goh, Gabriel and Agarwal, Sandhini and Sastry, Girish and Askell, Amanda and Mishkin, Pamela and Clark, Jack and others},
  booktitle={International conference on machine learning},
  pages={8748--8763},
  year={2021},
  organization={PMLR},
  note = {\mydoi{10.48550/arXiv.2103.00020}}
}

@inproceedings{schroff2015facenet,
  title={Facenet: A unified embedding for face recognition and clustering},
  author={Schroff, Florian and Kalenichenko, Dmitry and Philbin, James},
  booktitle={Proceedings of the IEEE conference on computer vision and pattern recognition},
  pages={815--823},
  year={2015},
  note = {\mydoi{10.1109/CVPR.2015.72986821}}
}

@article{scodellaro2023training,
  title={Training Convolutional Neural Networks with the Forward-Forward algorithm},
  author={Scodellaro, Riccardo and Kulkarni, Ajinkya and Alves, Frauke and Schr{\"o}ter, Matthias},
  journal={arXiv preprint arXiv:2312.14924},
  year={2023},
  note = {\mydoi{10.48550/arXiv.2312.14924}}
}

@article{simonyan2014very,
  title={Very deep convolutional networks for large-scale image recognition},
  author={Simonyan, Karen and Zisserman, Andrew},
  journal={arXiv preprint arXiv:1409.1556},
  year={2014},
  note = {\mydoi{10.48550/arXiv.1409.1556}}
}

@article{sohn2016improved,
  title={Improved deep metric learning with multi-class n-pair loss objective},
  author={Sohn, Kihyuk},
  journal={Advances in neural information processing systems},
  volume={29},
  year={2016},
  note = {\url{https://api.semanticscholar.org/CorpusID:911406}}
}

@inproceedings{wen2016discriminative,
  title={A discriminative feature learning approach for deep face recognition},
  author={Wen, Yandong and Zhang, Kaipeng and Li, Zhifeng and Qiao, Yu},
  booktitle={Computer vision--ECCV 2016: 14th European conference, amsterdam, the netherlands, October 11--14, 2016, proceedings, part VII 14},
  pages={499--515},
  year={2016},
  organization={Springer},
note = {\url{https://doi.org/10.1007/978-3-319-46478-7_31}}
}

@inproceedings{woo2023convnext,
  title={Convnext v2: Co-designing and scaling convnets with masked autoencoders},
  author={Woo, Sanghyun and Debnath, Shoubhik and Hu, Ronghang and Chen, Xinlei and Liu, Zhuang and Kweon, In So and Xie, Saining},
  booktitle={Proceedings of the IEEE/CVF Conference on Computer Vision and Pattern Recognition},
  pages={16133--16142},
  year={2023},
  note = {\mydoi{10.1109/CVPR52729.2023.01548}}
}

@article{xie2020unsupervised,
  title={Unsupervised data augmentation for consistency training},
  author={Xie, Qizhe and Dai, Zihang and Hovy, Eduard and Luong, Thang and Le, Quoc},
  journal={Advances in neural information processing systems},
  volume={33},
  pages={6256--6268},
  year={2020},
  note = {\mydoi{10.48550/arXiv.1904.12848}}

}

@article{zhu2022contrastive,
  title={Contrastive learning via local activity},
  author={Zhu, He and Chen, Yang and Hu, Guyue and Yu, Shan},
  journal={Electronics},
  volume={12},
  number={1},
  pages={147},
  year={2022},
  publisher={MDPI},
  note ={\mydoi{10.3390/electronics12010147}}
}

