@article{rumelhart1986learning,
  title={Learning representations by back-propagating errors},
  author={Rumelhart, David E and Hinton, Geoffrey E and Williams, Ronald J},
  journal={nature},
  volume={323},
  number={6088},
  pages={533--536},
  year={1986},
  publisher={Nature Publishing Group UK London},
  note = {\mydoi{10.1038/323533a0}}
}


@article{hinton2022forward,
  title={The forward-forward algorithm: Some preliminary investigations},
  author={Hinton, Geoffrey},
  journal={arXiv preprint arXiv:2212.13345},
  year={2022},
  note = {\mydoi{10.48550/arXiv.2212.13345}}
}

@article{Bromley1993SignatureVU,
  title={Signature Verification Using A "Siamese" Time Delay Neural Network},
  author={Jane Bromley and James W. Bentz and L{\'e}on Bottou and Isabelle M Guyon and Yann LeCun and Cliff Moore and Eduard S{\"a}ckinger and Roopak Shah},
  journal={Int. J. Pattern Recognit. Artif. Intell.},
  year={1993},
  volume={7},
  pages={669-688},
  note = {\mydoi{10.1142/S0218001493000339}}

}



@inproceedings{hadsell2006dimensionality,
  title={Dimensionality reduction by learning an invariant mapping},
  author={Hadsell, Raia and Chopra, Sumit and LeCun, Yann},
  booktitle={2006 IEEE computer society conference on computer vision and pattern recognition (CVPR'06)},
  volume={2},
  pages={1735--1742},
  year={2006},
  organization={IEEE},
  note = {\mydoi{10.1109/CVPR.2006.100}}
}

@article{BALDI198953,
title = {Neural networks and principal component analysis: Learning from examples without local minima},
journal = {Neural Networks},
volume = {2},
number = {1},
pages = {53-58},
year = {1989},
issn = {0893-6080},
author = {Pierre Baldi and Kurt Hornik},
note = {\mydoi{10.1016/0893-6080(89)90014-2}}
}

@article{xie2020unsupervised,
  title={Unsupervised data augmentation for consistency training},
  author={Xie, Qizhe and Dai, Zihang and Hovy, Eduard and Luong, Thang and Le, Quoc},
  journal={Advances in neural information processing systems},
  volume={33},
  pages={6256--6268},
  year={2020},
  note = {\mydoi{10.48550/arXiv.1904.12848}}

}

@inproceedings{NIPS2014_07563a3f,
 author = {Dosovitskiy, Alexey and Springenberg, Jost Tobias and Riedmiller, Martin and Brox, Thomas},
 booktitle = {Advances in Neural Information Processing Systems},
 pages = {},
 publisher = {Curran Associates, Inc.},
 title = {Discriminative Unsupervised Feature Learning with Convolutional Neural Networks},
 volume = {27},
 year = {2014},
 note = {\mydoi{10.48550/arXiv.1406.6909}}
}

@article{LU2023283,
title = {Bidirectionally self-normalizing neural networks},
journal = {Neural Networks},
volume = {167},
pages = {283-291},
year = {2023},
issn = {0893-6080},
author = {Yao Lu and Stephen Gould and Thalaiyasingam Ajanthan},
note = {\mydoi{10.1016/j.neunet.2023.08.017}}
}

@inproceedings{lawrence2000overfitting,
  title={Overfitting and neural networks: conjugate gradient and backpropagation},
  author={Lawrence, Steve and Giles, C Lee},
  booktitle={Proceedings of the IEEE-INNS-ENNS International Joint Conference on Neural Networks. IJCNN 2000. Neural Computing: New Challenges and Perspectives for the New Millennium},
  volume={1},
  pages={114--119},
  year={2000},
  organization={IEEE},
  note = {\mydoi{10.1109/IJCNN.2000.857823}}
}


@inproceedings{woo2023convnext,
  title={Convnext v2: Co-designing and scaling convnets with masked autoencoders},
  author={Woo, Sanghyun and Debnath, Shoubhik and Hu, Ronghang and Chen, Xinlei and Liu, Zhuang and Kweon, In So and Xie, Saining},
  booktitle={Proceedings of the IEEE/CVF Conference on Computer Vision and Pattern Recognition},
  pages={16133--16142},
  year={2023},
  note = {\mydoi{10.1109/CVPR52729.2023.01548}}
}


@article{lecun1998gradient,
  title={Gradient-based learning applied to document recognition},
  author={LeCun, Yann and Bottou, L{\'e}on and Bengio, Yoshua and Haffner, Patrick},
  journal={Proceedings of the IEEE},
  volume={86},
  number={11},
  pages={2278--2324},
  year={1998},
  publisher={Ieee},
  note = {\mydoi{10.1109/5.726791}}

}

@article{simonyan2014very,
  title={Very deep convolutional networks for large-scale image recognition},
  author={Simonyan, Karen and Zisserman, Andrew},
  journal={arXiv preprint arXiv:1409.1556},
  year={2014},
  note = {\mydoi{10.48550/arXiv.1409.1556}}
}

@article{krizhevsky2012imagenet,
  title={Imagenet classification with deep convolutional neural networks},
  author={Krizhevsky, Alex and Sutskever, Ilya and Hinton, Geoffrey E},
  journal={Advances in neural information processing systems},
  volume={25},
  year={2012},
  note = {\mydoi{10.1145/3065386}}
}
@inproceedings{he2016deep,
  title={Deep residual learning for image recognition},
  author={He, Kaiming and Zhang, Xiangyu and Ren, Shaoqing and Sun, Jian},
  booktitle={Proceedings of the IEEE conference on computer vision and pattern recognition},
  pages={770--778},
  year={2016},
  note = {\mydoi{10.1109/CVPR.2016.90}}
}

@inproceedings{hu2018squeeze,
  title={Squeeze-and-excitation networks},
  author={Hu, Jie and Shen, Li and Sun, Gang},
  booktitle={Proceedings of the IEEE conference on computer vision and pattern recognition},
  pages={7132--7141},
  year={2018},
  note = {\mydoi{10.1109/CVPR.2018.00745}}
}

@article{tan2019efficientnet,
  title={Efficientnet: Rethinking model scaling for convolutional neural networks},
  author={Tan, Mingxing},
  journal={arXiv preprint arXiv:1905.11946},
  year={2019}
}
@InProceedings{pmlr-v97-tan19a,
  title = 	 {{E}fficient{N}et: Rethinking Model Scaling for Convolutional Neural Networks},
  author =       {Tan, Mingxing and Le, Quoc},
  booktitle = 	 {Proceedings of the 36th International Conference on Machine Learning},
  pages = 	 {6105--6114},
  year = 	 {2019},
  volume = 	 {97},
  series = 	 {Proceedings of Machine Learning Research},
  month = 	 {09--15 Jun},
  publisher =    {PMLR},
  pdf = 	 {http://proceedings.mlr.press/v97/tan19a/tan19a.pdf},
  note = {\mydoi{10.48550/arXiv.1905.11946}}
}
@inproceedings{koch2015siamese,
  title={Siamese neural networks for one-shot image recognition},
  author={Koch, Gregory and Zemel, Richard and Salakhutdinov, Ruslan and others},
  booktitle={ICML deep learning workshop},
  volume={2},
  number={1},
  pages={1--30},
  year={2015},
  organization={Lille},
  note = {\url{https://api.semanticscholar.org/CorpusID:13874643}}
}

@inproceedings{schroff2015facenet,
  title={Facenet: A unified embedding for face recognition and clustering},
  author={Schroff, Florian and Kalenichenko, Dmitry and Philbin, James},
  booktitle={Proceedings of the IEEE conference on computer vision and pattern recognition},
  pages={815--823},
  year={2015},
  note = {\mydoi{10.1109/CVPR.2015.72986821}}
}
@inproceedings{wen2016discriminative,
  title={A discriminative feature learning approach for deep face recognition},
  author={Wen, Yandong and Zhang, Kaipeng and Li, Zhifeng and Qiao, Yu},
  booktitle={Computer vision--ECCV 2016: 14th European conference, amsterdam, the netherlands, October 11--14, 2016, proceedings, part VII 14},
  pages={499--515},
  year={2016},
  organization={Springer},
note = {\url{https://doi.org/10.1007/978-3-319-46478-7_31}}
}

@article{liu2016large,
  title={Large-margin softmax loss for convolutional neural networks},
  author={Liu, Weiyang and Wen, Yandong and Yu, Zhiding and Yang, Meng},
  journal={arXiv preprint arXiv:1612.02295},
  year={2016},
  note = {\mydoi{10.48550/arXiv.1612.02295}}
}
@inproceedings{karkehabadi2024ffcl,
  title={FFCL: Forward-Forward Net with Cortical Loops, Training and Inference on Edge Without Backpropogation},
  author={Karkehabadi, Ali and Homayoun, Houman and Sasan, Avesta},
  booktitle={Proceedings of the Great Lakes Symposium on VLSI 2024},
  pages={626--632},
  year={2024}
}

@inproceedings{Nair2010RectifiedLU,
  title={Rectified Linear Units Improve Restricted Boltzmann Machines},
  author={Vinod Nair and Geoffrey E. Hinton},
  booktitle={International Conference on Machine Learning},
  year={2010},
  note={\url{https://api.semanticscholar.org/CorpusID:15539264}}
}
@article{scodellaro2023training,
  title={Training Convolutional Neural Networks with the Forward-Forward algorithm},
  author={Scodellaro, Riccardo and Kulkarni, Ajinkya and Alves, Frauke and Schr{\"o}ter, Matthias},
  journal={arXiv preprint arXiv:2312.14924},
  year={2023},
  note = {\mydoi{10.48550/arXiv.2312.14924}}
}
@inproceedings{papachristodoulou2024convolutional,
  title={Convolutional Channel-Wise Competitive Learning for the Forward-Forward Algorithm},
  author={Papachristodoulou, Andreas and Kyrkou, Christos and Timotheou, Stelios and Theocharides, Theocharis},
  booktitle={Proceedings of the AAAI Conference on Artificial Intelligence},
  volume={38},
  number={13},
  pages={14536--14544},
  year={2024},
  note = {\mydoi{10.1609/aaai.v38i13.29369}}
}
@article{vaswani2017attention,
  title={Attention is all you need},
  author={Vaswani, Ashish and Shazeer, Noam and Parmar, Niki and Uszkoreit, Jakob and Jones, Llion and Gomez, Aidan N and Kaiser, {\L}ukasz and Polosukhin, Illia},
  journal={Advances in neural information processing systems},
  volume={30},
  year={2017},
  note = {\mydoi{10.48550/arXiv.1706.03762}}
}

@article{dosovitskiy2020image,
  title={An image is worth 16x16 words: Transformers for image recognition at scale},
  author={Dosovitskiy, Alexey and Beyer, Lucas and Kolesnikov, Alexander and Weissenborn, Dirk and Zhai, Xiaohua and Unterthiner, Thomas and Dehghani, Mostafa and Minderer, Matthias and Heigold, Georg and Gelly, Sylvain and others},
  journal={arXiv preprint arXiv:2010.11929},
  year={2020},
  note = {\mydoi{10.48550/arXiv.2010.11929}}
}

@article{lillicrap2020backpropagation,
  title={Backpropagation and the brain},
  author={Lillicrap, Timothy P and Santoro, Adam and Marris, Luke and Akerman, Colin J and Hinton, Geoffrey},
  journal={Nature Reviews Neuroscience},
  volume={21},
  number={6},
  pages={335--346},
  year={2020},
  publisher={Nature Publishing Group UK London},
  note = {\mydoi{10.1038/s41583-020-0277-3}}
}


@inproceedings{aghagolzadeh2024marginal,
  title={Marginal Contrastive Loss: A Step Forward for Forward-Forward},
  author={Aghagolzadeh, Hossein and Ezoji, Mehdi},
  booktitle={2024 13th Iranian/3rd International Machine Vision and Image Processing Conference (MVIP)},
  pages={1--6},
  year={2024},
  organization={IEEE},
  note = {\mydoi{10.1109/MVIP62238.2024.10491157}}
}

@article{sohn2016improved,
  title={Improved deep metric learning with multi-class n-pair loss objective},
  author={Sohn, Kihyuk},
  journal={Advances in neural information processing systems},
  volume={29},
  year={2016},
  note = {\url{https://api.semanticscholar.org/CorpusID:911406}}
}
@inproceedings{chen2020simple,
  title={A simple framework for contrastive learning of visual representations},
  author={Chen, Ting and Kornblith, Simon and Norouzi, Mohammad and Hinton, Geoffrey},
  booktitle={International conference on machine learning},
  pages={1597--1607},
  year={2020},
  organization={PMLR},
  note = {\mydoi{10.48550/arXiv.2002.05709}}
}

@article{khosla2020supervised,
  title={Supervised contrastive learning},
  author={Khosla, Prannay and Teterwak, Piotr and Wang, Chen and Sarna, Aaron and Tian, Yonglong and Isola, Phillip and Maschinot, Aaron and Liu, Ce and Krishnan, Dilip},
  journal={Advances in neural information processing systems},
  volume={33},
  pages={18661--18673},
  year={2020},
  note = {\mydoi{10.48550/arXiv.2103.00020}}
}

@article{oord2018representation,
  title={Representation learning with contrastive predictive coding},
  author={Oord, Aaron van den and Li, Yazhe and Vinyals, Oriol},
  journal={arXiv preprint arXiv:1807.03748},
  year={2018},
  note = {\mydoi{10.48550/arXiv.1807.03748}}
}

@article{beyer2022better,
  title={Better plain vit baselines for imagenet-1k},
  author={Beyer, Lucas and Zhai, Xiaohua and Kolesnikov, Alexander},
  journal={arXiv preprint arXiv:2205.01580},
  year={2022},
  note = {\mydoi{10.48550/arXiv.2205.01580}}
}

@article{deng2012mnist,
  title={The mnist database of handwritten digit images for machine learning research},
  author={Deng, Li},
  journal={IEEE Signal Processing Magazine},
  volume={29},
  number={6},
  pages={141--142},
  year={2012},
  publisher={IEEE}
}

@article{krizhevsky2009learning,
  title={Learning multiple layers of features from tiny images},
  author={Krizhevsky, Alex and Hinton, Geoffrey and others},
  year={2009},
  publisher={Toronto, ON, Canada},
  note = {\url{https://www.cs.toronto.edu/~kriz/cifar.html}}
}

@article{le2015tiny,
  title={Tiny imagenet visual recognition challenge},
  author={Le, Ya and Yang, Xuan},
  journal={CS 231N},
  volume={7},
  number={7},
  pages={3},
  year={2015},
  note ={\url{https://api.semanticscholar.org/CorpusID:16664790}}
}

@inproceedings{deng2009imagenet,
  title={Imagenet: A large-scale hierarchical image database},
  author={Deng, Jia and Dong, Wei and Socher, Richard and Li, Li-Jia and Li, Kai and Fei-Fei, Li},
  booktitle={2009 IEEE conference on computer vision and pattern recognition},
  pages={248--255},
  year={2009},
  organization={Ieee},
  note = {\mydoi{10.1109/CVPR.2009.5206848}}
}

@article{zhang2020class,
  title={Class-variant margin normalized softmax loss for deep face recognition},
  author={Zhang, Wanping and Chen, Yongru and Yang, Wenming and Wang, Guijin and Xue, Jing-Hao and Liao, Qingmin},
  journal={IEEE Transactions on Neural Networks and Learning Systems},
  volume={32},
  number={10},
  pages={4742--4747},
  year={2020},
  publisher={IEEE}
}

@inproceedings{sun2020fixing,
  title={Fixing localization errors to improve image classification},
  author={Sun, Guolei and Khan, Salman and Li, Wen and Cholakkal, Hisham and Khan, Fahad Shahbaz and Van Gool, Luc},
  booktitle={Computer Vision--ECCV 2020: 16th European Conference, Glasgow, UK, August 23--28, 2020, Proceedings, Part XXV 16},
  pages={271--287},
  year={2020},
  organization={Springer}
}

@article{du2021parameter,
  title={Parameter-free loss for class-imbalanced deep learning in image classification},
  author={Du, Jie and Zhou, Yanhong and Liu, Peng and Vong, Chi-Man and Wang, Tianfu},
  journal={IEEE Transactions on Neural Networks and Learning Systems},
  volume={34},
  number={6},
  pages={3234--3240},
  year={2021},
  publisher={IEEE}
}
@inproceedings{ranasinghe2021orthogonal,
  title={Orthogonal projection loss},
  author={Ranasinghe, Kanchana and Naseer, Muzammal and Hayat, Munawar and Khan, Salman and Khan, Fahad Shahbaz},
  booktitle={Proceedings of the IEEE/CVF international conference on computer vision},
  pages={12333--12343},
  year={2021}
}
@inproceedings{cubuk2020randaugment,
  title={Randaugment: Practical automated data augmentation with a reduced search space},
  author={Cubuk, Ekin D and Zoph, Barret and Shlens, Jonathon and Le, Quoc V},
  booktitle={Proceedings of the IEEE/CVF conference on computer vision and pattern recognition workshops},
  pages={702--703},
  year={2020},
  note = {\mydoi{10.1109/CVPRW50498.2020.00359}}
}
@inproceedings{tan2021efficientnetv2,
  title={Efficientnetv2: Smaller models and faster training},
  author={Tan, Mingxing and Le, Quoc},
  booktitle={International conference on machine learning},
  pages={10096--10106},
  year={2021},
  organization={PMLR},
  note = {\mydoi{10.48550/arXiv.2104.00298}}
}
@inproceedings{touvron2021training,
  title={Training data-efficient image transformers \& distillation through attention},
  author={Touvron, Hugo and Cord, Matthieu and Douze, Matthijs and Massa, Francisco and Sablayrolles, Alexandre and J{\'e}gou, Herv{\'e}},
  booktitle={International conference on machine learning},
  pages={10347--10357},
  year={2021},
  organization={PMLR},
  note = {\mydoi{10.48550/arXiv.2012.12877}}
}

@inproceedings{liu2021swin,
  title={Swin transformer: Hierarchical vision transformer using shifted windows},
  author={Liu, Ze and Lin, Yutong and Cao, Yue and Hu, Han and Wei, Yixuan and Zhang, Zheng and Lin, Stephen and Guo, Baining},
  booktitle={Proceedings of the IEEE/CVF international conference on computer vision},
  pages={10012--10022},
  year={2021},
  note = {\mydoi{10.1109/ICCV48922.2021.00986}}
}

@article{fisher1936use,
  title={The use of multiple measurements in taxonomic problems},
  author={Fisher, Ronald A},
  journal={Annals of eugenics},
  volume={7},
  number={2},
  pages={179--188},
  year={1936},
  publisher={Wiley Online Library},
note = {\url{https://doi.org/10.1111/J.1469-1809.1936.TB02137.X}}
}

@article{JMLR:v9:vandermaaten08a,
  author  = {Laurens van der Maaten and Geoffrey Hinton},
  title   = {Visualizing Data using t-SNE},
  journal = {Journal of Machine Learning Research},
  year    = {2008},
  volume  = {9},
  number  = {86},
  pages   = {2579--2605},
  note ={\url{http://jmlr.org/papers/v9/vandermaaten08a.html}}
}

@inproceedings{liu2022convnet,
  title={A convnet for the 2020s},
  author={Liu, Zhuang and Mao, Hanzi and Wu, Chao-Yuan and Feichtenhofer, Christoph and Darrell, Trevor and Xie, Saining},
  booktitle={Proceedings of the IEEE/CVF conference on computer vision and pattern recognition},
  pages={11976--11986},
  year={2022},
  note = {\mydoi{10.1109/CVPR52688.2022.01167}}
}

@inproceedings{lorberbom2024layer,
  title={Layer collaboration in the forward-forward algorithm},
  author={Lorberbom, Guy and Gat, Itai and Adi, Yossi and Schwing, Alexander and Hazan, Tamir},
  booktitle={Proceedings of the AAAI Conference on Artificial Intelligence},
  volume={38},
  number={13},
  pages={14141--14148},
  year={2024},
  note = {\mydoi{10.1609/aaai.v38i13.29324}}
}
@inproceedings{musgrave2020metric,
  title={A metric learning reality check},
  author={Musgrave, Kevin and Belongie, Serge and Lim, Ser-Nam},
  booktitle={Computer Vision--ECCV 2020: 16th European Conference, Glasgow, UK, August 23--28, 2020, Proceedings, Part XXV 16},
  pages={681--699},
  year={2020},
  organization={Springer},
  note = {\mydoi{10.48550/arXiv.2003.08505}}
}

@article{fedus2022switch,
  title={Switch transformers: Scaling to trillion parameter models with simple and efficient sparsity},
  author={Fedus, William and Zoph, Barret and Shazeer, Noam},
  journal={Journal of Machine Learning Research},
  volume={23},
  number={120},
  pages={1--39},
  year={2022}
}


@inproceedings{he2020momentum,
  title={Momentum contrast for unsupervised visual representation learning},
  author={He, Kaiming and Fan, Haoqi and Wu, Yuxin and Xie, Saining and Girshick, Ross},
  booktitle={Proceedings of the IEEE/CVF conference on computer vision and pattern recognition},
  pages={9729--9738},
  year={2020},
  note = {\mydoi{10.1109/CVPR42600.2020.00975}}
}

@article{chen2020improved,
  title={Improved baselines with momentum contrastive learning},
  author={Chen, Xinlei and Fan, Haoqi and Girshick, Ross and He, Kaiming},
  journal={arXiv preprint arXiv:2003.04297},
  year={2020},
  note = {\mydoi{10.48550/arXiv.2003.04297}}
}

@inproceedings{radford2021learning,
  title={Learning transferable visual models from natural language supervision},
  author={Radford, Alec and Kim, Jong Wook and Hallacy, Chris and Ramesh, Aditya and Goh, Gabriel and Agarwal, Sandhini and Sastry, Girish and Askell, Amanda and Mishkin, Pamela and Clark, Jack and others},
  booktitle={International conference on machine learning},
  pages={8748--8763},
  year={2021},
  organization={PMLR},
  note = {\mydoi{10.48550/arXiv.2103.00020}}
}


@article{lee2023symba,
  title={Symba: Symmetric backpropagation-free contrastive learning with forward-forward algorithm for optimizing convergence},
  author={Lee, Heung-Chang and Song, Jeonggeun},
  journal={arXiv preprint arXiv:2303.08418},
  year={2023},
  note = {\mydoi{10.48550/arXiv.2303.08418}}
}

@article{zhu2022contrastive,
  title={Contrastive learning via local activity},
  author={Zhu, He and Chen, Yang and Hu, Guyue and Yu, Shan},
  journal={Electronics},
  volume={12},
  number={1},
  pages={147},
  year={2022},
  publisher={MDPI},
  note ={\mydoi{10.3390/electronics12010147}}
}




@inproceedings{ahamed2023ffcl,
  title={FFCL: Forward-Forward contrastive learning for improved medical image classification},
  author={Ahamed, Md Atik and Chen, Jin and Imran, Abdullah Al Zubaer},
  booktitle={Medical Imaging with Deep Learning, short paper track},
  year={2023},
  note = {\mydoi{10.48550/arXiv.2305.02927}}
}

@article{tolstikhin2021mlp,
  title={Mlp-mixer: An all-mlp architecture for vision},
  author={Tolstikhin, Ilya O and Houlsby, Neil and Kolesnikov, Alexander and Beyer, Lucas and Zhai, Xiaohua and Unterthiner, Thomas and Yung, Jessica and Steiner, Andreas and Keysers, Daniel and Uszkoreit, Jakob and others},
  journal={Advances in neural information processing systems},
  volume={34},
  pages={24261--24272},
  year={2021},
  note = {\mydoi{10.48550/arXiv.2105.01601}}
}

@misc{fuyu-8b,
  author = {Bavishi, Rohan and Elsen, Erich and Hawthorne, Curtis and Nye, Maxwell and Odena, Augustus and Somani, Arushi and  Ta\c{s}\i{}rlar, Sa\u{g}nak},
  title = {Introducing our Multimodal Models},
  year = {2023},
    note = {\url{https://www.adept.ai/blog/fuyu-8b}}
}
@inproceedings{DBLP:conf/iclr/LoshchilovH19,
  author       = {Ilya Loshchilov and
                  Frank Hutter},
  title        = {Decoupled Weight Decay Regularization},
  booktitle    = {7th International Conference on Learning Representations, {ICLR} 2019,
                  New Orleans, LA, USA, May 6-9, 2019},
  publisher    = {OpenReview.net},
  year         = {2019},
  note = {\mydoi{10.48550/arXiv.1711.05101}}
}


@inproceedings{mahajan2018exploring,
  title={Exploring the limits of weakly supervised pretraining},
  author={Mahajan, Dhruv and Girshick, Ross and Ramanathan, Vignesh and He, Kaiming and Paluri, Manohar and Li, Yixuan and Bharambe, Ashwin and Van Der Maaten, Laurens},
  booktitle={Proceedings of the European conference on computer vision (ECCV)},
  pages={181--196},
  year={2018},
  note = {\mydoi{10.48550/arXiv.1805.00932}}
}

@inproceedings{yuan2021tokens,
  title={Tokens-to-token vit: Training vision transformers from scratch on imagenet},
  author={Yuan, Li and Chen, Yunpeng and Wang, Tao and Yu, Weihao and Shi, Yujun and Jiang, Zi-Hang and Tay, Francis EH and Feng, Jiashi and Yan, Shuicheng},
  booktitle={Proceedings of the IEEE/CVF international conference on computer vision},
  pages={558--567},
  year={2021},
  note = {\mydoi{10.1109/ICCV48922.2021.00060}}
}

@inproceedings{paszke2019pytorch,
  title={PyTorch: An Imperative Style, High-Performance Deep Learning Library},
  author={Paszke, Adam and Gross, Sam and Massa, Francisco and Lerer, Adam and Bradbury, James and Chanan, Gregory and Killeen, Trevor and Lin, Zeming and Gimelshein, Natalia and Antiga, Luca and others},
  booktitle={Advances in Neural Information Processing Systems},
  volume={32},
  year={2019},
  note = {\mydoi{10.48550/arXiv.1912.01703}}
}

