@ARTICLE{Cheng98,
  author={Yizong Cheng},
  journal={IEEE Transactions on Pattern Analysis and Machine Intelligence}, 
  title={Mean shift, mode seeking, and clustering}, 
  year={1995},
  keywords={Kernel;Clustering algorithms;Convergence;Iterative algorithms;Surface treatment;Algorithm design and analysis;Computer science},
  doi={10.1109/34.400568}}

@article{ComaniciuM02Meanshift,
  added-at = {2018-11-14T00:00:00.000+0100},
  author = {Comaniciu, Dorin and Meer, Peter},
  biburl = {https://www.bibsonomy.org/bibtex/2e8c9bfd838620971d2508287eb248970/dblp},
  ee = {https://www.wikidata.org/entity/Q29030425},
  interhash = {480df4f3219f5291f502c247d734e02a},
  intrahash = {e8c9bfd838620971d2508287eb248970},
  journal = {IEEE Trans. Pattern Anal. Mach. Intell.},
  keywords = {dblp},
  number = 5,
  pages = {603-619},
  timestamp = {2018-11-15T14:59:49.000+0100},
  title = {Mean Shift: A Robust Approach Toward Feature Space Analysis.},
  url = {http://dblp.uni-trier.de/db/journals/pami/pami24.html#ComaniciuM02},
  volume = 24,
  year = 2002
}

@article{EnVision2023luciddreamer,
  title={Luciddreamer: Towards high-fidelity text-to-3d generation via interval score matching},
  author={Liang, Yixun and Yang, Xin and Lin, Jiantao and Li, Haodong and Xu, Xiaogang and Chen, Yingcong},
  journal={arXiv preprint arXiv:2311.11284},
  year={2023}
}

@inproceedings{Karras2022edm,
  author    = {Tero Karras and Miika Aittala and Timo Aila and Samuli Laine},
  title     = {Elucidating the Design Space of Diffusion-Based Generative Models},
  booktitle = {Proc. NeurIPS},
  year      = {2022}
}

@InProceedings{Thamizharasan_2024_CVPR,
author    = {Thamizharasan, Vikas and Liu, Difan and Fisher, Matthew and Zhao, Nanxuan and Kalogerakis, Evangelos and Lukac, Michal},
title     = {NIVeL: Neural Implicit Vector Layers for Text-to-Vector Generation},
booktitle = {Proceedings of the IEEE/CVF Conference on Computer Vision and Pattern Recognition (CVPR)},
month     = {June},
year      = {2024},
pages     = {4589-4597},
 }

@misc{alldieck2024scoredistillationsamplinglearned,
      title={Score Distillation Sampling with Learned Manifold Corrective}, 
      author={Thiemo Alldieck and Nikos Kolotouros and Cristian Sminchisescu},
      year={2024},
      eprint={2401.05293},
      archivePrefix={arXiv},
      primaryClass={cs.CV},
      url={https://arxiv.org/abs/2401.05293}, 
}

@article{bah20244dfy,
  author = {Bahmani, Sherwin and Skorokhodov, Ivan and Rong, Victor and Wetzstein, Gordon and Guibas, Leonidas and Wonka, Peter and Tulyakov, Sergey and Park, Jeong Joon and Tagliasacchi, Andrea and Lindell, David B.},
  title = {4D-fy: Text-to-4D Generation Using Hybrid Score Distillation Sampling},
  journal = {IEEE Conference on Computer Vision and Pattern Recognition ({CVPR})},
  year = {2024},
}

@misc{bradley2024classifierfreeguidancepredictorcorrector,
      title={Classifier-Free Guidance is a Predictor-Corrector}, 
      author={Arwen Bradley and Preetum Nakkiran},
      year={2024},
      eprint={2408.09000},
      archivePrefix={arXiv},
      primaryClass={cs.LG},
      url={https://arxiv.org/abs/2408.09000}, 
}

@misc{chen2024a,
title={A Geometric Perspective on Diffusion Models},
author={Defang Chen and Zhenyu Zhou and Jian-Ping Mei and Chunhua Shen and Chun Chen and Can Wang},
year={2024},
url={https://openreview.net/forum?id=WTJv0L5QLX}
}

@article{hertz2023delta, title={Delta Denoising Score}, author={Hertz, Amir and Aberman, Kfir and Cohen-Or, Daniel}, booktitle={arXiv preprint arXiv:2304.07090}, year={2023} }

@inproceedings{jain2023vectorfusion,
  title={Vectorfusion: Text-to-svg by abstracting pixel-based diffusion models},
  author={Jain, Ajay and Xie, Amber and Abbeel, Pieter},
  booktitle={Proceedings of the IEEE/CVF Conference on Computer Vision and Pattern Recognition},
  pages={1911--1920},
  year={2023}
}

@misc{lukoianov2024score,
title={Score Distillation via Reparametrized DDIM}, 
author={Artem Lukoianov and Haitz Sáez de Ocáriz Borde and
Kristjan Greenewald and Vitor Campagnolo Guizilini and Timur Bagautdinov and
Vincent Sitzmann and Justin Solomon},
year={2024},
eprint={2405.15891},
archivePrefix={arXiv},
primaryClass={cs.CV}
}

@article{poole2022dreamfusion,
  author = {Poole, Ben and Jain, Ajay and Barron, Jonathan T. and Mildenhall, Ben},
  title = {DreamFusion: Text-to-3D using 2D Diffusion},
  journal = {arXiv},
  year = {2022},
}

@article{sjc,
      title={Score Jacobian Chaining: Lifting Pretrained 2D Diffusion Models for 3D Generation},
      author={Wang, Haochen and Du, Xiaodan and Li, Jiahao and Yeh, Raymond A. and Shakhnarovich, Greg},
      journal={arXiv preprint arXiv:2212.00774},
      year={2022},
}

@inproceedings{wang2023prolificdreamer,
  title={ProlificDreamer: High-Fidelity and Diverse Text-to-3D Generation with Variational Score Distillation},
  author={Zhengyi Wang and Cheng Lu and Yikai Wang and Fan Bao and Chongxuan Li and Hang Su and Jun Zhu},
  booktitle={Advances in Neural Information Processing Systems (NeurIPS)},
  year={2023}
}

@article{wang2023steindreamer,
  title={SteinDreamer: Variance Reduction for Text-to-3D Score Distillation via Stein Identity},
  author={Wang, Peihao and Fan, Zhiwen and Xu, Dejia and Wang, Dilin and Mohan, Sreyas and Iandola, Forrest and Ranjan, Rakesh and Li, Yilei and Liu, Qiang and Wang, Zhangyang and others},
  journal={arXiv preprint arXiv:2401.00604},
  year={2023}
}}

@article{wang2024esd,
  title={Taming Mode Collapse in Score Distillation for Text-to-3D Generation},
  author={Wang, Peihao and Xu, Dejia and Fan, Zhiwen and Wang, Dilin and Mohan, Sreyas and Iandola, Forrest and Ranjan, Rakesh and Li, Yilei and Liu, Qiang and Wang, Zhangyang and Chandra, Vikas},
  journal={arXiv preprint: 2401.00909},
  year={2024}
}}

@misc{xu2024diversescoredistillation,
      title={Diverse Score Distillation}, 
      author={Yanbo Xu and Jayanth Srinivasa and Gaowen Liu and Shubham Tulsiani},
      year={2024},
      eprint={2412.06780},
      archivePrefix={arXiv},
      primaryClass={cs.CV},
      url={https://arxiv.org/abs/2412.06780}, 
}

@misc{yan2025consistentflowdistillation,
      title={Consistent Flow Distillation for Text-to-3D Generation}, 
      author={Runjie Yan and Yinbo Chen and Xiaolong Wang},
      year={2025},
      eprint={2501.05445},
      archivePrefix={arXiv},
      primaryClass={cs.CV},
      url={https://arxiv.org/abs/2501.05445}, 
}

@inproceedings{yi2023gaussiandreamer,
  title={GaussianDreamer: Fast Generation from Text to 3D Gaussians by Bridging 2D and 3D Diffusion Models},
  author={Yi, Taoran and Fang, Jiemin and Wang, Junjie and Wu, Guanjun and Xie, Lingxi and Zhang, Xiaopeng and Liu, Wenyu and Tian, Qi and Wang, Xinggang},
  year = {2024},
  booktitle = {CVPR}
}

