%%%%%%%%%%%%%%%%%%%%%%%%%%%%
Diffusion and other ML papers
%%%%%%%%%%%%%%%%%%%%%%%%%%%%
@ARTICLE{MikhailLaplace,
  author={Belkin, Mikhail and Niyogi, Partha},
  journal={Neural Computation}, 
  title={Laplacian Eigenmaps for Dimensionality Reduction and Data Representation}, 
  year={2003},
  volume={15},
  number={6},
  pages={1373-1396},
  keywords={},
  doi={10.1162/089976603321780317}}

@article{Roweis2000,
  author = {Roweis, Sam T. and Saul, Lawrence K.},
  doi = {10.1126/science.290.5500.2323},
  journal = {Science},
  keywords = {},
  title = {{Nonlinear Dimensionality Reduction by Locally Linear Embedding}},
  url = {http://www.sciencemag.org/cgi/content/abstract/290/5500/2323},
  username = {jabreftest},
  year = 2000
}


@inproceedings{
song2021denoising,
title={Denoising Diffusion Implicit Models},
author={Jiaming Song and Chenlin Meng and Stefano Ermon},
booktitle={International Conference on Learning Representations},
year={2021},
url={https://openreview.net/forum?id=St1giarCHLP}
}

@inproceedings{
  song2021scorebased,
  title={Score-Based Generative Modeling through Stochastic Differential Equations},
  author={Yang Song and Jascha Sohl-Dickstein and Diederik P Kingma and Abhishek Kumar and Stefano Ermon and Ben Poole},
  booktitle={International Conference on Learning Representations},
  year={2021},
  url={https://openreview.net/forum?id=PxTIG12RRHS}
}

@misc{dhariwal2021diffusion,
      title={Diffusion Models Beat GANs on Image Synthesis}, 
      author={Prafulla Dhariwal and Alex Nichol},
      year={2021},
      eprint={2105.05233},
      archivePrefix={arXiv},
      primaryClass={cs.LG}
}

@inproceedings{
ho2021classifierfree,
title={Classifier-Free Diffusion Guidance},
author={Jonathan Ho and Tim Salimans},
booktitle={NeurIPS 2021 Workshop on Deep Generative Models and Downstream Applications},
year={2021},
url={https://openreview.net/forum?id=qw8AKxfYbI}
}

@inproceedings{Karras2022edm,
  author    = {Tero Karras and Miika Aittala and Timo Aila and Samuli Laine},
  title     = {Elucidating the Design Space of Diffusion-Based Generative Models},
  booktitle = {Proc. NeurIPS},
  year      = {2022}
}

@inproceedings{liu2022pseudo,
    title={Pseudo Numerical Methods for Diffusion Models on Manifolds},
    author={Luping Liu and Yi Ren and Zhijie Lin and Zhou Zhao},
    booktitle={International Conference on Learning Representations},
    year={2022},
    url={https://openreview.net/forum?id=PlKWVd2yBkY}
}

@misc{chen2024a,
title={A Geometric Perspective on Diffusion Models},
author={Defang Chen and Zhenyu Zhou and Jian-Ping Mei and Chunhua Shen and Chun Chen and Can Wang},
year={2024},
url={https://openreview.net/forum?id=WTJv0L5QLX}
}

@inproceedings{lipman2023flow,
title={Flow Matching for Generative Modeling},
author={Yaron Lipman and Ricky T. Q. Chen and Heli Ben-Hamu and Maximilian Nickel and Matthew Le},
booktitle={The Eleventh International Conference on Learning Representations },
year={2023},
url={https://openreview.net/forum?id=PqvMRDCJT9t}
}

@misc{rozen2021moserflowdivergencebasedgenerative,
      title={Moser Flow: Divergence-based Generative Modeling on Manifolds}, 
      author={Noam Rozen and Aditya Grover and Maximilian Nickel and Yaron Lipman},
      year={2021},
      eprint={2108.08052},
      archivePrefix={arXiv},
      primaryClass={stat.ML},
      url={https://arxiv.org/abs/2108.08052}, 
}

@inproceedings{
karras2024guiding,
title={Guiding a Diffusion Model with a Bad Version of Itself},
author={Tero Karras and Miika Aittala and Tuomas Kynk{\"a}{\"a}nniemi and Jaakko Lehtinen and Timo Aila and Samuli Laine},
booktitle={The Thirty-eighth Annual Conference on Neural Information Processing Systems},
year={2024},
url={https://openreview.net/forum?id=bg6fVPVs3s}
}

@inproceedings{
kynkaanniemi2024applying,
title={Applying Guidance in a Limited Interval Improves Sample and Distribution Quality in Diffusion Models},
author={Tuomas Kynk{\"a}{\"a}nniemi and Miika Aittala and Tero Karras and Samuli Laine and Timo Aila and Jaakko Lehtinen},
booktitle={The Thirty-eighth Annual Conference on Neural Information Processing Systems},
year={2024},
url={https://openreview.net/forum?id=nAIhvNy15T}
}

@misc{bradley2024classifierfreeguidancepredictorcorrector,
      title={Classifier-Free Guidance is a Predictor-Corrector}, 
      author={Arwen Bradley and Preetum Nakkiran},
      year={2024},
      eprint={2408.09000},
      archivePrefix={arXiv},
      primaryClass={cs.LG},
      url={https://arxiv.org/abs/2408.09000}, 
}

%%%%%%%%%%%%%%%%%%%%%%%%%%%%
SDS papers
%%%%%%%%%%%%%%%%%%%%%%%%%%%%

@article{sjc,
      title={Score Jacobian Chaining: Lifting Pretrained 2D Diffusion Models for 3D Generation},
      author={Wang, Haochen and Du, Xiaodan and Li, Jiahao and Yeh, Raymond A. and Shakhnarovich, Greg},
      journal={arXiv preprint arXiv:2212.00774},
      year={2022},
}

@article{poole2022dreamfusion,
  author = {Poole, Ben and Jain, Ajay and Barron, Jonathan T. and Mildenhall, Ben},
  title = {DreamFusion: Text-to-3D using 2D Diffusion},
  journal = {arXiv},
  year = {2022},
}

@article{wang2024esd,
  title={Taming Mode Collapse in Score Distillation for Text-to-3D Generation},
  author={Wang, Peihao and Xu, Dejia and Fan, Zhiwen and Wang, Dilin and Mohan, Sreyas and Iandola, Forrest and Ranjan, Rakesh and Li, Yilei and Liu, Qiang and Wang, Zhangyang and Chandra, Vikas},
  journal={arXiv preprint: 2401.00909},
  year={2024}
}}

@misc{lukoianov2024score,
title={Score Distillation via Reparametrized DDIM}, 
author={Artem Lukoianov and Haitz Sáez de Ocáriz Borde and
Kristjan Greenewald and Vitor Campagnolo Guizilini and Timur Bagautdinov and
Vincent Sitzmann and Justin Solomon},
year={2024},
eprint={2405.15891},
archivePrefix={arXiv},
primaryClass={cs.CV}
}

@article{wang2023steindreamer,
  title={SteinDreamer: Variance Reduction for Text-to-3D Score Distillation via Stein Identity},
  author={Wang, Peihao and Fan, Zhiwen and Xu, Dejia and Wang, Dilin and Mohan, Sreyas and Iandola, Forrest and Ranjan, Rakesh and Li, Yilei and Liu, Qiang and Wang, Zhangyang and others},
  journal={arXiv preprint arXiv:2401.00604},
  year={2023}
}}

 @article{hertz2023delta, title={Delta Denoising Score}, author={Hertz, Amir and Aberman, Kfir and Cohen-Or, Daniel}, booktitle={arXiv preprint arXiv:2304.07090}, year={2023} } 

@inproceedings{jain2023vectorfusion,
  title={Vectorfusion: Text-to-svg by abstracting pixel-based diffusion models},
  author={Jain, Ajay and Xie, Amber and Abbeel, Pieter},
  booktitle={Proceedings of the IEEE/CVF Conference on Computer Vision and Pattern Recognition},
  pages={1911--1920},
  year={2023}
}

@inproceedings{yi2023gaussiandreamer,
  title={GaussianDreamer: Fast Generation from Text to 3D Gaussians by Bridging 2D and 3D Diffusion Models},
  author={Yi, Taoran and Fang, Jiemin and Wang, Junjie and Wu, Guanjun and Xie, Lingxi and Zhang, Xiaopeng and Liu, Wenyu and Tian, Qi and Wang, Xinggang},
  year = {2024},
  booktitle = {CVPR}
}

@inproceedings{
katzir2024noisefree,
title={Noise-free Score Distillation},
author={Oren Katzir and Or Patashnik and Daniel Cohen-Or and Dani Lischinski},
booktitle={The Twelfth International Conference on Learning Representations},
year={2024},
url={https://openreview.net/forum?id=dlIMcmlAdk}
}

@inproceedings{
yu2024texttod,
title={Text-to-3D with Classifier Score Distillation},
author={Xin Yu and Yuan-Chen Guo and Yangguang Li and Ding Liang and Song-Hai Zhang and XIAOJUAN QI},
booktitle={The Twelfth International Conference on Learning Representations},
year={2024},
url={https://openreview.net/forum?id=ktG8Tun1Cy}
}

@article{bah20244dfy,
  author = {Bahmani, Sherwin and Skorokhodov, Ivan and Rong, Victor and Wetzstein, Gordon and Guibas, Leonidas and Wonka, Peter and Tulyakov, Sergey and Park, Jeong Joon and Tagliasacchi, Andrea and Lindell, David B.},
  title = {4D-fy: Text-to-4D Generation Using Hybrid Score Distillation Sampling},
  journal = {IEEE Conference on Computer Vision and Pattern Recognition ({CVPR})},
  year = {2024},
}

@article{EnVision2023luciddreamer,
  title={Luciddreamer: Towards high-fidelity text-to-3d generation via interval score matching},
  author={Liang, Yixun and Yang, Xin and Lin, Jiantao and Li, Haodong and Xu, Xiaogang and Chen, Yingcong},
  journal={arXiv preprint arXiv:2311.11284},
  year={2023}
}

@InProceedings{Thamizharasan_2024_CVPR,
author    = {Thamizharasan, Vikas and Liu, Difan and Fisher, Matthew and Zhao, Nanxuan and Kalogerakis, Evangelos and Lukac, Michal},
title     = {NIVeL: Neural Implicit Vector Layers for Text-to-Vector Generation},
booktitle = {Proceedings of the IEEE/CVF Conference on Computer Vision and Pattern Recognition (CVPR)},
month     = {June},
year      = {2024},
pages     = {4589-4597},
 }
@misc{alldieck2024scoredistillationsamplinglearned,
      title={Score Distillation Sampling with Learned Manifold Corrective}, 
      author={Thiemo Alldieck and Nikos Kolotouros and Cristian Sminchisescu},
      year={2024},
      eprint={2401.05293},
      archivePrefix={arXiv},
      primaryClass={cs.CV},
      url={https://arxiv.org/abs/2401.05293}, 
}

@Misc{threestudio2023,
  author =       {Yuan-Chen Guo and Ying-Tian Liu and Ruizhi Shao and Christian Laforte and Vikram Voleti and Guan Luo and Chia-Hao Chen and Zi-Xin Zou and Chen Wang and Yan-Pei Cao and Song-Hai Zhang},
  title =        {threestudio: A unified framework for 3D content generation},
  howpublished = {\url{https://github.com/threestudio-project/threestudio}},
  year =         {2023}
}

%%%%%%%%%%%%%%%%%%%%%%%%%%%%%%%%%%%%%%%%%%%%%%%%%%%%%
%%%%%%%%%%%%%%%%%% Others %%%%%%%%%%%%%%%%%%%%%%%%%%%
%%%%%%%%%%%%%%%%%%%%%%%%%%%%%%%%%%%%%%%%%%%%%%%%%%%%%

@inproceedings{
brown2023,
title={Verifying the Union of Manifolds Hypothesis for Image Data},
author={Bradley CA Brown and Anthony L. Caterini and Brendan Leigh Ross and Jesse C Cresswell and Gabriel Loaiza-Ganem},
booktitle={The Eleventh International Conference on Learning Representations },
year={2023},
url={https://openreview.net/forum?id=Rvee9CAX4fi}
}

@inproceedings{
pope2021,
title={The Intrinsic Dimension of Images and Its Impact on Learning},
author={Phil Pope and Chen Zhu and Ahmed Abdelkader and Micah Goldblum and Tom Goldstein},
booktitle={International Conference on Learning Representations},
year={2021},
url={https://openreview.net/forum?id=XJk19XzGq2J}
}

@article{scikit-image,
 title = {scikit-image: image processing in {P}ython},
 author = {van der Walt, {S}t\'efan and {S}ch\"onberger, {J}ohannes {L}. and
           {Nunez-Iglesias}, {J}uan and {B}oulogne, {F}ran\c{c}ois and {W}arner,
           {J}oshua {D}. and {Y}ager, {N}eil and {G}ouillart, {E}mmanuelle and
           {Y}u, {T}ony and the scikit-image contributors},
 year = {2014},
 month = {6},
 keywords = {Image processing, Reproducible research, Education,
             Visualization, Open source, Python, Scientific programming},
 volume = {2},
 pages = {e453},
 journal = {PeerJ},
 issn = {2167-8359},
 url = {https://doi.org/10.7717/peerj.453},
 doi = {10.7717/peerj.453}
}

@article{Kynkaanniemi2019,
  author    = {Tuomas Kynkäänniemi and Tero Karras
               and Samuli Laine and Jaakko Lehtinen
               and Timo Aila},
  title     = {Improved Precision and Recall Metric for Assessing Generative Models},
  journal   = {CoRR},
  volume    = {abs/1904.06991},
  year      = {2019},
}

@article{ComaniciuM02Meanshift,
  added-at = {2018-11-14T00:00:00.000+0100},
  author = {Comaniciu, Dorin and Meer, Peter},
  biburl = {https://www.bibsonomy.org/bibtex/2e8c9bfd838620971d2508287eb248970/dblp},
  ee = {https://www.wikidata.org/entity/Q29030425},
  interhash = {480df4f3219f5291f502c247d734e02a},
  intrahash = {e8c9bfd838620971d2508287eb248970},
  journal = {IEEE Trans. Pattern Anal. Mach. Intell.},
  keywords = {dblp},
  number = 5,
  pages = {603-619},
  timestamp = {2018-11-15T14:59:49.000+0100},
  title = {Mean Shift: A Robust Approach Toward Feature Space Analysis.},
  url = {http://dblp.uni-trier.de/db/journals/pami/pami24.html#ComaniciuM02},
  volume = 24,
  year = 2002
}

@ARTICLE{Cheng98,
  author={Yizong Cheng},
  journal={IEEE Transactions on Pattern Analysis and Machine Intelligence}, 
  title={Mean shift, mode seeking, and clustering}, 
  year={1995},
  keywords={Kernel;Clustering algorithms;Convergence;Iterative algorithms;Surface treatment;Algorithm design and analysis;Computer science},
  doi={10.1109/34.400568}}


@article{Comaniciu2003BandwidthSelection,
author = {Comaniciu, Dorin},
title = {An Algorithm for Data-Driven Bandwidth Selection},
year = {2003},
volume = {25},
url = {https://doi.org/10.1109/TPAMI.2003.1177159},
}

@inproceedings{
grathwohl2018scalable,
title={Scalable Reversible Generative Models with Free-form Continuous Dynamics},
author={Will Grathwohl and Ricky T. Q. Chen and Jesse Bettencourt and David Duvenaud},
booktitle={International Conference on Learning Representations},
year={2019},
url={https://openreview.net/forum?id=rJxgknCcK7},
}

@inproceedings{kingmaB14Adam,
  author       = {Diederik P. Kingma and
                  Jimmy Ba},
  editor       = {Yoshua Bengio and
                  Yann LeCun},
  title        = {Adam: {A} Method for Stochastic Optimization},
  booktitle    = {3rd International Conference on Learning Representations, {ICLR} 2015,
                  San Diego, CA, USA, May 7-9, 2015, Conference Track Proceedings},
  year         = {2015},
  url          = {http://arxiv.org/abs/1412.6980},
  timestamp    = {Thu, 25 Jul 2019 14:25:37 +0200},
  biburl       = {https://dblp.org/rec/journals/corr/KingmaB14.bib},
  bibsource    = {dblp computer science bibliography, https://dblp.org}
}

@article{mueller2022instant,
    author = {Thomas M\"uller and Alex Evans and Christoph Schied and Alexander Keller},
    title = {Instant Neural Graphics Primitives with a Multiresolution Hash Encoding},
    journal = {ACM Trans. Graph.},
    issue_date = {July 2022},
    volume = {41},
    number = {4},
    month = jul,
    year = {2022},
    pages = {102:1--102:15},
    articleno = {102},
    numpages = {15},
    url = {https://doi.org/10.1145/3528223.3530127},
    doi = {10.1145/3528223.3530127},
    publisher = {ACM},
    address = {New York, NY, USA},
}

@misc{clipscore,
  title = {openai/clip-vit-large-patch14},
  howpublished = {\url{https://torchmetrics.readthedocs.io/en/stable/multimodal/clip_score.html\#id3}},
  note = {}
}

@misc{xu2024diversescoredistillation,
      title={Diverse Score Distillation}, 
      author={Yanbo Xu and Jayanth Srinivasa and Gaowen Liu and Shubham Tulsiani},
      year={2024},
      eprint={2412.06780},
      archivePrefix={arXiv},
      primaryClass={cs.CV},
      url={https://arxiv.org/abs/2412.06780}, 
}

@misc{yan2025consistentflowdistillation,
      title={Consistent Flow Distillation for Text-to-3D Generation}, 
      author={Runjie Yan and Yinbo Chen and Xiaolong Wang},
      year={2025},
      eprint={2501.05445},
      archivePrefix={arXiv},
      primaryClass={cs.CV},
      url={https://arxiv.org/abs/2501.05445}, 
}

@inproceedings{wang2023prolificdreamer,
  title={ProlificDreamer: High-Fidelity and Diverse Text-to-3D Generation with Variational Score Distillation},
  author={Zhengyi Wang and Cheng Lu and Yikai Wang and Fan Bao and Chongxuan Li and Hang Su and Jun Zhu},
  booktitle={Advances in Neural Information Processing Systems (NeurIPS)},
  year={2023}
}

@inproceedings{heusel2017fid,
author = {Heusel, Martin and Ramsauer, Hubert and Unterthiner, Thomas and Nessler, Bernhard and Hochreiter, Sepp},
title = {GANs trained by a two time-scale update rule converge to a local nash equilibrium},
year = {2017},
isbn = {9781510860964},
publisher = {Curran Associates Inc.},
address = {Red Hook, NY, USA},
booktitle = {Proceedings of the 31st International Conference on Neural Information Processing Systems},
pages = {6629–6640},
numpages = {12},
location = {Long Beach, California, USA},
series = {NIPS'17}
}