% Use this file for citations not found in the ACL Anthology (contained in "anthology.bib").

@book{Aho:72,
    author  = {Alfred V. Aho and Jeffrey D. Ullman},
    title   = {The Theory of Parsing, Translation and Compiling},
    year    = "1972",
    volume  = "1",
    publisher = {Prentice-Hall},
    address = {Englewood Cliffs, NJ}
}

@book{APA:83,
    author  = {{American Psychological Association}},
    title   = {Publications Manual},
    year    = "1983",
    publisher = {American Psychological Association},
    address = {Washington, DC}
}

@article{Chandra:81,
	author = {Ashok K. Chandra and Dexter C. Kozen and Larry J. Stockmeyer},
	year = "1981",
	title = {Alternation},
	journal = {Journal of the Association for Computing Machinery},
	volume = "28",
	number = "1",
	pages = "114--133",
	doi = "10.1145/322234.322243",
}

@inproceedings{andrew2007scalable,
  title={Scalable training of {L1}-regularized log-linear models},
  author={Andrew, Galen and Gao, Jianfeng},
  booktitle={Proceedings of the 24th International Conference on Machine Learning},
  pages={33--40},
  year={2007},
}

@book{Gusfield:97,
    author  = {Dan Gusfield},
    title   = {Algorithms on Strings, Trees and Sequences},
    year    = "1997",
    publisher = {Cambridge University Press},
    address = {Cambridge, UK}
}

@article{rasooli-tetrault-2015,
    author    = {Mohammad Sadegh Rasooli and Joel R. Tetreault},
    title     = {Yara Parser: {A} Fast and Accurate Dependency Parser},
    journal   = {Computing Research Repository},
    volume    = {arXiv:1503.06733},
    year      = {2015},
    url       = {http://arxiv.org/abs/1503.06733},
    note    = {version 2}
}

@article{Ando2005,
	Acmid = {1194905},
	Author = {Ando, Rie Kubota and Zhang, Tong},
	Issn = {1532-4435},
	Issue_Date = {12/1/2005},
	Journal = {Journal of Machine Learning Research},
	Month = dec,
	Numpages = {37},
	Pages = {1817--1853},
	Publisher = {JMLR.org},
	Title = {A Framework for Learning Predictive Structures from Multiple Tasks and Unlabeled Data},
	Volume = {6},
	Year = {2005}
}

@inproceedings{langley00,
 author    = {P. Langley},
 title     = {Crafting Papers on Machine Learning},
 year      = {2000},
 pages     = {1207--1216},
 editor    = {Pat Langley},
 booktitle     = {Proceedings of the 17th International Conference
              on Machine Learning (ICML 2000)},
 address   = {Stanford, CA},
 publisher = {Morgan Kaufmann}
}
@inproceedings{mocov3,
  title={An empirical study of training self-supervised vision transformers. In 2021 IEEE},
  author={Chen, X and Xie, S and He, K},
  booktitle={CVF International Conference on Computer Vision (ICCV)},
  pages={9620--9629},
    year={2021}
}
@inproceedings{zbontar2021barlow,
  title={Barlow twins: Self-supervised learning via redundancy reduction},
  author={Zbontar, Jure and Jing, Li and Misra, Ishan and LeCun, Yann and Deny, St{\'e}phane},
  booktitle={International Conference on Machine Learning},
  pages={12310--12320},
  year={2021},
  organization={PMLR}
}
@article{crt,
  title={Self-supervised time series representation learning via cross reconstruction transformer},
  author={Zhang, Wenrui and Yang, Ling and Geng, Shijia and Hong, Shenda},
  journal={IEEE Transactions on Neural Networks and Learning Systems},
  year={2023},
  publisher={IEEE}
}
@article{kad,
  title={Knowledge-enhanced visual-language pre-training on chest radiology images},
  author={Zhang, Xiaoman and Wu, Chaoyi and Zhang, Ya and Xie, Weidi and Wang, Yanfeng},
  journal={Nature Communications},
  volume={14},
  number={1},
  pages={4542},
  year={2023},
  publisher={Nature Publishing Group UK London}
}
@inproceedings{pratt2023does,
  title={What does a platypus look like? generating customized prompts for zero-shot image classification},
  author={Pratt, Sarah and Covert, Ian and Liu, Rosanne and Farhadi, Ali},
  booktitle={Proceedings of the IEEE/CVF International Conference on Computer Vision},
  pages={15691--15701},
  year={2023}
}
@inproceedings{stmem,
  title={Guiding Masked Representation Learning to Capture Spatio-Temporal Relationship of Electrocardiogram},
  author={Na, Yeongyeon and Park, Minje and Tae, Yunwon and Joo, Sunghoon},
  booktitle={The Twelfth International Conference on Learning Representations},
  year={2023}
}

@TechReport{mitchell80,
  author = 	 "T. M. Mitchell",
  title = 	 "The Need for Biases in Learning Generalizations",
  institution =  "Computer Science Department, Rutgers University",
  year = 	 "1980",
  address =	 "New Brunswick, MA",
}

@phdthesis{kearns89,
  author = {M. J. Kearns},
  title =  {Computational Complexity of Machine Learning},
  school = {Department of Computer Science, Harvard University},
  year =   {1989}
}
@article{dosovitskiy2020image,
  title={An image is worth 16x16 words: Transformers for image recognition at scale},
  author={Dosovitskiy, Alexey and Beyer, Lucas and Kolesnikov, Alexander and Weissenborn, Dirk and Zhai, Xiaohua and Unterthiner, Thomas and Dehghani, Mostafa and Minderer, Matthias and Heigold, Georg and Gelly, Sylvain and others},
  journal={arXiv preprint arXiv:2010.11929},
  year={2020}
}
@article{liu2023exploring,
  title={Exploring the Boundaries of GPT-4 in Radiology},
  author={Liu, Qianchu and Hyland, Stephanie and Bannur, Shruthi and Bouzid, Kenza and Castro, Daniel C and Wetscherek, Maria Teodora and Tinn, Robert and Sharma, Harshita and P{\'e}rez-Garc{\'\i}a, Fernando and Schwaighofer, Anton and others},
  journal={arXiv preprint arXiv:2310.14573},
  year={2023}
}
@article{hyland2023maira,
  title={MAIRA-1: A specialised large multimodal model for radiology report generation},
  author={Hyland, Stephanie L and Bannur, Shruthi and Bouzid, Kenza and Castro, Daniel C and Ranjit, Mercy and Schwaighofer, Anton and P{\'e}rez-Garc{\'\i}a, Fernando and Salvatelli, Valentina and Srivastav, Shaury and Thieme, Anja and others},
  journal={arXiv preprint arXiv:2311.13668},
  year={2023}
}
@inproceedings{rubel2016scp,
  title={SCP-ECG V3. 0: An enhanced standard communication protocol for computer-assisted electrocardiography},
  author={Rubel, Paul and Pani, Danilo and Schloegl, Alois and Fayn, Jocelyne and Badilini, Fabio and Macfarlane, Peter W and Varri, Alpo},
  booktitle={2016 Computing in Cardiology Conference (CinC)},
  pages={309--312},
  year={2016},
  organization={IEEE}
}
@inproceedings{stearns2001snomed,
  title={SNOMED clinical terms: overview of the development process and project status.},
  author={Stearns, Michael Q and Price, Colin and Spackman, Kent A and Wang, Amy Y},
  booktitle={Proceedings of the AMIA Symposium},
  pages={662},
  year={2001},
  organization={American Medical Informatics Association}
}
@article{umapathi2023med,
  title={Med-halt: Medical domain hallucination test for large language models},
  author={Umapathi, Logesh Kumar and Pal, Ankit and Sankarasubbu, Malaikannan},
  journal={arXiv preprint arXiv:2307.15343},
  year={2023}
}
@Book{MachineLearningI,
  editor = 	 "R. S. Michalski and J. G. Carbonell and T.
		  M. Mitchell",
  title = 	 "Machine Learning: An Artificial Intelligence
		  Approach, Vol. I",
  publisher = 	 "Tioga",
  year = 	 "1983",
  address =	 "Palo Alto, CA"
}

@Book{DudaHart2nd,
  author =       "R. O. Duda and P. E. Hart and D. G. Stork",
  title =        "Pattern Classification",
  publisher =    "John Wiley and Sons",
  edition =      "2nd",
  year =         "2000"
}

@misc{anonymous,
  title= {Suppressed for Anonymity},
  author= {Author, N. N.},
  year= {2021}
}

@InCollection{Newell81,
  author =       "A. Newell and P. S. Rosenbloom",
  title =        "Mechanisms of Skill Acquisition and the Law of
                  Practice", 
  booktitle =    "Cognitive Skills and Their Acquisition",
  pages =        "1--51",
  publisher =    "Lawrence Erlbaum Associates, Inc.",
  year =         "1981",
  editor =       "J. R. Anderson",
  chapter =      "1",
  address =      "Hillsdale, NJ"
}



@Article{Samuel59,
  author = 	 "A. L. Samuel",
  title = 	 "Some Studies in Machine Learning Using the Game of
		  Checkers",
  journal =	 "IBM Journal of Research and Development",
  year =	 "1959",
  volume =	 "3",
  number =	 "3",
  pages =	 "211--229"
}

@article{kong2020sound,
  title={Sound event detection of weakly labelled data with CNN-transformer and automatic threshold optimization},
  author={Kong, Qiuqiang and Xu, Yong and Wang, Wenwu and Plumbley, Mark D},
  journal={IEEE/ACM Transactions on Audio, Speech, and Language Processing},
  volume={28},
  pages={2450--2460},
  year={2020},
  publisher={IEEE}
}

@article{ye2021sound,
  title={Sound Event Detection Transformer: An Event-based End-to-End Model for Sound Event Detection},
  author={Ye, Zhirong and Wang, Xiangdong and Liu, Hong and Qian, Yueliang and Tao, Rui and Yan, Long and Ouchi, Kazushige},
  journal={arXiv preprint arXiv:2110.02011},
  year={2021}
}

@article{warden2018speech,
  title={Speech commands: A dataset for limited-vocabulary speech recognition},
  author={Warden, Pete},
  journal={arXiv preprint arXiv:1804.03209},
  year={2018}
}

@article{vaswani2017attention,
  title={Attention is all you need},
  author={Vaswani, Ashish and Shazeer, Noam and Parmar, Niki and Uszkoreit, Jakob and Jones, Llion and Gomez, Aidan N and Kaiser, {\L}ukasz and Polosukhin, Illia},
  journal={Advances in neural information processing systems},
  volume={30},
  year={2017}
}

@article{gong2021ast,
  title={AST: Audio Spectrogram Transformer},
  author={Gong, Yuan and Chung, Yu-An and Glass, James},
  journal={Interspeech},
  year={2021}
}

@inproceedings{touvron2021training,
  title={Training data-efficient image transformers \& distillation through attention},
  author={Touvron, Hugo and Cord, Matthieu and Douze, Matthijs and Massa, Francisco and Sablayrolles, Alexandre and J{\'e}gou, Herv{\'e}},
  booktitle={International Conference on Machine Learning},
  pages={10347--10357},
  year={2021},
  organization={PMLR}
}
@article{liu2023etp,
  title={Etp: Learning transferable ecg representations via ecg-text pre-training},
  author={Liu, Che and Wan, Zhongwei and Cheng, Sibo and Zhang, Mi and Arcucci, Rossella},
  journal={arXiv preprint arXiv:2309.07145},
  year={2023}
}
@article{johnson2019mimic,
  title={MIMIC-CXR, a de-identified publicly available database of chest radiographs with free-text reports},
  author={Johnson, Alistair EW and Pollard, Tom J and Berkowitz, Seth J and Greenbaum, Nathaniel R and Lungren, Matthew P and Deng, Chih-ying and Mark, Roger G and Horng, Steven},
  journal={Scientific data},
  volume={6},
  number={1},
  pages={317},
  year={2019},
  publisher={Nature Publishing Group UK London}
}
@article{li2023frozen,
  title={Frozen Language Model Helps ECG Zero-Shot Learning},
  author={Li, Jun and Liu, Che and Cheng, Sibo and Arcucci, Rossella and Hong, Shenda},
  journal={arXiv preprint arXiv:2303.12311},
  year={2023}
}
@article{tang2022quadtree,
  title={QuadTree Attention for Vision Transformers},
  author={Tang, Shitao and Zhang, Jiahui and Zhu, Siyu and Tan, Ping},
  journal={arXiv preprint arXiv:2201.02767},
  year={2022}
}

@inproceedings{chen2022hts,
  title={HTS-AT: A hierarchical token-semantic audio transformer for sound classification and detection},
  author={Chen, Ke and Du, Xingjian and Zhu, Bilei and Ma, Zejun and Berg-Kirkpatrick, Taylor and Dubnov, Shlomo},
  booktitle={ICASSP 2022-2022 IEEE International Conference on Acoustics, Speech and Signal Processing (ICASSP)},
  pages={646--650},
  year={2022},
  organization={IEEE}
}

@inproceedings{liu2021swin,
  title={Swin transformer: Hierarchical vision transformer using shifted windows},
  author={Liu, Ze and Lin, Yutong and Cao, Yue and Hu, Han and Wei, Yixuan and Zhang, Zheng and Lin, Stephen and Guo, Baining},
  booktitle={Proceedings of the IEEE/CVF International Conference on Computer Vision},
  pages={10012--10022},
  year={2021}
}

@article{dong2021cswin,
  title={Cswin transformer: A general vision transformer backbone with cross-shaped windows},
  author={Dong, Xiaoyi and Bao, Jianmin and Chen, Dongdong and Zhang, Weiming and Yu, Nenghai and Yuan, Lu and Chen, Dong and Guo, Baining},
  journal={arXiv preprint arXiv:2107.00652},
  year={2021}
}

@article{shaw2018self,
  title={Self-attention with relative position representations},
  author={Shaw, Peter and Uszkoreit, Jakob and Vaswani, Ashish},
  journal={arXiv preprint arXiv:1803.02155},
  year={2018}
}

@article{wang2021pvtv2,
  title={PVTv2: Improved Baselines with Pyramid Vision Transformer},
  author={Wang, Wenhai and Xie, Enze and Li, Xiang and Fan, Deng-Ping and Song, Kaitao and Liang, Ding and Lu, Tong and Luo, Ping and Shao, Ling},
  journal={arXiv preprint arXiv:2106.13797},
  year={2021}
}

@inproceedings{wang2021pyramid,
  title={Pyramid vision transformer: A versatile backbone for dense prediction without convolutions},
  author={{Wang, Wenhai and Xie, Enze and Li, Xiang and Fan, Deng-Ping and Song, Kaitao and Liang, Ding and Lu, Tong and Luo, Ping and Shao, Ling}},
  booktitle={Proceedings of the IEEE/CVF International Conference on Computer Vision},
  pages={568--578},
  year={2021}
}


@inproceedings{gemmeke2017audio,
  title={Audio set: An ontology and human-labeled dataset for audio events},
  author={Gemmeke, Jort F and Ellis, Daniel PW and Freedman, Dylan and Jansen, Aren and Lawrence, Wade and Moore, R Channing and Plakal, Manoj and Ritter, Marvin},
  booktitle={2017 IEEE international conference on acoustics, speech and signal processing (ICASSP)},
  pages={776--780},
  year={2017},
  organization={IEEE}
}

@article{kong2020panns,
  title={Panns: Large-scale pretrained audio neural networks for audio pattern recognition},
  author={Kong, Qiuqiang and Cao, Yin and Iqbal, Turab and Wang, Yuxuan and Wang, Wenwu and Plumbley, Mark D},
  journal={IEEE/ACM Transactions on Audio, Speech, and Language Processing},
  volume={28},
  pages={2880--2894},
  year={2020},
  publisher={IEEE}
}

@article{gong2021psla,
  title={Psla: Improving audio tagging with pretraining, sampling, labeling, and aggregation},
  author={Gong, Yuan and Chung, Yu-An and Glass, James},
  journal={IEEE/ACM Transactions on Audio, Speech, and Language Processing},
  volume={29},
  pages={3292--3306},
  year={2021},
  publisher={IEEE}
}

@article{dinkel2021towards,
  title={Towards duration robust weakly supervised sound event detection},
  author={Dinkel, Heinrich and Wu, Mengyue and Yu, Kai},
  journal={IEEE/ACM Transactions on Audio, Speech, and Language Processing},
  volume={29},
  pages={887--900},
  year={2021},
  publisher={IEEE}
}

@article{zhang2017mixup,
  title={mixup: Beyond empirical risk minimization},
  author={Zhang, Hongyi and Cisse, Moustapha and Dauphin, Yann N and Lopez-Paz, David},
  journal={arXiv preprint arXiv:1710.09412},
  year={2017}
}

@article{park2019specaugment,
  title={Specaugment: A simple data augmentation method for automatic speech recognition},
  author={Park, Daniel S and Chan, William and Zhang, Yu and Chiu, Chung-Cheng and Zoph, Barret and Cubuk, Ekin D and Le, Quoc V},
  journal={Interspeech},
  year={2019}
}

@inproceedings{deng2009imagenet,
  title={Imagenet: A large-scale hierarchical image database},
  author={Deng, Jia and Dong, Wei and Socher, Richard and Li, Li-Jia and Li, Kai and Fei-Fei, Li},
  booktitle={2009 IEEE conference on computer vision and pattern recognition},
  pages={248--255},
  year={2009},
  organization={Ieee}
}

@inproceedings{ford2019deep,
  title={A Deep Residual Network for Large-Scale Acoustic Scene Analysis.},
  author={Ford, Logan and Tang, Hao and Grondin, Fran{\c{c}}ois and Glass, James R},
  booktitle={Interspeech},
  pages={2568--2572},
  year={2019}
}


@article{lee2017ensemble,
  title={Ensemble of convolutional neural networks for weakly-supervised sound event detection using multiple scale input},
  author={Lee, Donmoon and Lee, Subin and Han, Yoonchang and Lee, Kyogu},
  journal={Detection and classification of acoustic scenes and events (DCASE)},
  year={2017}
}

@inproceedings{salamon2017scaper,
  title={Scaper: A library for soundscape synthesis and augmentation},
  author={Salamon, Justin and MacConnell, Duncan and Cartwright, Mark and Li, Peter and Bello, Juan Pablo},
  booktitle={2017 IEEE Workshop on Applications of Signal Processing to Audio and Acoustics (WASPAA)},
  pages={344--348},
  year={2017},
  organization={IEEE}
}

@inproceedings{huang2020multi,
  title={Multi-branch learning for weakly-labeled sound event detection},
  author={Huang, Yuxin and Wang, Xiangdong and Lin, Liwei and Liu, Hong and Qian, Yueliang},
  booktitle={ICASSP 2020-2020 IEEE International Conference on Acoustics, Speech and Signal Processing (ICASSP)},
  pages={641--645},
  year={2020},
  organization={IEEE}
}

@inproceedings{martin2019sound,
  title={Sound event envelope estimation in polyphonic mixtures},
  author={Mart{\'\i}n-Morat{\'o}, Irene and Mesaros, Annamaria and Heittola, Toni and Virtanen, Tuomas and Cobos, Maximo and Ferri, Francesc J},
  booktitle={ICASSP 2019-2019 IEEE International Conference on Acoustics, Speech and Signal Processing (ICASSP)},
  pages={935--939},
  year={2019},
  organization={IEEE}
}

@article{wang2021crossformer,
  title={Crossformer: A versatile vision transformer based on cross-scale attention},
  author={Wang, Wenxiao and Yao, Lu and Chen, Long and Cai, Deng and He, Xiaofei and Liu, Wei},
  journal={arXiv e-prints},
  pages={arXiv--2108},
  year={2021}
}

@article{ren2021shunted,
  title={Shunted Self-Attention via Multi-Scale Token Aggregation},
  author={Ren, Sucheng and Zhou, Daquan and He, Shengfeng and Feng, Jiashi and Wang, Xinchao},
  journal={arXiv preprint arXiv:2111.15193},
  year={2021}
}

@article{yang2021focal,
  title={Focal self-attention for local-global interactions in vision transformers},
  author={Yang, Jianwei and Li, Chunyuan and Zhang, Pengchuan and Dai, Xiyang and Xiao, Bin and Yuan, Lu and Gao, Jianfeng},
  journal={arXiv preprint arXiv:2107.00641},
  year={2021}
}

@article{liu2022convnet,
  title={A ConvNet for the 2020s},
  author={Liu, Zhuang and Mao, Hanzi and Wu, Chao-Yuan and Feichtenhofer, Christoph and Darrell, Trevor and Xie, Saining},
  journal={arXiv preprint arXiv:2201.03545},
  year={2022}
}

@article{bilen2019framework,
  title={A Framework for the Robust Evaluation of Sound Event Detection},
  author={Bilen, Cagdas and Ferroni, Giacomo and Tuveri, Francesco and Azcarreta, Juan and Krstulovic, Sacha},
  journal={arXiv preprint arXiv:1910.08440},
  year={2019}
}

@article{ding2022scaling,
  title={Scaling Up Your Kernels to 31x31: Revisiting Large Kernel Design in CNNs},
  author={Ding, Xiaohan and Zhang, Xiangyu and Zhou, Yizhuang and Han, Jungong and Ding, Guiguang and Sun, Jian},
  journal={arXiv preprint arXiv:2203.06717},
  year={2022}
}

@article{xin2022audio,
  title={Audio Pyramid Transformer with Domain Adaption for Weakly Supervised Sound Event Detection and Audio Classification},
  author={Xin, Yifei and Yang, Dongchao and Zou, Yuexian},
  journal={Proc. Interspeech 2022},
  pages={1546--1550},
  year={2022}
}

@article{zhu2022weakly,
  title={Weakly Supervised Object Localization as Domain Adaption},
  author={Zhu, Lei and She, Qi and Chen, Qian and You, Yunfei and Wang, Boyu and Lu, Yanye},
  journal={arXiv preprint arXiv:2203.01714},
  year={2022}
}

@inproceedings{yu2019transfer,
  title={Transfer learning with dynamic adversarial adaptation network},
  author={Yu, Chaohui and Wang, Jindong and Chen, Yiqiang and Huang, Meiyu},
  booktitle={2019 IEEE International Conference on Data Mining (ICDM)},
  pages={778--786},
  year={2019},
  organization={IEEE}
}

@inproceedings{kang2019contrastive,
  title={Contrastive adaptation network for unsupervised domain adaptation},
  author={Kang, Guoliang and Jiang, Lu and Yang, Yi and Hauptmann, Alexander G},
  booktitle={Proceedings of the IEEE/CVF Conference on Computer Vision and Pattern Recognition},
  pages={4893--4902},
  year={2019}
}

@inproceedings{ganin2015unsupervised,
  title={Unsupervised domain adaptation by backpropagation},
  author={Ganin, Yaroslav and Lempitsky, Victor},
  booktitle={International conference on machine learning},
  pages={1180--1189},
  year={2015},
  organization={PMLR}
}

@inproceedings{weston2006inference,
  title={Inference with the universum},
  author={Weston, Jason and Collobert, Ronan and Sinz, Fabian and Bottou, L{\'e}on and Vapnik, Vladimir},
  booktitle={Proceedings of the 23rd international conference on Machine learning},
  pages={1009--1016},
  year={2006}
}

@article{gretton2012kernel,
  title={A kernel two-sample test},
  author={Gretton, Arthur and Borgwardt, Karsten M and Rasch, Malte J and Sch{\"o}lkopf, Bernhard and Smola, Alexander},
  journal={The Journal of Machine Learning Research},
  volume={13},
  number={1},
  pages={723--773},
  year={2012},
  publisher={JMLR. org}
}

@inproceedings{mesaros2017dcase,
  title={DCASE 2017 challenge setup: Tasks, datasets and baseline system},
  author={Mesaros, Annamaria and Heittola, Toni and Diment, Aleksandr and Elizalde, Benjamin and Shah, Ankit and Vincent, Emmanuel and Raj, Bhiksha and Virtanen, Tuomas},
  booktitle={DCASE 2017-Workshop on Detection and Classification of Acoustic Scenes and Events},
  year={2017}
}

@article{mesaros2016metrics,
  title={Metrics for polyphonic sound event detection},
  author={Mesaros, Annamaria and Heittola, Toni and Virtanen, Tuomas},
  journal={Applied Sciences},
  volume={6},
  number={6},
  pages={162},
  year={2016},
  publisher={Multidisciplinary Digital Publishing Institute}
}

@article{loshchilov2017decoupled,
  title={Decoupled weight decay regularization},
  author={Loshchilov, Ilya and Hutter, Frank},
  journal={arXiv preprint arXiv:1711.05101},
  year={2017}
}

@article{yao2021survey,
  title={A survey on causal inference},
  author={Yao, Liuyi and Chu, Zhixuan and Li, Sheng and Li, Yaliang and Gao, Jing and Zhang, Aidong},
  journal={ACM Transactions on Knowledge Discovery from Data (TKDD)},
  volume={15},
  number={5},
  pages={1--46},
  year={2021},
  publisher={ACM New York, NY, USA}
}

@article{hogan2019causal,
  title={Causal inference in statistics: A primer. Judea Pearl, Maria Glymour, and Nicholas Jewell, John Wiley \& Sons, Ltd., Chichester, UK},
  author={Hogan, Joseph W and others},
  journal={Biometrics},
  volume={75},
  number={2},
  pages={708--709},
  year={2019},
  publisher={The International Biometric Society}
}

@article{knudsen2019beyond,
  title={Beyond the limits of survey experiments: How conjoint designs advance causal inference in political communication research},
  author={Knudsen, Erik and Johannesson, Mikael Poul},
  journal={Political Communication},
  volume={36},
  number={2},
  pages={259--271},
  year={2019},
  publisher={Taylor \& Francis}
}

@article{molina2021deciphering,
  title={Deciphering the complex interplay between pancreatic cancer, diabetes mellitus subtypes and obesity/BMI through causal inference and mediation analyses},
  author={Molina-Montes, Esther and Coscia, Claudia and G{\'o}mez-Rubio, Paulina and Fern{\'a}ndez, Alba and Boenink, Rianne and Rava, Marta and M{\'a}rquez, Mirari and Molero, Xavier and L{\"o}hr, Matthias and Sharp, Linda and others},
  journal={Gut},
  volume={70},
  number={2},
  pages={319--329},
  year={2021},
  publisher={BMJ Publishing Group}
}

@article{qin2021causal,
  title={Causal interventional training for image recognition},
  author={Qin, Wei and Zhang, Hanwang and Hong, Richang and Lim, Ee-Peng and Sun, Qianru},
  journal={IEEE Transactions on Multimedia},
  year={2021},
  publisher={IEEE}
}

@article{schmidt2018making,
  title={Making stronger causal inferences: Accounting for selection bias in associations between high performance work systems, leadership, and employee and customer satisfaction.},
  author={Schmidt, Joseph A and Pohler, Dionne M},
  journal={Journal of Applied Psychology},
  volume={103},
  number={9},
  pages={1001},
  year={2018},
  publisher={American Psychological Association}
}

@article{besserve2018counterfactuals,
  title={Counterfactuals uncover the modular structure of deep generative models},
  author={Besserve, Michel and Mehrjou, Arash and Sun, R{\'e}my and Sch{\"o}lkopf, Bernhard},
  journal={arXiv preprint arXiv:1812.03253},
  year={2018}
}

@inproceedings{parascandolo2018learning,
  title={Learning independent causal mechanisms},
  author={Parascandolo, Giambattista and Kilbertus, Niki and Rojas-Carulla, Mateo and Sch{\"o}lkopf, Bernhard},
  booktitle={International Conference on Machine Learning},
  pages={4036--4044},
  year={2018},
  organization={PMLR}
}

@article{galanti2020critical,
  title={A critical view of the structural causal model},
  author={Galanti, Tomer and Nabati, Ofir and Wolf, Lior},
  journal={arXiv preprint arXiv:2002.10007},
  year={2020}
}

@inproceedings{adib2020causally,
  title={A causally formulated hazard ratio estimation through backdoor adjustment on structural causal model},
  author={Adib, Riddhiman and Griffin, Paul and Ahamed, Sheikh Iqbal and Adibuzzaman, Mohammad},
  booktitle={Machine Learning for Healthcare Conference},
  pages={376--396},
  year={2020},
  organization={PMLR}
}

@article{zhang2020causal,
  title={Causal intervention for weakly-supervised semantic segmentation},
  author={Zhang, Dong and Zhang, Hanwang and Tang, Jinhui and Hua, Xian-Sheng and Sun, Qianru},
  journal={Advances in Neural Information Processing Systems},
  volume={33},
  pages={655--666},
  year={2020}
}

@article{yin2022markov,
  title={Markov categories, causal theories, and the do-calculus},
  author={Yin, Yimu and Zhang, Jiji},
  journal={arXiv preprint arXiv:2204.04821},
  year={2022}
}

@article{ding2019neural,
  title={Neural image caption generation with weighted training and reference},
  author={Ding, Guiguang and Chen, Minghai and Zhao, Sicheng and Chen, Hui and Han, Jungong and Liu, Qiang},
  journal={Cognitive Computation},
  volume={11},
  number={6},
  pages={763--777},
  year={2019},
  publisher={Springer}
}

@inproceedings{shao2021improving,
  title={Improving Weakly Supervised Object Localization via Causal Intervention},
  author={Shao, Feifei and Luo, Yawei and Zhang, Li and Ye, Lu and Tang, Siliang and Yang, Yi and Xiao, Jun},
  booktitle={Proceedings of the 29th ACM International Conference on Multimedia},
  pages={3321--3329},
  year={2021}
}

@inproceedings{wakayama2022cnn,
  title={CNN-Transformer with Self-Attention Network for Sound Event Detection},
  author={Wakayama, Keigo and Saito, Shoichiro},
  booktitle={ICASSP 2022-2022 IEEE International Conference on Acoustics, Speech and Signal Processing (ICASSP)},
  pages={806--810},
  year={2022},
  organization={IEEE}
}

@book{virtanen2018computational,
  title={Computational analysis of sound scenes and events},
  author={Virtanen, Tuomas and Plumbley, Mark D and Ellis, Dan},
  year={2018},
  publisher={Springer}
}

@incollection{bello2018sound,
  title={Sound analysis in smart cities},
  author={Bello, Juan Pablo and Mydlarz, Charlie and Salamon, Justin},
  booktitle={Computational Analysis of Sound Scenes and Events},
  pages={373--397},
  year={2018},
  publisher={Springer}
}

@article{krstulovic2018audio,
  title={Audio event recognition in the smart home},
  author={Krstulovi{\'c}, Sacha},
  journal={Computational Analysis of Sound Scenes and Events},
  pages={335--371},
  year={2018},
  publisher={Springer}
}

@article{chalmers1981method,
  title={A method for assessing the quality of a randomized control trial},
  author={Chalmers, Thomas C and Smith Jr, Harry and Blackburn, Bradley and Silverman, Bernard and Schroeder, Biruta and Reitman, Dinah and Ambroz, Alexander},
  journal={Controlled clinical trials},
  volume={2},
  number={1},
  pages={31--49},
  year={1981},
  publisher={Elsevier}
}

@article{lin2020specialized,
  title={Specialized decision surface and disentangled feature for weakly-supervised polyphonic sound event detection},
  author={Lin, Liwei and Wang, Xiangdong and Liu, Hong and Qian, Yueliang},
  journal={IEEE/ACM Transactions on Audio, Speech, and Language Processing},
  volume={28},
  pages={1466--1478},
  year={2020},
  publisher={IEEE}
}

@inproceedings{zhang2021causal,
  title={Causal intervention for leveraging popularity bias in recommendation},
  author={Zhang, Yang and Feng, Fuli and He, Xiangnan and Wei, Tianxin and Song, Chonggang and Ling, Guohui and Zhang, Yongdong},
  booktitle={Proceedings of the 44th International ACM SIGIR Conference on Research and Development in Information Retrieval},
  pages={11--20},
  year={2021}
}

@article{tang2020long,
  title={Long-tailed classification by keeping the good and removing the bad momentum causal effect},
  author={Tang, Kaihua and Huang, Jianqiang and Zhang, Hanwang},
  journal={Advances in Neural Information Processing Systems},
  volume={33},
  pages={1513--1524},
  year={2020}
}

@book{glymour2016causal,
  title={Causal inference in statistics: A primer},
  author={Glymour, Madelyn and Pearl, Judea and Jewell, Nicholas P},
  year={2016},
  publisher={John Wiley \& Sons}
}

@article{serizel2018large,
  title={Large-scale weakly labeled semi-supervised sound event detection in domestic environments},
  author={Serizel, Romain and Turpault, Nicolas and Eghbal-Zadeh, Hamid and Shah, Ankit Parag},
  journal={arXiv preprint arXiv:1807.10501},
  year={2018}
}

@inproceedings{imoto2019sound,
  title={Sound event detection using graph Laplacian regularization based on event co-occurrence},
  author={Imoto, Keisuke and Kyochi, Seisuke},
  booktitle={ICASSP 2019-2019 IEEE International Conference on Acoustics, Speech and Signal Processing (ICASSP)},
  pages={1--5},
  year={2019},
  organization={IEEE}
}

@article{wang2020modeling,
  title={Modeling label dependencies for audio tagging with graph convolutional network},
  author={Wang, Helin and Zou, Yuexian and Chong, Dading and Wang, Wenwu},
  journal={IEEE Signal Processing Letters},
  volume={27},
  pages={1560--1564},
  year={2020},
  publisher={IEEE}
}

@inproceedings{forre2020causal,
  title={Causal calculus in the presence of cycles, latent confounders and selection bias},
  author={Forr{\'e}, Patrick and Mooij, Joris M},
  booktitle={Uncertainty in Artificial Intelligence},
  pages={71--80},
  year={2020},
  organization={PMLR}
}

@article{berkaya2018survey,
  title={A survey on ECG analysis},
  author={Berkaya, Selcan Kaplan and Uysal, Alper Kursat and Gunal, Efnan Sora and Ergin, Semih and Gunal, Serkan and Gulmezoglu, M Bilginer},
  journal={Biomedical Signal Processing and Control},
  volume={43},
  pages={216--235},
  year={2018},
  publisher={Elsevier}
}

@article{addison2005wavelet,
  title={Wavelet transforms and the ECG: a review},
  author={Addison, Paul S},
  journal={Physiological measurement},
  volume={26},
  number={5},
  pages={R155},
  year={2005},
  publisher={IOP Publishing}
}

@article{tiu2022expert,
  title={Expert-level detection of pathologies from unannotated chest X-ray images via self-supervised learning},
  author={Tiu, Ekin and Talius, Ellie and Patel, Pujan and Langlotz, Curtis P and Ng, Andrew Y and Rajpurkar, Pranav},
  journal={Nature Biomedical Engineering},
  volume={6},
  number={12},
  pages={1399--1406},
  year={2022},
  publisher={Nature Publishing Group}
}

@article{yamacc2022personalized,
  title={A Personalized Zero-Shot ECG Arrhythmia Monitoring System: From Sparse Representation Based Domain Adaption to Energy Efficient Abnormal Beat Detection for Practical ECG Surveillance},
  author={Yama{\c{c}}, Mehmet and Duman, Mert and Adal{\i}o{\u{g}}lu, {\.I}lke and Kiranyaz, Serkan and Gabbouj, Moncef},
  journal={arXiv preprint arXiv:2207.07089},
  year={2022}
}

@article{bhaskarpandit2022lets,
  title={LETS-GZSL: A Latent Embedding Model for Time Series Generalized Zero Shot Learning},
  author={Bhaskarpandit, Sathvik and Gupta, Priyanka and Gupta, Manik},
  journal={arXiv preprint arXiv:2207.12007},
  year={2022}
}
@article{tripathy2019novel,
  title={A novel approach for detection of myocardial infarction from ECG signals of multiple electrodes},
  author={Tripathy, Rajesh Kumar and Bhattacharyya, Abhijit and Pachori, Ram Bilas},
  journal={IEEE Sensors Journal},
  volume={19},
  number={12},
  pages={4509--4517},
  year={2019},
  publisher={IEEE}
}
@article{baloglu2019classification,
  title={Classification of myocardial infarction with multi-lead ECG signals and deep CNN},
  author={Baloglu, Ulas Baran and Talo, Muhammed and Yildirim, Ozal and San Tan, Ru and Acharya, U Rajendra},
  journal={Pattern Recognition Letters},
  volume={122},
  pages={23--30},
  year={2019},
  publisher={Elsevier}
}
@article{singh2018classification,
  title={Classification of ECG arrhythmia using recurrent neural networks},
  author={Singh, Shraddha and Pandey, Saroj Kumar and Pawar, Urja and Janghel, Rekh Ram},
  journal={Procedia computer science},
  volume={132},
  pages={1290--1297},
  year={2018},
  publisher={Elsevier}
}
@article{xu2020interpretation,
  title={Interpretation of electrocardiogram (ECG) rhythm by combined CNN and BiLSTM},
  author={Xu, Xue and Jeong, Sohyun and Li, Jianqiang},
  journal={Ieee Access},
  volume={8},
  pages={125380--125388},
  year={2020},
  publisher={IEEE}
}
@article{jaiswal2020survey,
  title={A survey on contrastive self-supervised learning},
  author={Jaiswal, Ashish and Babu, Ashwin Ramesh and Zadeh, Mohammad Zaki and Banerjee, Debapriya and Makedon, Fillia},
  journal={Technologies},
  volume={9},
  number={1},
  pages={2},
  year={2020},
  publisher={MDPI}
}
@article{ebrahimi2020review,
  title={A review on deep learning methods for ECG arrhythmia classification},
  author={Ebrahimi, Zahra and Loni, Mohammad and Daneshtalab, Masoud and Gharehbaghi, Arash},
  journal={Expert Systems with Applications: X},
  volume={7},
  pages={100033},
  year={2020},
  publisher={Elsevier}
}
@inproceedings{lan2022intra,
  title={Intra-inter subject self-supervised learning for multivariate cardiac signals},
  author={Lan, Xiang and Ng, Dianwen and Hong, Shenda and Feng, Mengling},
  booktitle={Proceedings of the AAAI Conference on Artificial Intelligence},
  volume={36},
  number={4},
  pages={4532--4540},
  year={2022}
}
@article{mehari2022self,
  title={Self-supervised representation learning from 12-lead ECG data},
  author={Mehari, Temesgen and Strodthoff, Nils},
  journal={Computers in Biology and Medicine},
  volume={141},
  pages={105114},
  year={2022},
  publisher={Elsevier}
}
@article{socher2013zero,
  title={Zero-shot learning through cross-modal transfer},
  author={Socher, Richard and Ganjoo, Milind and Manning, Christopher D and Ng, Andrew},
  journal={Advances in neural information processing systems},
  volume={26},
  year={2013}
}
@article{xian2018zero,
  title={Zero-shot learning—a comprehensive evaluation of the good, the bad and the ugly},
  author={Xian, Yongqin and Lampert, Christoph H and Schiele, Bernt and Akata, Zeynep},
  journal={IEEE transactions on pattern analysis and machine intelligence},
  volume={41},
  number={9},
  pages={2251--2265},
  year={2018},
  publisher={IEEE}
}
@article{pourpanah2020review,
  title={A review of generalized zero-shot learning methods},
  author={Pourpanah, Farhad and Abdar, Moloud and Luo, Yuxuan and Zhou, Xinlei and Wang, Ran and Lim, Chee Peng and Wang, Xi-Zhao},
  journal={arXiv preprint arXiv:2011.08641},
  year={2020}
}
@article{liang2022foundations,
  title={Foundations and recent trends in multimodal machine learning: Principles, challenges, and open questions},
  author={Liang, Paul Pu and Zadeh, Amir and Morency, Louis-Philippe},
  journal={arXiv preprint arXiv:2209.03430},
  year={2022}
}
@article{wang2019survey,
  title={A survey of zero-shot learning: Settings, methods, and applications},
  author={Wang, Wei and Zheng, Vincent W and Yu, Han and Miao, Chunyan},
  journal={ACM Transactions on Intelligent Systems and Technology (TIST)},
  volume={10},
  number={2},
  pages={1--37},
  year={2019},
  publisher={ACM New York, NY, USA}
}
@article{alsentzer2019publicly,
  title={Publicly available clinical BERT embeddings},
  author={Alsentzer, Emily and Murphy, John R and Boag, Willie and Weng, Wei-Hung and Jin, Di and Naumann, Tristan and McDermott, Matthew},
  journal={arXiv preprint arXiv:1904.03323},
  year={2019}
}
@inproceedings{he2016deep,
  title={Deep residual learning for image recognition},
  author={He, Kaiming and Zhang, Xiangyu and Ren, Shaoqing and Sun, Jian},
  booktitle={Proceedings of the IEEE conference on computer vision and pattern recognition},
  pages={770--778},
  year={2016}
}
@inproceedings{
badpair,
title={Towards Enhancing Time Series Contrastive Learning: A Dynamic Bad Pair Mining Approach},
author={Lan, Xiang and Yan, Hanshu and Hong, Shenda and Feng, Mengling},
booktitle={The Twelfth International Conference on Learning Representations},
year={2023},
url={https://openreview.net/forum?id=K2c04ulKXn}
}
@inproceedings{hong2020holmes,
  title={Holmes: health online model ensemble serving for deep learning models in intensive care units},
  author={Hong, Shenda and Xu, Yanbo and Khare, Alind and Priambada, Satria and Maher, Kevin and Aljiffry, Alaa and Sun, Jimeng and Tumanov, Alexey},
  booktitle={Proceedings of the 26th ACM SIGKDD International Conference on Knowledge Discovery \& Data Mining},
  pages={1614--1624},
  year={2020}
}
@inproceedings{jia2021scaling,
  title={Scaling up visual and vision-language representation learning with noisy text supervision},
  author={Jia, Chao and Yang, Yinfei and Xia, Ye and Chen, Yi-Ting and Parekh, Zarana and Pham, Hieu and Le, Quoc and Sung, Yun-Hsuan and Li, Zhen and Duerig, Tom},
  booktitle={International Conference on Machine Learning},
  pages={4904--4916},
  year={2021},
  organization={PMLR}
}
@article{yuan2021florence,
  title={Florence: A new foundation model for computer vision},
  author={Yuan, Lu and Chen, Dongdong and Chen, Yi-Ling and Codella, Noel and Dai, Xiyang and Gao, Jianfeng and Hu, Houdong and Huang, Xuedong and Li, Boxin and Li, Chunyuan and others},
  journal={arXiv preprint arXiv:2111.11432},
  year={2021}
}
@article{li2021align,
  title={Align before fuse: Vision and language representation learning with momentum distillation},
  author={Li, Junnan and Selvaraju, Ramprasaath and Gotmare, Akhilesh and Joty, Shafiq and Xiong, Caiming and Hoi, Steven Chu Hong},
  journal={Advances in neural information processing systems},
  volume={34},
  pages={9694--9705},
  year={2021}
}
@inproceedings{zhai2022lit,
  title={Lit: Zero-shot transfer with locked-image text tuning},
  author={Zhai, Xiaohua and Wang, Xiao and Mustafa, Basil and Steiner, Andreas and Keysers, Daniel and Kolesnikov, Alexander and Beyer, Lucas},
  booktitle={Proceedings of the IEEE/CVF Conference on Computer Vision and Pattern Recognition},
  pages={18123--18133},
  year={2022}
}
@article{chou2020knowledge,
  title={Knowledge-shot learning: An interpretable deep model for classifying imbalanced electrocardiography data},
  author={Chou, Yen-hsiu and Hong, Shenda and Zhou, Yuxi and Shang, Junyuan and Song, Moxian and Li, Hongyan},
  journal={Neurocomputing},
  volume={417},
  pages={64--73},
  year={2020},
  publisher={Elsevier}
}
@article{tsimpoukelli2021multimodal,
  title={Multimodal few-shot learning with frozen language models},
  author={Tsimpoukelli, Maria and Menick, Jacob L and Cabi, Serkan and Eslami, SM and Vinyals, Oriol and Hill, Felix},
  journal={Advances in Neural Information Processing Systems},
  volume={34},
  pages={200--212},
  year={2021}
}
@article{wagner2020ptb,
  title={PTB-XL, a large publicly available electrocardiography dataset},
  author={Wagner, Patrick and Strodthoff, Nils and Bousseljot, Ralf-Dieter and Kreiseler, Dieter and Lunze, Fatima I and Samek, Wojciech and Schaeffter, Tobias},
  journal={Scientific data},
  volume={7},
  number={1},
  pages={1--15},
  year={2020},
  publisher={Nature Publishing Group}
}
@inproceedings{huang2021gloria,
  title={Gloria: A multimodal global-local representation learning framework for label-efficient medical image recognition},
  author={Huang, Shih-Cheng and Shen, Liyue and Lungren, Matthew P and Yeung, Serena},
  booktitle={Proceedings of the IEEE/CVF International Conference on Computer Vision},
  pages={3942--3951},
  year={2021}
}
@article{wang2022medclip,
  title={Medclip: Contrastive learning from unpaired medical images and text},
  author={Wang, Zifeng and Wu, Zhenbang and Agarwal, Dinesh and Sun, Jimeng},
  journal={arXiv preprint arXiv:2210.10163},
  year={2022}
}
@inproceedings{wolf2020transformers,
  title={Transformers: State-of-the-art natural language processing},
  author={Wolf, Thomas and Debut, Lysandre and Sanh, Victor and Chaumond, Julien and Delangue, Clement and Moi, Anthony and Cistac, Pierric and Rault, Tim and Louf, R{\'e}mi and Funtowicz, Morgan and others},
  booktitle={Proceedings of the 2020 conference on empirical methods in natural language processing: system demonstrations},
  pages={38--45},
  year={2020}
}
@inproceedings{chen2020simple,
  title={A simple framework for contrastive learning of visual representations},
  author={Chen, Ting and Kornblith, Simon and Norouzi, Mohammad and Hinton, Geoffrey},
  booktitle={International conference on machine learning},
  pages={1597--1607},
  year={2020},
  organization={PMLR}
}

@article{ayer2014difficult,
  title={Difficult ECGs in STEMI:: Lessons learned from serial sampling of pre-and in-hospital ECGs},
  author={Ayer, Antoine and Terkelsen, Christian Juhl},
  journal={Journal of electrocardiology},
  volume={47},
  number={4},
  pages={448--458},
  year={2014},
  publisher={Elsevier}
}
@inproceedings{radford2021learning,
  title={Learning transferable visual models from natural language supervision},
  author={Radford, Alec and Kim, Jong Wook and Hallacy, Chris and Ramesh, Aditya and Goh, Gabriel and Agarwal, Sandhini and Sastry, Girish and Askell, Amanda and Mishkin, Pamela and Clark, Jack and others},
  booktitle={International Conference on Machine Learning},
  pages={8748--8763},
  year={2021},
  organization={PMLR}
}
@inproceedings{align,
  title={Scaling up visual and vision-language representation learning with noisy text supervision},
  author={Jia, Chao and Yang, Yinfei and Xia, Ye and Chen, Yi-Ting and Parekh, Zarana and Pham, Hieu and Le, Quoc and Sung, Yun-Hsuan and Li, Zhen and Duerig, Tom},
  booktitle={International Conference on Machine Learning},
  pages={4904--4916},
  year={2021},
  organization={PMLR}
}
@inproceedings{krishnan2018supervised,
  title={A Supervised learning approach for ICU mortality prediction based on unstructured electrocardiogram text reports},
  author={Krishnan, Gokul S and Sowmya Kamath, S},
  booktitle={International Conference on Applications of Natural Language to Information Systems},
  pages={126--134},
  year={2018},
  organization={Springer}
}
@article{florence,
  title={Florence: A new foundation model for computer vision},
  author={Yuan, Lu and Chen, Dongdong and Chen, Yi-Ling and Codella, Noel and Dai, Xiyang and Gao, Jianfeng and Hu, Houdong and Huang, Xuedong and Li, Boxin and Li, Chunyuan and others},
  journal={arXiv preprint arXiv:2111.11432},
  year={2021}
}
@inproceedings{lit,
  title={Lit: Zero-shot transfer with locked-image text tuning},
  author={Zhai, Xiaohua and Wang, Xiao and Mustafa, Basil and Steiner, Andreas and Keysers, Daniel and Kolesnikov, Alexander and Beyer, Lucas},
  booktitle={Proceedings of the IEEE/CVF Conference on Computer Vision and Pattern Recognition},
  pages={18123--18133},
  year={2022}
}
@article{moody2001impact,
  title={The impact of the MIT-BIH arrhythmia database},
  author={Moody, George B and Mark, Roger G},
  journal={IEEE Engineering in Medicine and Biology Magazine},
  volume={20},
  number={3},
  pages={45--50},
  year={2001},
  publisher={IEEE}
}

@article{cpc,
  title={Representation learning with contrastive predictive coding},
  author={Oord, Aaron van den and Li, Yazhe and Vinyals, Oriol},
  journal={arXiv preprint arXiv:1807.03748},
  year={2018}
}

@inproceedings{simclr,
  title={A simple framework for contrastive learning of visual representations},
  author={Chen, Ting and Kornblith, Simon and Norouzi, Mohammad and Hinton, Geoffrey},
  booktitle={International conference on machine learning},
  pages={1597--1607},
  year={2020},
  organization={PMLR}
}
@article{wang2019adversarial,
  title={Adversarial de-noising of electrocardiogram},
  author={Wang, Jilong and Li, Renfa and Li, Rui and Li, Keqin and Zeng, Haibo and Xie, Guoqi and Liu, Li},
  journal={Neurocomputing},
  volume={349},
  pages={212--224},
  year={2019},
  publisher={Elsevier}
}
@article{byol,
  title={Bootstrap your own latent-a new approach to self-supervised learning},
  author={Grill, Jean-Bastien and Strub, Florian and Altch{\'e}, Florent and Tallec, Corentin and Richemond, Pierre and Buchatskaya, Elena and Doersch, Carl and Avila Pires, Bernardo and Guo, Zhaohan and Gheshlaghi Azar, Mohammad and others},
  journal={Advances in neural information processing systems},
  volume={33},
  pages={21271--21284},
  year={2020}
}
@inproceedings{simsiam,
  title={Exploring simple siamese representation learning},
  author={Chen, Xinlei and He, Kaiming},
  booktitle={Proceedings of the IEEE/CVF conference on computer vision and pattern recognition},
  pages={15750--15758},
  year={2021}
}
@article{tstcc,
  title={Time-series representation learning via temporal and contextual contrasting},
  author={Eldele, Emadeldeen and Ragab, Mohamed and Chen, Zhenghua and Wu, Min and Kwoh, Chee Keong and Li, Xiaoli and Guan, Cuntai},
  journal={arXiv preprint arXiv:2106.14112},
  year={2021}
}

@article{mimicecg,
  title={MIMIC-IV-ECG-Diagnostic Electrocardiogram Matched Subset},
  author={Gow, Brian and Pollard, Tom and Nathanson, Larry A and Johnson, Alistair and Moody, Benjamin and Fernandes, Chrystinne and Greenbaum, Nathaniel and Berkowitz, Seth and Moukheiber, Dana and Eslami, Parastou and others}
}
@inproceedings{tanida2023interactive,
  title={Interactive and Explainable Region-guided Radiology Report Generation},
  author={Tanida, Tim and M{\"u}ller, Philip and Kaissis, Georgios and Rueckert, Daniel},
  booktitle={Proceedings of the IEEE/CVF Conference on Computer Vision and Pattern Recognition},
  pages={7433--7442},
  year={2023}
}
@article{gao2021simcse,
  title={Simcse: Simple contrastive learning of sentence embeddings},
  author={Gao, Tianyu and Yao, Xingcheng and Chen, Danqi},
  journal={arXiv preprint arXiv:2104.08821},
  year={2021}
}


@article{turgut2023unlocking,
  title={Unlocking the Diagnostic Potential of ECG through Knowledge Transfer from Cardiac MRI},
  author={Turgut, {\"O}zg{\"u}n and M{\"u}ller, Philip and Hager, Paul and Shit, Suprosanna and Starck, Sophie and Menten, Martin J and Martens, Eimo and Rueckert, Daniel},
  journal={arXiv preprint arXiv:2308.05764},
  year={2023}
}
@inproceedings{sawano2022masked,
  title={Masked Autoencoder-Based Self-Supervised Learning for Electrocardiograms to Detect Left Ventricular Systolic Dysfunction.},
  author={Sawano, Shinnosuke and Kodera, Satoshi and Takeuchi, Hirotoshi and Sukeda, Issei and Katsushika, Susumu and Komuro, Issei},
  booktitle={NeurIPS 2022 Workshop on Learning from Time Series for Health},
  year={2022}
}
@article{zhang2022maefe,
  title={Maefe: Masked autoencoders family of electrocardiogram for self-supervised pretraining and transfer learning},
  author={Zhang, Huaicheng and Liu, Wenhan and Shi, Jiguang and Chang, Sheng and Wang, Hao and He, Jin and Huang, Qijun},
  journal={IEEE Transactions on Instrumentation and Measurement},
  volume={72},
  pages={1--15},
  year={2022},
  publisher={IEEE}
}
@article{lai2023practical,
  title={Practical intelligent diagnostic algorithm for wearable 12-lead ECG via self-supervised learning on large-scale dataset},
  author={Lai, Jiewei and Tan, Huixin and Wang, Jinliang and Ji, Lei and Guo, Jun and Han, Baoshi and Shi, Yajun and Feng, Qianjin and Yang, Wei},
  journal={Nature Communications},
  volume={14},
  number={1},
  pages={3741},
  year={2023},
  publisher={Nature Publishing Group UK London}
}
@article{liu2023utilizing,
  title={Utilizing Synthetic Data for Medical Vision-Language Pre-training: Bypassing the Need for Real Images},
  author={Liu, Che and Shah, Anand and Bai, Wenjia and Arcucci, Rossella},
  journal={arXiv preprint arXiv:2310.07027},
  year={2023}
}
@article{astcl,
  title={Adversarial Spatiotemporal Contrastive Learning for Electrocardiogram Signals},
  author={Wang, Ning and Feng, Panpan and Ge, Zhaoyang and Zhou, Yanjie and Zhou, Bing and Wang, Zongmin},
  journal={IEEE Transactions on Neural Networks and Learning Systems},
  year={2023},
  publisher={IEEE}
}
@article{liu2023t3d,
  title={T3D: Towards 3D Medical Image Understanding through Vision-Language Pre-training},
  author={Liu, Che and Ouyang, Cheng and Chen, Yinda and Quilodr{\'a}n-Casas, Cesar C{\'e}sar and Ma, Lei and Fu, Jie and Guo, Yike and Shah, Anand and Bai, Wenjia and Arcucci, Rossella},
  journal={arXiv preprint arXiv:2312.01529},
  year={2023}
}
@article{liu2023g2d,
  title={G2D: From Global to Dense Radiography Representation Learning via Vision-Language Pre-training},
  author={Liu, Che and Ouyang, Cheng and Cheng, Sibo and Shah, Anand and Bai, Wenjia and Arcucci, Rossella},
  journal={arXiv preprint arXiv:2312.01522},
  year={2023}
}
@article{chen2023generative,
  title={Generative Text-Guided 3D Vision-Language Pretraining for Unified Medical Image Segmentation},
  author={Chen, Yinda and Liu, Che and Huang, Wei and Cheng, Sibo and Arcucci, Rossella and Xiong, Zhiwei},
  journal={arXiv preprint arXiv:2306.04811},
  year={2023}
}
@inproceedings{liu2023m,
  title={M-FLAG: Medical vision-language pre-training with frozen language models and latent space geometry optimization},
  author={Liu, Che and Cheng, Sibo and Chen, Chen and Qiao, Mengyun and Zhang, Weitong and Shah, Anand and Bai, Wenjia and Arcucci, Rossella},
  booktitle={International Conference on Medical Image Computing and Computer-Assisted Intervention},
  pages={637--647},
  year={2023},
  organization={Springer}
}
@article{liu2023pixmim,
  title={PixMIM: Rethinking Pixel Reconstruction in Masked Image Modeling},
  author={Liu, Yuan and Zhang, Songyang and Chen, Jiacheng and Chen, Kai and Lin, Dahua},
  journal={arXiv preprint arXiv:2303.02416},
  year={2023}
}
@inproceedings{he2022masked,
  title={Masked autoencoders are scalable vision learners},
  author={He, Kaiming and Chen, Xinlei and Xie, Saining and Li, Yanghao and Doll{\'a}r, Piotr and Girshick, Ross},
  booktitle={Proceedings of the IEEE/CVF conference on computer vision and pattern recognition},
  pages={16000--16009},
  year={2022}
}

@inproceedings{resnet,
  title={Deep residual learning for image recognition},
  author={He, Kaiming and Zhang, Xiangyu and Ren, Shaoqing and Sun, Jian},
  booktitle={Proceedings of the IEEE conference on computer vision and pattern recognition},
  pages={770--778},
  year={2016}
}
###
@article{gtgm,
  title={Generative Text-Guided 3D Vision-Language Pretraining for Unified Medical Image Segmentation},
  author={Chen, Yinda and Liu, Che and Huang, Wei and Cheng, Sibo and Arcucci, Rossella and Xiong, Zhiwei},
  journal={arXiv preprint arXiv:2306.04811},
  year={2023}
}
@article{chen2023learning,
  title={Learning Multiscale Consistency for Self-supervised Electron Microscopy Instance Segmentation},
  author={Chen, Yinda and Huang, Wei and Liu, Xiaoyu and Chen, Qi and Xiong, Zhiwei},
  journal={arXiv preprint arXiv:2308.09917},
  year={2023}
}
@article{chenself,
  title={Self-Supervised Neuron Segmentation with Multi-Agent Reinforcement Learning},
  author={Chen, Yinda and Huang, Wei and Zhou, Shenglong and Chen, Qi and Xiong, Zhiwei},
  journal={arXiv preprint arXiv:2310.04148},
  year={2023}
}

@article{liu2023spectral,
  title={Spectral Cross-Domain Neural Network with Soft-adaptive Threshold Spectral Enhancement},
  author={Liu, Che and Cheng, Sibo and Ding, Weiping and Arcucci, Rossella},
  journal={arXiv preprint arXiv:2301.10171},
  year={2023}
}

@article{wan2023med,
  title={Med-UniC: Unifying Cross-Lingual Medical Vision-Language Pre-Training by Diminishing Bias},
  author={Wan, Zhongwei and Liu, Che and Zhang, Mi and Fu, Jie and Wang, Benyou and Cheng, Sibo and Ma, Lei and Quilodr{\'a}n-Casas, C{\'e}sar and Arcucci, Rossella},
  journal={arXiv preprint arXiv:2305.19894},
  year={2023}
}




@article{
ecg2ehr,
title={{ECG} Representation Learning with Multi-Modal {EHR} Data},
author={Sravan Kumar Lalam and Hari Krishna Kunderu and Shayan Ghosh and Harish Kumar A and Samir Awasthi and Ashim Prasad and Francisco Lopez-Jimenez and Zachi I Attia and Samuel Asirvatham and Paul Friedman and Rakesh Barve and Melwin Babu},
journal={Transactions on Machine Learning Research},
issn={2835-8856},
year={2023},
url={https://openreview.net/forum?id=UxmvCwuTMG},
note={}
}

@article{scdnn,
  title={Spectral Cross-Domain Neural Network with Soft-adaptive Threshold Spectral Enhancement},
  author={Liu, Che and Cheng, Sibo and Ding, Weiping and Arcucci, Rossella},
  journal={arXiv preprint arXiv:2301.10171},
  year={2023}
}

@article{SPN,
  title={Snippet Policy Network for Multi-Class Varied-Length ECG Early Classification},
  author={Huang, Yu and Yen, Gary G and Tseng, Vincent S},
  journal={IEEE Transactions on Knowledge \& Data Engineering},
  volume={35},
  number={06},
  pages={6349--6361},
  year={2023},
  publisher={IEEE}
}

@article{SPNv2,
  title={Snippet policy network v2: Knee-guided neuroevolution for multi-lead ecg early classification},
  author={Huang, Yu and Yen},
  journal={IEEE Transactions on Neural Networks and Learning Systems},
  year={2022},
  publisher={IEEE}
}

@inproceedings{menon2022visual,
  title={Visual Classification via Description from Large Language Models},
  author={Menon, Sachit and Vondrick, Carl},
  booktitle={The Eleventh International Conference on Learning Representations},
  year={2022}
}

@inproceedings{maniparambil2023enhancing,
  title={Enhancing clip with gpt-4: Harnessing visual descriptions as prompts},
  author={Maniparambil, Mayug and Vorster, Chris and Molloy, Derek and Murphy, Noel and McGuinness, Kevin and O'Connor, Noel E},
  booktitle={Proceedings of the IEEE/CVF International Conference on Computer Vision},
  pages={262--271},
  year={2023}
}

@article{khattak2024learning,
  title={Learning to Prompt with Text Only Supervision for Vision-Language Models},
  author={Khattak, Muhammad Uzair and Naeem, Muhammad Ferjad and Naseer, Muzammal and Van Gool, Luc and Tombari, Federico},
  journal={arXiv preprint arXiv:2401.02418},
  year={2024}
}
@article{liu2023sync,
  title={SYNC-CLIP: Synthetic Data Make CLIP Generalize Better in Data-Limited Scenarios},
  author={Liu, Mushui and He, Weijie and Lu, Ziqian and Yu, Yunlong},
  journal={arXiv preprint arXiv:2312.03805},
  year={2023}
}
@article{convirt,
  title={Contrastive learning of medical visual representations from paired images and text},
  author={Zhang, Yuhao and Jiang, Hang and Miura, Yasuhide and Manning, Christopher D and Langlotz, Curtis P},
  journal={arXiv preprint arXiv:2010.00747},
  year={2020}
}
@article{wang2023learning,
  title={Learning Hierarchical Prompt with Structured Linguistic Knowledge for Vision-Language Models},
  author={Wang, Yubin and Jiang, Xinyang and Cheng, De and Li, Dongsheng and Zhao, Cairong},
  journal={arXiv preprint arXiv:2312.06323},
  year={2023}
}





@article{sangha2024biometric,
  title={Biometric contrastive learning for data-efficient deep learning from electrocardiographic images},
  author={Sangha, Veer and Khunte, Akshay and Holste, Gregory and Mortazavi, Bobak J and Wang, Zhangyang and Oikonomou, Evangelos K and Khera, Rohan},
  journal={Journal of the American Medical Informatics Association},
  volume={31},
  number={4},
  pages={855--865},
  year={2024},
  publisher={Oxford University Press}
}
@article{gu2021domain,
  title={Domain-specific language model pretraining for biomedical natural language processing},
  author={Gu, Yu and Tinn, Robert and Cheng, Hao and Lucas, Michael and Usuyama, Naoto and Liu, Xiaodong and Naumann, Tristan and Gao, Jianfeng and Poon, Hoifung},
  journal={ACM Transactions on Computing for Healthcare (HEALTH)},
  volume={3},
  number={1},
  pages={1--23},
  year={2021},
  publisher={ACM New York, NY}
}
@article{merl,
  title={Zero-shot ecg classification with multimodal learning and test-time clinical knowledge enhancement},
  author={Liu, Che and Wan, Zhongwei and Ouyang, Cheng and Shah, Anand and Bai, Wenjia and Arcucci, Rossella},
  journal={arXiv preprint arXiv:2403.06659},
  year={2024}
}

@inproceedings{langley00,
 author    = {P. Langley},
 title     = {Crafting Papers on Machine Learning},
 year      = {2000},
 pages     = {1207--1216},
 editor    = {Pat Langley},
 booktitle     = {Proceedings of the 17th International Conference
              on Machine Learning (ICML 2000)},
 address   = {Stanford, CA},
 publisher = {Morgan Kaufmann}
}

@TechReport{mitchell80,
  author = 	 "T. M. Mitchell",
  title = 	 "The Need for Biases in Learning Generalizations",
  institution =  "Computer Science Department, Rutgers University",
  year = 	 "1980",
  address =	 "New Brunswick, MA",
}

@phdthesis{kearns89,
  author = {M. J. Kearns},
  title =  {Computational Complexity of Machine Learning},
  school = {Department of Computer Science, Harvard University},
  year =   {1989}
}
@article{dosovitskiy2020image,
  title={An image is worth 16x16 words: Transformers for image recognition at scale},
  author={Dosovitskiy, Alexey and Beyer, Lucas and Kolesnikov, Alexander and Weissenborn, Dirk and Zhai, Xiaohua and Unterthiner, Thomas and Dehghani, Mostafa and Minderer, Matthias and Heigold, Georg and Gelly, Sylvain and others},
  journal={arXiv preprint arXiv:2010.11929},
  year={2020}
}
@article{liu2023exploring,
  title={Exploring the Boundaries of GPT-4 in Radiology},
  author={Liu, Qianchu and Hyland, Stephanie and Bannur, Shruthi and Bouzid, Kenza and Castro, Daniel C and Wetscherek, Maria Teodora and Tinn, Robert and Sharma, Harshita and P{\'e}rez-Garc{\'\i}a, Fernando and Schwaighofer, Anton and others},
  journal={arXiv preprint arXiv:2310.14573},
  year={2023}
}
@article{hyland2023maira,
  title={MAIRA-1: A specialised large multimodal model for radiology report generation},
  author={Hyland, Stephanie L and Bannur, Shruthi and Bouzid, Kenza and Castro, Daniel C and Ranjit, Mercy and Schwaighofer, Anton and P{\'e}rez-Garc{\'\i}a, Fernando and Salvatelli, Valentina and Srivastav, Shaury and Thieme, Anja and others},
  journal={arXiv preprint arXiv:2311.13668},
  year={2023}
}
@inproceedings{rubel2016scp,
  title={SCP-ECG V3. 0: An enhanced standard communication protocol for computer-assisted electrocardiography},
  author={Rubel, Paul and Pani, Danilo and Schloegl, Alois and Fayn, Jocelyne and Badilini, Fabio and Macfarlane, Peter W and Varri, Alpo},
  booktitle={2016 Computing in Cardiology Conference (CinC)},
  pages={309--312},
  year={2016},
  organization={IEEE}
}
@inproceedings{stearns2001snomed,
  title={SNOMED clinical terms: overview of the development process and project status.},
  author={Stearns, Michael Q and Price, Colin and Spackman, Kent A and Wang, Amy Y},
  booktitle={Proceedings of the AMIA Symposium},
  pages={662},
  year={2001},
  organization={American Medical Informatics Association}
}
@article{umapathi2023med,
  title={Med-halt: Medical domain hallucination test for large language models},
  author={Umapathi, Logesh Kumar and Pal, Ankit and Sankarasubbu, Malaikannan},
  journal={arXiv preprint arXiv:2307.15343},
  year={2023}
}
@Book{MachineLearningI,
  editor = 	 "R. S. Michalski and J. G. Carbonell and T.
		  M. Mitchell",
  title = 	 "Machine Learning: An Artificial Intelligence
		  Approach, Vol. I",
  publisher = 	 "Tioga",
  year = 	 "1983",
  address =	 "Palo Alto, CA"
}

@Book{DudaHart2nd,
  author =       "R. O. Duda and P. E. Hart and D. G. Stork",
  title =        "Pattern Classification",
  publisher =    "John Wiley and Sons",
  edition =      "2nd",
  year =         "2000"
}

@misc{anonymous,
  title= {Suppressed for Anonymity},
  author= {Author, N. N.},
  year= {2021}
}

@InCollection{Newell81,
  author =       "A. Newell and P. S. Rosenbloom",
  title =        "Mechanisms of Skill Acquisition and the Law of
                  Practice", 
  booktitle =    "Cognitive Skills and Their Acquisition",
  pages =        "1--51",
  publisher =    "Lawrence Erlbaum Associates, Inc.",
  year =         "1981",
  editor =       "J. R. Anderson",
  chapter =      "1",
  address =      "Hillsdale, NJ"
}



@Article{Samuel59,
  author = 	 "A. L. Samuel",
  title = 	 "Some Studies in Machine Learning Using the Game of
		  Checkers",
  journal =	 "IBM Journal of Research and Development",
  year =	 "1959",
  volume =	 "3",
  number =	 "3",
  pages =	 "211--229"
}

@article{kong2020sound,
  title={Sound event detection of weakly labelled data with CNN-transformer and automatic threshold optimization},
  author={Kong, Qiuqiang and Xu, Yong and Wang, Wenwu and Plumbley, Mark D},
  journal={IEEE/ACM Transactions on Audio, Speech, and Language Processing},
  volume={28},
  pages={2450--2460},
  year={2020},
  publisher={IEEE}
}

@article{ye2021sound,
  title={Sound Event Detection Transformer: An Event-based End-to-End Model for Sound Event Detection},
  author={Ye, Zhirong and Wang, Xiangdong and Liu, Hong and Qian, Yueliang and Tao, Rui and Yan, Long and Ouchi, Kazushige},
  journal={arXiv preprint arXiv:2110.02011},
  year={2021}
}

@article{warden2018speech,
  title={Speech commands: A dataset for limited-vocabulary speech recognition},
  author={Warden, Pete},
  journal={arXiv preprint arXiv:1804.03209},
  year={2018}
}


@article{vaswani2017attention,
  title={Attention is all you need},
  author={Vaswani, Ashish and Shazeer, Noam and Parmar, Niki and Uszkoreit, Jakob and Jones, Llion and Gomez, Aidan N and Kaiser, {\L}ukasz and Polosukhin, Illia},
  journal={Advances in neural information processing systems},
  volume={30},
  year={2017}
}

@article{gong2021ast,
  title={AST: Audio Spectrogram Transformer},
  author={Gong, Yuan and Chung, Yu-An and Glass, James},
  journal={Interspeech},
  year={2021}
}

@inproceedings{touvron2021training,
  title={Training data-efficient image transformers \& distillation through attention},
  author={Touvron, Hugo and Cord, Matthieu and Douze, Matthijs and Massa, Francisco and Sablayrolles, Alexandre and J{\'e}gou, Herv{\'e}},
  booktitle={International Conference on Machine Learning},
  pages={10347--10357},
  year={2021},
  organization={PMLR}
}

@article{johnson2019mimic,
  title={MIMIC-CXR, a de-identified publicly available database of chest radiographs with free-text reports},
  author={Johnson, Alistair EW and Pollard, Tom J and Berkowitz, Seth J and Greenbaum, Nathaniel R and Lungren, Matthew P and Deng, Chih-ying and Mark, Roger G and Horng, Steven},
  journal={Scientific data},
  volume={6},
  number={1},
  pages={317},
  year={2019},
  publisher={Nature Publishing Group UK London}
}

@article{tang2022quadtree,
  title={QuadTree Attention for Vision Transformers},
  author={Tang, Shitao and Zhang, Jiahui and Zhu, Siyu and Tan, Ping},
  journal={arXiv preprint arXiv:2201.02767},
  year={2022}
}

@inproceedings{chen2022hts,
  title={HTS-AT: A hierarchical token-semantic audio transformer for sound classification and detection},
  author={Chen, Ke and Du, Xingjian and Zhu, Bilei and Ma, Zejun and Berg-Kirkpatrick, Taylor and Dubnov, Shlomo},
  booktitle={ICASSP 2022-2022 IEEE International Conference on Acoustics, Speech and Signal Processing (ICASSP)},
  pages={646--650},
  year={2022},
  organization={IEEE}
}

@inproceedings{liu2021swin,
  title={Swin transformer: Hierarchical vision transformer using shifted windows},
  author={Liu, Ze and Lin, Yutong and Cao, Yue and Hu, Han and Wei, Yixuan and Zhang, Zheng and Lin, Stephen and Guo, Baining},
  booktitle={Proceedings of the IEEE/CVF International Conference on Computer Vision},
  pages={10012--10022},
  year={2021}
}

@article{dong2021cswin,
  title={Cswin transformer: A general vision transformer backbone with cross-shaped windows},
  author={Dong, Xiaoyi and Bao, Jianmin and Chen, Dongdong and Zhang, Weiming and Yu, Nenghai and Yuan, Lu and Chen, Dong and Guo, Baining},
  journal={arXiv preprint arXiv:2107.00652},
  year={2021}
}

@article{shaw2018self,
  title={Self-attention with relative position representations},
  author={Shaw, Peter and Uszkoreit, Jakob and Vaswani, Ashish},
  journal={arXiv preprint arXiv:1803.02155},
  year={2018}
}

@article{wang2021pvtv2,
  title={PVTv2: Improved Baselines with Pyramid Vision Transformer},
  author={Wang, Wenhai and Xie, Enze and Li, Xiang and Fan, Deng-Ping and Song, Kaitao and Liang, Ding and Lu, Tong and Luo, Ping and Shao, Ling},
  journal={arXiv preprint arXiv:2106.13797},
  year={2021}
}

@inproceedings{wang2021pyramid,
  title={Pyramid vision transformer: A versatile backbone for dense prediction without convolutions},
  author={{Wang, Wenhai and Xie, Enze and Li, Xiang and Fan, Deng-Ping and Song, Kaitao and Liang, Ding and Lu, Tong and Luo, Ping and Shao, Ling}},
  booktitle={Proceedings of the IEEE/CVF International Conference on Computer Vision},
  pages={568--578},
  year={2021}
}


@inproceedings{gemmeke2017audio,
  title={Audio set: An ontology and human-labeled dataset for audio events},
  author={Gemmeke, Jort F and Ellis, Daniel PW and Freedman, Dylan and Jansen, Aren and Lawrence, Wade and Moore, R Channing and Plakal, Manoj and Ritter, Marvin},
  booktitle={2017 IEEE international conference on acoustics, speech and signal processing (ICASSP)},
  pages={776--780},
  year={2017},
  organization={IEEE}
}

@article{kong2020panns,
  title={Panns: Large-scale pretrained audio neural networks for audio pattern recognition},
  author={Kong, Qiuqiang and Cao, Yin and Iqbal, Turab and Wang, Yuxuan and Wang, Wenwu and Plumbley, Mark D},
  journal={IEEE/ACM Transactions on Audio, Speech, and Language Processing},
  volume={28},
  pages={2880--2894},
  year={2020},
  publisher={IEEE}
}

@article{gong2021psla,
  title={Psla: Improving audio tagging with pretraining, sampling, labeling, and aggregation},
  author={Gong, Yuan and Chung, Yu-An and Glass, James},
  journal={IEEE/ACM Transactions on Audio, Speech, and Language Processing},
  volume={29},
  pages={3292--3306},
  year={2021},
  publisher={IEEE}
}

@article{dinkel2021towards,
  title={Towards duration robust weakly supervised sound event detection},
  author={Dinkel, Heinrich and Wu, Mengyue and Yu, Kai},
  journal={IEEE/ACM Transactions on Audio, Speech, and Language Processing},
  volume={29},
  pages={887--900},
  year={2021},
  publisher={IEEE}
}

@article{zhang2017mixup,
  title={mixup: Beyond empirical risk minimization},
  author={Zhang, Hongyi and Cisse, Moustapha and Dauphin, Yann N and Lopez-Paz, David},
  journal={arXiv preprint arXiv:1710.09412},
  year={2017}
}

@article{park2019specaugment,
  title={Specaugment: A simple data augmentation method for automatic speech recognition},
  author={Park, Daniel S and Chan, William and Zhang, Yu and Chiu, Chung-Cheng and Zoph, Barret and Cubuk, Ekin D and Le, Quoc V},
  journal={Interspeech},
  year={2019}
}

@inproceedings{deng2009imagenet,
  title={Imagenet: A large-scale hierarchical image database},
  author={Deng, Jia and Dong, Wei and Socher, Richard and Li, Li-Jia and Li, Kai and Fei-Fei, Li},
  booktitle={2009 IEEE conference on computer vision and pattern recognition},
  pages={248--255},
  year={2009},
  organization={Ieee}
}

@inproceedings{ford2019deep,
  title={A Deep Residual Network for Large-Scale Acoustic Scene Analysis.},
  author={Ford, Logan and Tang, Hao and Grondin, Fran{\c{c}}ois and Glass, James R},
  booktitle={Interspeech},
  pages={2568--2572},
  year={2019}
}


@article{lee2017ensemble,
  title={Ensemble of convolutional neural networks for weakly-supervised sound event detection using multiple scale input},
  author={Lee, Donmoon and Lee, Subin and Han, Yoonchang and Lee, Kyogu},
  journal={Detection and classification of acoustic scenes and events (DCASE)},
  year={2017}
}

@inproceedings{salamon2017scaper,
  title={Scaper: A library for soundscape synthesis and augmentation},
  author={Salamon, Justin and MacConnell, Duncan and Cartwright, Mark and Li, Peter and Bello, Juan Pablo},
  booktitle={2017 IEEE Workshop on Applications of Signal Processing to Audio and Acoustics (WASPAA)},
  pages={344--348},
  year={2017},
  organization={IEEE}
}

@inproceedings{huang2020multi,
  title={Multi-branch learning for weakly-labeled sound event detection},
  author={Huang, Yuxin and Wang, Xiangdong and Lin, Liwei and Liu, Hong and Qian, Yueliang},
  booktitle={ICASSP 2020-2020 IEEE International Conference on Acoustics, Speech and Signal Processing (ICASSP)},
  pages={641--645},
  year={2020},
  organization={IEEE}
}

@inproceedings{martin2019sound,
  title={Sound event envelope estimation in polyphonic mixtures},
  author={Mart{\'\i}n-Morat{\'o}, Irene and Mesaros, Annamaria and Heittola, Toni and Virtanen, Tuomas and Cobos, Maximo and Ferri, Francesc J},
  booktitle={ICASSP 2019-2019 IEEE International Conference on Acoustics, Speech and Signal Processing (ICASSP)},
  pages={935--939},
  year={2019},
  organization={IEEE}
}

@article{wang2021crossformer,
  title={Crossformer: A versatile vision transformer based on cross-scale attention},
  author={Wang, Wenxiao and Yao, Lu and Chen, Long and Cai, Deng and He, Xiaofei and Liu, Wei},
  journal={arXiv e-prints},
  pages={arXiv--2108},
  year={2021}
}

@article{ren2021shunted,
  title={Shunted Self-Attention via Multi-Scale Token Aggregation},
  author={Ren, Sucheng and Zhou, Daquan and He, Shengfeng and Feng, Jiashi and Wang, Xinchao},
  journal={arXiv preprint arXiv:2111.15193},
  year={2021}
}

@article{yang2021focal,
  title={Focal self-attention for local-global interactions in vision transformers},
  author={Yang, Jianwei and Li, Chunyuan and Zhang, Pengchuan and Dai, Xiyang and Xiao, Bin and Yuan, Lu and Gao, Jianfeng},
  journal={arXiv preprint arXiv:2107.00641},
  year={2021}
}

@article{liu2022convnet,
  title={A ConvNet for the 2020s},
  author={Liu, Zhuang and Mao, Hanzi and Wu, Chao-Yuan and Feichtenhofer, Christoph and Darrell, Trevor and Xie, Saining},
  journal={arXiv preprint arXiv:2201.03545},
  year={2022}
}

@article{bilen2019framework,
  title={A Framework for the Robust Evaluation of Sound Event Detection},
  author={Bilen, Cagdas and Ferroni, Giacomo and Tuveri, Francesco and Azcarreta, Juan and Krstulovic, Sacha},
  journal={arXiv preprint arXiv:1910.08440},
  year={2019}
}

@article{ding2022scaling,
  title={Scaling Up Your Kernels to 31x31: Revisiting Large Kernel Design in CNNs},
  author={Ding, Xiaohan and Zhang, Xiangyu and Zhou, Yizhuang and Han, Jungong and Ding, Guiguang and Sun, Jian},
  journal={arXiv preprint arXiv:2203.06717},
  year={2022}
}

@article{xin2022audio,
  title={Audio Pyramid Transformer with Domain Adaption for Weakly Supervised Sound Event Detection and Audio Classification},
  author={Xin, Yifei and Yang, Dongchao and Zou, Yuexian},
  journal={Proc. Interspeech 2022},
  pages={1546--1550},
  year={2022}
}

@article{zhu2022weakly,
  title={Weakly Supervised Object Localization as Domain Adaption},
  author={Zhu, Lei and She, Qi and Chen, Qian and You, Yunfei and Wang, Boyu and Lu, Yanye},
  journal={arXiv preprint arXiv:2203.01714},
  year={2022}
}

@inproceedings{yu2019transfer,
  title={Transfer learning with dynamic adversarial adaptation network},
  author={Yu, Chaohui and Wang, Jindong and Chen, Yiqiang and Huang, Meiyu},
  booktitle={2019 IEEE International Conference on Data Mining (ICDM)},
  pages={778--786},
  year={2019},
  organization={IEEE}
}

@inproceedings{kang2019contrastive,
  title={Contrastive adaptation network for unsupervised domain adaptation},
  author={Kang, Guoliang and Jiang, Lu and Yang, Yi and Hauptmann, Alexander G},
  booktitle={Proceedings of the IEEE/CVF Conference on Computer Vision and Pattern Recognition},
  pages={4893--4902},
  year={2019}
}

@inproceedings{ganin2015unsupervised,
  title={Unsupervised domain adaptation by backpropagation},
  author={Ganin, Yaroslav and Lempitsky, Victor},
  booktitle={International conference on machine learning},
  pages={1180--1189},
  year={2015},
  organization={PMLR}
}

@inproceedings{weston2006inference,
  title={Inference with the universum},
  author={Weston, Jason and Collobert, Ronan and Sinz, Fabian and Bottou, L{\'e}on and Vapnik, Vladimir},
  booktitle={Proceedings of the 23rd international conference on Machine learning},
  pages={1009--1016},
  year={2006}
}

@article{gretton2012kernel,
  title={A kernel two-sample test},
  author={Gretton, Arthur and Borgwardt, Karsten M and Rasch, Malte J and Sch{\"o}lkopf, Bernhard and Smola, Alexander},
  journal={The Journal of Machine Learning Research},
  volume={13},
  number={1},
  pages={723--773},
  year={2012},
  publisher={JMLR. org}
}

@inproceedings{mesaros2017dcase,
  title={DCASE 2017 challenge setup: Tasks, datasets and baseline system},
  author={Mesaros, Annamaria and Heittola, Toni and Diment, Aleksandr and Elizalde, Benjamin and Shah, Ankit and Vincent, Emmanuel and Raj, Bhiksha and Virtanen, Tuomas},
  booktitle={DCASE 2017-Workshop on Detection and Classification of Acoustic Scenes and Events},
  year={2017}
}

@article{mesaros2016metrics,
  title={Metrics for polyphonic sound event detection},
  author={Mesaros, Annamaria and Heittola, Toni and Virtanen, Tuomas},
  journal={Applied Sciences},
  volume={6},
  number={6},
  pages={162},
  year={2016},
  publisher={Multidisciplinary Digital Publishing Institute}
}

@article{loshchilov2017decoupled,
  title={Decoupled weight decay regularization},
  author={Loshchilov, Ilya and Hutter, Frank},
  journal={arXiv preprint arXiv:1711.05101},
  year={2017}
}

@article{yao2021survey,
  title={A survey on causal inference},
  author={Yao, Liuyi and Chu, Zhixuan and Li, Sheng and Li, Yaliang and Gao, Jing and Zhang, Aidong},
  journal={ACM Transactions on Knowledge Discovery from Data (TKDD)},
  volume={15},
  number={5},
  pages={1--46},
  year={2021},
  publisher={ACM New York, NY, USA}
}

@article{hogan2019causal,
  title={Causal inference in statistics: A primer. Judea Pearl, Maria Glymour, and Nicholas Jewell, John Wiley \& Sons, Ltd., Chichester, UK},
  author={Hogan, Joseph W and others},
  journal={Biometrics},
  volume={75},
  number={2},
  pages={708--709},
  year={2019},
  publisher={The International Biometric Society}
}

@article{knudsen2019beyond,
  title={Beyond the limits of survey experiments: How conjoint designs advance causal inference in political communication research},
  author={Knudsen, Erik and Johannesson, Mikael Poul},
  journal={Political Communication},
  volume={36},
  number={2},
  pages={259--271},
  year={2019},
  publisher={Taylor \& Francis}
}

@article{molina2021deciphering,
  title={Deciphering the complex interplay between pancreatic cancer, diabetes mellitus subtypes and obesity/BMI through causal inference and mediation analyses},
  author={Molina-Montes, Esther and Coscia, Claudia and G{\'o}mez-Rubio, Paulina and Fern{\'a}ndez, Alba and Boenink, Rianne and Rava, Marta and M{\'a}rquez, Mirari and Molero, Xavier and L{\"o}hr, Matthias and Sharp, Linda and others},
  journal={Gut},
  volume={70},
  number={2},
  pages={319--329},
  year={2021},
  publisher={BMJ Publishing Group}
}

@article{qin2021causal,
  title={Causal interventional training for image recognition},
  author={Qin, Wei and Zhang, Hanwang and Hong, Richang and Lim, Ee-Peng and Sun, Qianru},
  journal={IEEE Transactions on Multimedia},
  year={2021},
  publisher={IEEE}
}

@article{schmidt2018making,
  title={Making stronger causal inferences: Accounting for selection bias in associations between high performance work systems, leadership, and employee and customer satisfaction.},
  author={Schmidt, Joseph A and Pohler, Dionne M},
  journal={Journal of Applied Psychology},
  volume={103},
  number={9},
  pages={1001},
  year={2018},
  publisher={American Psychological Association}
}

@article{besserve2018counterfactuals,
  title={Counterfactuals uncover the modular structure of deep generative models},
  author={Besserve, Michel and Mehrjou, Arash and Sun, R{\'e}my and Sch{\"o}lkopf, Bernhard},
  journal={arXiv preprint arXiv:1812.03253},
  year={2018}
}

@inproceedings{parascandolo2018learning,
  title={Learning independent causal mechanisms},
  author={Parascandolo, Giambattista and Kilbertus, Niki and Rojas-Carulla, Mateo and Sch{\"o}lkopf, Bernhard},
  booktitle={International Conference on Machine Learning},
  pages={4036--4044},
  year={2018},
  organization={PMLR}
}

@article{galanti2020critical,
  title={A critical view of the structural causal model},
  author={Galanti, Tomer and Nabati, Ofir and Wolf, Lior},
  journal={arXiv preprint arXiv:2002.10007},
  year={2020}
}

@inproceedings{adib2020causally,
  title={A causally formulated hazard ratio estimation through backdoor adjustment on structural causal model},
  author={Adib, Riddhiman and Griffin, Paul and Ahamed, Sheikh Iqbal and Adibuzzaman, Mohammad},
  booktitle={Machine Learning for Healthcare Conference},
  pages={376--396},
  year={2020},
  organization={PMLR}
}

@article{zhang2020causal,
  title={Causal intervention for weakly-supervised semantic segmentation},
  author={Zhang, Dong and Zhang, Hanwang and Tang, Jinhui and Hua, Xian-Sheng and Sun, Qianru},
  journal={Advances in Neural Information Processing Systems},
  volume={33},
  pages={655--666},
  year={2020}
}

@article{yin2022markov,
  title={Markov categories, causal theories, and the do-calculus},
  author={Yin, Yimu and Zhang, Jiji},
  journal={arXiv preprint arXiv:2204.04821},
  year={2022}
}

@article{ding2019neural,
  title={Neural image caption generation with weighted training and reference},
  author={Ding, Guiguang and Chen, Minghai and Zhao, Sicheng and Chen, Hui and Han, Jungong and Liu, Qiang},
  journal={Cognitive Computation},
  volume={11},
  number={6},
  pages={763--777},
  year={2019},
  publisher={Springer}
}

@inproceedings{shao2021improving,
  title={Improving Weakly Supervised Object Localization via Causal Intervention},
  author={Shao, Feifei and Luo, Yawei and Zhang, Li and Ye, Lu and Tang, Siliang and Yang, Yi and Xiao, Jun},
  booktitle={Proceedings of the 29th ACM International Conference on Multimedia},
  pages={3321--3329},
  year={2021}
}

@inproceedings{wakayama2022cnn,
  title={CNN-Transformer with Self-Attention Network for Sound Event Detection},
  author={Wakayama, Keigo and Saito, Shoichiro},
  booktitle={ICASSP 2022-2022 IEEE International Conference on Acoustics, Speech and Signal Processing (ICASSP)},
  pages={806--810},
  year={2022},
  organization={IEEE}
}

@book{virtanen2018computational,
  title={Computational analysis of sound scenes and events},
  author={Virtanen, Tuomas and Plumbley, Mark D and Ellis, Dan},
  year={2018},
  publisher={Springer}
}

@incollection{bello2018sound,
  title={Sound analysis in smart cities},
  author={Bello, Juan Pablo and Mydlarz, Charlie and Salamon, Justin},
  booktitle={Computational Analysis of Sound Scenes and Events},
  pages={373--397},
  year={2018},
  publisher={Springer}
}

@article{krstulovic2018audio,
  title={Audio event recognition in the smart home},
  author={Krstulovi{\'c}, Sacha},
  journal={Computational Analysis of Sound Scenes and Events},
  pages={335--371},
  year={2018},
  publisher={Springer}
}

@article{chalmers1981method,
  title={A method for assessing the quality of a randomized control trial},
  author={Chalmers, Thomas C and Smith Jr, Harry and Blackburn, Bradley and Silverman, Bernard and Schroeder, Biruta and Reitman, Dinah and Ambroz, Alexander},
  journal={Controlled clinical trials},
  volume={2},
  number={1},
  pages={31--49},
  year={1981},
  publisher={Elsevier}
}

@article{lin2020specialized,
  title={Specialized decision surface and disentangled feature for weakly-supervised polyphonic sound event detection},
  author={Lin, Liwei and Wang, Xiangdong and Liu, Hong and Qian, Yueliang},
  journal={IEEE/ACM Transactions on Audio, Speech, and Language Processing},
  volume={28},
  pages={1466--1478},
  year={2020},
  publisher={IEEE}
}

@inproceedings{zhang2021causal,
  title={Causal intervention for leveraging popularity bias in recommendation},
  author={Zhang, Yang and Feng, Fuli and He, Xiangnan and Wei, Tianxin and Song, Chonggang and Ling, Guohui and Zhang, Yongdong},
  booktitle={Proceedings of the 44th International ACM SIGIR Conference on Research and Development in Information Retrieval},
  pages={11--20},
  year={2021}
}

@article{tang2020long,
  title={Long-tailed classification by keeping the good and removing the bad momentum causal effect},
  author={Tang, Kaihua and Huang, Jianqiang and Zhang, Hanwang},
  journal={Advances in Neural Information Processing Systems},
  volume={33},
  pages={1513--1524},
  year={2020}
}

@book{glymour2016causal,
  title={Causal inference in statistics: A primer},
  author={Glymour, Madelyn and Pearl, Judea and Jewell, Nicholas P},
  year={2016},
  publisher={John Wiley \& Sons}
}

@article{serizel2018large,
  title={Large-scale weakly labeled semi-supervised sound event detection in domestic environments},
  author={Serizel, Romain and Turpault, Nicolas and Eghbal-Zadeh, Hamid and Shah, Ankit Parag},
  journal={arXiv preprint arXiv:1807.10501},
  year={2018}
}

@inproceedings{imoto2019sound,
  title={Sound event detection using graph Laplacian regularization based on event co-occurrence},
  author={Imoto, Keisuke and Kyochi, Seisuke},
  booktitle={ICASSP 2019-2019 IEEE International Conference on Acoustics, Speech and Signal Processing (ICASSP)},
  pages={1--5},
  year={2019},
  organization={IEEE}
}

@article{wang2020modeling,
  title={Modeling label dependencies for audio tagging with graph convolutional network},
  author={Wang, Helin and Zou, Yuexian and Chong, Dading and Wang, Wenwu},
  journal={IEEE Signal Processing Letters},
  volume={27},
  pages={1560--1564},
  year={2020},
  publisher={IEEE}
}

@inproceedings{forre2020causal,
  title={Causal calculus in the presence of cycles, latent confounders and selection bias},
  author={Forr{\'e}, Patrick and Mooij, Joris M},
  booktitle={Uncertainty in Artificial Intelligence},
  pages={71--80},
  year={2020},
  organization={PMLR}
}

@article{berkaya2018survey,
  title={A survey on ECG analysis},
  author={Berkaya, Selcan Kaplan and Uysal, Alper Kursat and Gunal, Efnan Sora and Ergin, Semih and Gunal, Serkan and Gulmezoglu, M Bilginer},
  journal={Biomedical Signal Processing and Control},
  volume={43},
  pages={216--235},
  year={2018},
  publisher={Elsevier}
}

@article{addison2005wavelet,
  title={Wavelet transforms and the ECG: a review},
  author={Addison, Paul S},
  journal={Physiological measurement},
  volume={26},
  number={5},
  pages={R155},
  year={2005},
  publisher={IOP Publishing}
}

@article{tiu2022expert,
  title={Expert-level detection of pathologies from unannotated chest X-ray images via self-supervised learning},
  author={Tiu, Ekin and Talius, Ellie and Patel, Pujan and Langlotz, Curtis P and Ng, Andrew Y and Rajpurkar, Pranav},
  journal={Nature Biomedical Engineering},
  volume={6},
  number={12},
  pages={1399--1406},
  year={2022},
  publisher={Nature Publishing Group}
}

@article{yamacc2022personalized,
  title={A Personalized Zero-Shot ECG Arrhythmia Monitoring System: From Sparse Representation Based Domain Adaption to Energy Efficient Abnormal Beat Detection for Practical ECG Surveillance},
  author={Yama{\c{c}}, Mehmet and Duman, Mert and Adal{\i}o{\u{g}}lu, {\.I}lke and Kiranyaz, Serkan and Gabbouj, Moncef},
  journal={arXiv preprint arXiv:2207.07089},
  year={2022}
}

@article{bhaskarpandit2022lets,
  title={LETS-GZSL: A Latent Embedding Model for Time Series Generalized Zero Shot Learning},
  author={Bhaskarpandit, Sathvik and Gupta, Priyanka and Gupta, Manik},
  journal={arXiv preprint arXiv:2207.12007},
  year={2022}
}
@article{tripathy2019novel,
  title={A novel approach for detection of myocardial infarction from ECG signals of multiple electrodes},
  author={Tripathy, Rajesh Kumar and Bhattacharyya, Abhijit and Pachori, Ram Bilas},
  journal={IEEE Sensors Journal},
  volume={19},
  number={12},
  pages={4509--4517},
  year={2019},
  publisher={IEEE}
}
@article{baloglu2019classification,
  title={Classification of myocardial infarction with multi-lead ECG signals and deep CNN},
  author={Baloglu, Ulas Baran and Talo, Muhammed and Yildirim, Ozal and San Tan, Ru and Acharya, U Rajendra},
  journal={Pattern Recognition Letters},
  volume={122},
  pages={23--30},
  year={2019},
  publisher={Elsevier}
}
@article{singh2018classification,
  title={Classification of ECG arrhythmia using recurrent neural networks},
  author={Singh, Shraddha and Pandey, Saroj Kumar and Pawar, Urja and Janghel, Rekh Ram},
  journal={Procedia computer science},
  volume={132},
  pages={1290--1297},
  year={2018},
  publisher={Elsevier}
}
@article{xu2020interpretation,
  title={Interpretation of electrocardiogram (ECG) rhythm by combined CNN and BiLSTM},
  author={Xu, Xue and Jeong, Sohyun and Li, Jianqiang},
  journal={Ieee Access},
  volume={8},
  pages={125380--125388},
  year={2020},
  publisher={IEEE}
}
@article{jaiswal2020survey,
  title={A survey on contrastive self-supervised learning},
  author={Jaiswal, Ashish and Babu, Ashwin Ramesh and Zadeh, Mohammad Zaki and Banerjee, Debapriya and Makedon, Fillia},
  journal={Technologies},
  volume={9},
  number={1},
  pages={2},
  year={2020},
  publisher={MDPI}
}
@article{ebrahimi2020review,
  title={A review on deep learning methods for ECG arrhythmia classification},
  author={Ebrahimi, Zahra and Loni, Mohammad and Daneshtalab, Masoud and Gharehbaghi, Arash},
  journal={Expert Systems with Applications: X},
  volume={7},
  pages={100033},
  year={2020},
  publisher={Elsevier}
}
@inproceedings{lan2022intra,
  title={Intra-inter subject self-supervised learning for multivariate cardiac signals},
  author={Lan, Xiang and Ng, Dianwen and Hong, Shenda and Feng, Mengling},
  booktitle={Proceedings of the AAAI Conference on Artificial Intelligence},
  volume={36},
  number={4},
  pages={4532--4540},
  year={2022}
}
@article{mehari2022self,
  title={Self-supervised representation learning from 12-lead ECG data},
  author={Mehari, Temesgen and Strodthoff, Nils},
  journal={Computers in Biology and Medicine},
  volume={141},
  pages={105114},
  year={2022},
  publisher={Elsevier}
}
@article{socher2013zero,
  title={Zero-shot learning through cross-modal transfer},
  author={Socher, Richard and Ganjoo, Milind and Manning, Christopher D and Ng, Andrew},
  journal={Advances in neural information processing systems},
  volume={26},
  year={2013}
}
@article{xian2018zero,
  title={Zero-shot learning—a comprehensive evaluation of the good, the bad and the ugly},
  author={Xian, Yongqin and Lampert, Christoph H and Schiele, Bernt and Akata, Zeynep},
  journal={IEEE transactions on pattern analysis and machine intelligence},
  volume={41},
  number={9},
  pages={2251--2265},
  year={2018},
  publisher={IEEE}
}
@article{pourpanah2020review,
  title={A review of generalized zero-shot learning methods},
  author={Pourpanah, Farhad and Abdar, Moloud and Luo, Yuxuan and Zhou, Xinlei and Wang, Ran and Lim, Chee Peng and Wang, Xi-Zhao},
  journal={arXiv preprint arXiv:2011.08641},
  year={2020}
}
@article{liang2022foundations,
  title={Foundations and recent trends in multimodal machine learning: Principles, challenges, and open questions},
  author={Liang, Paul Pu and Zadeh, Amir and Morency, Louis-Philippe},
  journal={arXiv preprint arXiv:2209.03430},
  year={2022}
}
@article{wang2019survey,
  title={A survey of zero-shot learning: Settings, methods, and applications},
  author={Wang, Wei and Zheng, Vincent W and Yu, Han and Miao, Chunyan},
  journal={ACM Transactions on Intelligent Systems and Technology (TIST)},
  volume={10},
  number={2},
  pages={1--37},
  year={2019},
  publisher={ACM New York, NY, USA}
}

@inproceedings{he2016deep,
  title={Deep residual learning for image recognition},
  author={He, Kaiming and Zhang, Xiangyu and Ren, Shaoqing and Sun, Jian},
  booktitle={Proceedings of the IEEE conference on computer vision and pattern recognition},
  pages={770--778},
  year={2016}
}
@article{zhao2024ecg,
  title={ECG-Chat: A Large ECG-Language Model for Cardiac Disease Diagnosis},
  author={Zhao, Yubao and Zhang, Tian and Wang, Xu and Han, Puyu and Chen, Tong and Huang, Linlin and Jin, Youzhu and Kang, Jiaju},
  journal={arXiv preprint arXiv:2408.08849},
  year={2024}
}
@article{wan2024electrocardiogram,
  title={Electrocardiogram instruction tuning for report generation},
  author={Wan, Zhongwei and Liu, Che and Wang, Xin and Tao, Chaofan and Shen, Hui and Peng, Zhenwu and Fu, Jie and Arcucci, Rossella and Yao, Huaxiu and Zhang, Mi},
  journal={arXiv preprint arXiv:2403.04945},
  year={2024}
}
@article{yu2024ecg,
  title={ECG Semantic Integrator (ESI): A Foundation ECG Model Pretrained with LLM-Enhanced Cardiological Text},
  author={Yu, Han and Guo, Peikun and Sano, Akane},
  journal={arXiv preprint arXiv:2405.19366},
  year={2024}
}
@inproceedings{jinreading,
  title={Reading Your Heart: Learning ECG Words and Sentences via Pre-training ECG Language Model},
  author={Jin, Jiarui and Wang, Haoyu and Li, Jun and Huang, Sichao and Pan, Jiahui and Hong, Shenda},
  booktitle={Artificial Intelligence and Data Science for Healthcare: Bridging Data-Centric AI and People-Centric Healthcare},
year={2024}
}

@article{llama3modelcard,
  title={Llama 3 Model Card},
  author={AI@Meta},
  year={2024},
  url = {https://github.com/meta-llama/llama3/blob/main/MODEL_CARD.md}
}

@article{bodenreider2004unified,
  title={The unified medical language system (UMLS): integrating biomedical terminology},
  author={Bodenreider, Olivier},
  journal={Nucleic acids research},
  volume={32},
  number={suppl\_1},
  pages={D267--D270},
  year={2004},
  publisher={Oxford University Press}
}
@article{dai2016low,
  title={A low-power and miniaturized electrocardiograph data collection system with smart textile electrodes for monitoring of cardiac function},
  author={Dai, Ming and Xiao, Xueliang and Chen, Xin and Lin, Haoming and Wu, Wanqing and Chen, Siping},
  journal={Australasian physical \& engineering sciences in medicine},
  volume={39},
  pages={1029--1040},
  year={2016},
  publisher={Springer}
}
@article{alizadeh2020multichannel,
  title={Multichannel ECG recording from waist using textile sensors},
  author={Alizadeh Meghrazi, Milad and Tian, Yupeng and Mahnam, Amin and Bhattachan, Presish and Eskandarian, Ladan and Taghizadeh Kakhki, Sara and Popovic, Milos R and Lankarany, Milad},
  journal={BioMedical Engineering OnLine},
  volume={19},
  pages={1--18},
  year={2020},
  publisher={Springer}
}
@article{chamadiya2013textile,
  title={Textile-based, contactless ECG monitoring for non-ICU clinical settings},
  author={Chamadiya, Bhavin and Mankodiya, Kunal and Wagner, Manfred and Hofmann, Ulrich G},
  journal={Journal of Ambient Intelligence and Humanized Computing},
  volume={4},
  pages={791--800},
  year={2013},
  publisher={Springer}
}
@article{maheshwari2014accurate,
  title={Accurate and reliable 3-lead to 12-lead ECG reconstruction methodology for remote health monitoring applications},
  author={Maheshwari, Sidharth and Acharyya, Amit and Rajalakshmi, Pachamuthu and Puddu, Paolo Emilio and Schiariti, Michele},
  journal={IRBM},
  volume={35},
  number={6},
  pages={341--350},
  year={2014},
  publisher={Elsevier}
}
@inproceedings{cui2020collaborative,
  title={Collaborative learning of cross-channel clinical attention for radiotherapy-related esophageal fistula prediction from ct},
  author={Cui, Hui and Xu, Yiyue and Li, Wanlong and Wang, Linlin and Duh, Henry},
  booktitle={Medical Image Computing and Computer Assisted Intervention--MICCAI 2020: 23rd International Conference, Lima, Peru, October 4--8, 2020, Proceedings, Part I 23},
  pages={212--220},
  year={2020},
  organization={Springer}
}
@inproceedings{li2019attention,
  title={Attention based glaucoma detection: A large-scale database and CNN model},
  author={Li, Liu and Xu, Mai and Wang, Xiaofei and Jiang, Lai and Liu, Hanruo},
  booktitle={Proceedings of the IEEE/CVF conference on computer vision and pattern recognition},
  pages={10571--10580},
  year={2019}
}
@article{huang2020dual,
  title={Dual-ray net: automatic diagnosis of thoracic diseases using frontal and lateral chest X-rays},
  author={Huang, Xin and Fang, Yu and Lu, Mingming and Yan, Fengqi and Yang, Jun and Xu, Yilu},
  journal={Journal of Medical Imaging and Health Informatics},
  volume={10},
  number={2},
  pages={348--355},
  year={2020},
  publisher={American Scientific Publishers}
}
@inproceedings{cui2020collaborative,
  title={Collaborative learning of cross-channel clinical attention for radiotherapy-related esophageal fistula prediction from ct},
  author={Cui, Hui and Xu, Yiyue and Li, Wanlong and Wang, Linlin and Duh, Henry},
  booktitle={Medical Image Computing and Computer Assisted Intervention--MICCAI 2020: 23rd International Conference, Lima, Peru, October 4--8, 2020, Proceedings, Part I 23},
  pages={212--220},
  year={2020},
  organization={Springer}
}
@article{fontana2019clinical,
  title={Clinical applicability of a textile 1-lead ECG device for overnight monitoring},
  author={Fontana, Piero and Martins, Neusa R Ad{\~a}o and Camenzind, Martin and Rossi, Ren{\'e} M and Baty, Florent and Boesch, Maximilian and Schoch, Otto D and Brutsche, Martin H and Annaheim, Simon},
  journal={Sensors},
  volume={19},
  number={11},
  pages={2436},
  year={2019},
  publisher={MDPI}
}
@article{madias2003comparison,
  title={A comparison of 2-lead, 6-lead, and 12-lead ECGs in patients with changing edematous states: implications for the employment of quantitative electrocardiography in research and clinical applications},
  author={Madias, John E},
  journal={Chest},
  volume={124},
  number={6},
  pages={2057--2063},
  year={2003},
  publisher={Elsevier}
}
@article{jahrsdoerfer2005clinical,
  title={Clinical usefulness of the EASI 12-lead continuous electrocardiographic monitoring system},
  author={Jahrsdoerfer, Mary and Giuliano, Karen and Stephens, Dean},
  journal={Critical care nurse},
  volume={25},
  number={5},
  pages={28--37},
  year={2005},
  publisher={AACN}
}
@article{okshina2019p5352,
  title={P5352 The main characteristics and multimorbidity in patients with history of stroke, myocardial infarction and their combination (hospital registry data)},
  author={Okshina, EY and Lukiyanov, MM and Drapkina, OM and Klyashtorny, VG and Kudryashov, EV and Belova, EN and Deev, AD and Makoveeva, AN and Boytsov, SA},
  journal={European Heart Journal},
  volume={40},
  number={Supplement\_1},
  pages={ehz746--0319},
  year={2019},
  publisher={Oxford University Press}
}
@article{arnaout2016peripartum,
  title={Peripartum Cardiomyopathy and Hypertensive Pregnancy Subtypes Among 1.6 Million Pregnancies in California Independently Predict Subsequent Incident Myocardial Infarction, Heart Failure, and Stroke},
  author={Arnaout, Rima and Nah, Gregory and Marcus, Gregory M and Tseng, Zian H and Foster, Elyse and Harris, Ian and Divanji, Punag and Olgin, Jeffrey and Klein, Liviu and Gonzalez, Juan and others},
  journal={Circulation},
  volume={134},
  number={suppl\_1},
  pages={A14574--A14574},
  year={2016},
  publisher={Am Heart Assoc}
}
@article{brieger2000hierarchy,
  title={Hierarchy of risk based on history and location of prior myocardial infarction in the thrombolytic era},
  author={Brieger, David B and Mak, Koon-Hou and Miller, David P and Califf, Robert M and Topol, Eric J and GUSTO-I Investigators and others},
  journal={American Heart Journal},
  volume={140},
  number={1},
  pages={29--33},
  year={2000},
  publisher={Elsevier}
}
@misc{moura2023harvard,
  author       = {Valdery Moura Junior and Matthew Reyna and Shenda Hong and Aditya Gupta and Manohar Ghanta and Reza Sameni and Jonathan Rosand and Aaron Aguirre and Li Qiao and Gari Clifford and M. Brandon Westover},
  title        = {Harvard-Emory ECG Database (version 1.0)},
  year         = {2023},
  publisher    = {Brain Data Science Platform},
  url          = {https://doi.org/10.60508/g072-7n95}
}

@article{ribeiro2020automatic,
  title={Automatic diagnosis of the 12-lead ECG using a deep neural network},
  author={Ribeiro, Ant{\^o}nio H and Ribeiro, Manoel Horta and Paix{\~a}o, Gabriela MM and Oliveira, Derick M and Gomes, Paulo R and Canazart, J{\'e}ssica A and Ferreira, Milton PS and Andersson, Carl R and Macfarlane, Peter W and Meira Jr, Wagner and others},
  journal={Nature communications},
  volume={11},
  number={1},
  pages={1760},
  year={2020},
  publisher={Nature Publishing Group UK London}
}
@article{wu2021chest,
  title={Chest imagenome dataset},
  author={Wu, Joy and Agu, Nkechinyere and Lourentzou, Ismini and Sharma, Arjun and Paguio, Joseph and Yao, Jasper Seth and Dee, Edward Christopher and Mitchell, William and Kashyap, Satyananda and Giovannini, Andrea and others},
  journal={Physio Net},
  year={2021}
}
@inproceedings{delbrouck2024radgraph,
  title={RadGraph-XL: A Large-Scale Expert-Annotated Dataset for Entity and Relation Extraction from Radiology Reports},
  author={Delbrouck, Jean-Benoit and Chambon, Pierre and Chen, Zhihong and Varma, Maya and Johnston, Andrew and Blankemeier, Louis and Van Veen, Dave and Bui, Tan and Truong, Steven and Langlotz, Curtis},
  booktitle={Findings of the Association for Computational Linguistics ACL 2024},
  pages={12902--12915},
  year={2024}
}
@inproceedings{phan2024decomposing,
  title={Decomposing Disease Descriptions for Enhanced Pathology Detection: A Multi-Aspect Vision-Language Pre-training Framework},
  author={Phan, Vu Minh Hieu and Xie, Yutong and Qi, Yuankai and Liu, Lingqiao and Liu, Liyang and Zhang, Bowen and Liao, Zhibin and Wu, Qi and To, Minh-Son and Verjans, Johan W},
  booktitle={Proceedings of the IEEE/CVF Conference on Computer Vision and Pattern Recognition},
  pages={11492--11501},
  year={2024}
}
@article{wu2023medklip,
  title={MedKLIP: Medical Knowledge Enhanced Language-Image Pre-Training in Radiology},
  author={Wu, Chaoyi and Zhang, Xiaoman and Zhang, Ya and Wang, Yanfeng and Xie, Weidi},
  journal={arXiv preprint arXiv:2301.02228},
  year={2023}
}
@inproceedings{hong2020holmes,
  title={Holmes: health online model ensemble serving for deep learning models in intensive care units},
  author={Hong, Shenda and Xu, Yanbo and Khare, Alind and Priambada, Satria and Maher, Kevin and Aljiffry, Alaa and Sun, Jimeng and Tumanov, Alexey},
  booktitle={Proceedings of the 26th ACM SIGKDD International Conference on Knowledge Discovery \& Data Mining},
  pages={1614--1624},
  year={2020}
}
@inproceedings{jia2021scaling,
  title={Scaling up visual and vision-language representation learning with noisy text supervision},
  author={Jia, Chao and Yang, Yinfei and Xia, Ye and Chen, Yi-Ting and Parekh, Zarana and Pham, Hieu and Le, Quoc and Sung, Yun-Hsuan and Li, Zhen and Duerig, Tom},
  booktitle={International Conference on Machine Learning},
  pages={4904--4916},
  year={2021},
  organization={PMLR}
}
@article{yuan2021florence,
  title={Florence: A new foundation model for computer vision},
  author={Yuan, Lu and Chen, Dongdong and Chen, Yi-Ling and Codella, Noel and Dai, Xiyang and Gao, Jianfeng and Hu, Houdong and Huang, Xuedong and Li, Boxin and Li, Chunyuan and others},
  journal={arXiv preprint arXiv:2111.11432},
  year={2021}
}
@article{li2021align,
  title={Align before fuse: Vision and language representation learning with momentum distillation},
  author={Li, Junnan and Selvaraju, Ramprasaath and Gotmare, Akhilesh and Joty, Shafiq and Xiong, Caiming and Hoi, Steven Chu Hong},
  journal={Advances in neural information processing systems},
  volume={34},
  pages={9694--9705},
  year={2021}
}
@inproceedings{zhai2022lit,
  title={Lit: Zero-shot transfer with locked-image text tuning},
  author={Zhai, Xiaohua and Wang, Xiao and Mustafa, Basil and Steiner, Andreas and Keysers, Daniel and Kolesnikov, Alexander and Beyer, Lucas},
  booktitle={Proceedings of the IEEE/CVF Conference on Computer Vision and Pattern Recognition},
  pages={18123--18133},
  year={2022}
}
@article{chou2020knowledge,
  title={Knowledge-shot learning: An interpretable deep model for classifying imbalanced electrocardiography data},
  author={Chou, Yen-hsiu and Hong, Shenda and Zhou, Yuxi and Shang, Junyuan and Song, Moxian and Li, Hongyan},
  journal={Neurocomputing},
  volume={417},
  pages={64--73},
  year={2020},
  publisher={Elsevier}
}
@article{tsimpoukelli2021multimodal,
  title={Multimodal few-shot learning with frozen language models},
  author={Tsimpoukelli, Maria and Menick, Jacob L and Cabi, Serkan and Eslami, SM and Vinyals, Oriol and Hill, Felix},
  journal={Advances in Neural Information Processing Systems},
  volume={34},
  pages={200--212},
  year={2021}
}

@inproceedings{huang2021gloria,
  title={Gloria: A multimodal global-local representation learning framework for label-efficient medical image recognition},
  author={Huang, Shih-Cheng and Shen, Liyue and Lungren, Matthew P and Yeung, Serena},
  booktitle={Proceedings of the IEEE/CVF International Conference on Computer Vision},
  pages={3942--3951},
  year={2021}
}
@article{wang2022medclip,
  title={Medclip: Contrastive learning from unpaired medical images and text},
  author={Wang, Zifeng and Wu, Zhenbang and Agarwal, Dinesh and Sun, Jimeng},
  journal={arXiv preprint arXiv:2210.10163},
  year={2022}
}
@inproceedings{wolf2020transformers,
  title={Transformers: State-of-the-art natural language processing},
  author={Wolf, Thomas and Debut, Lysandre and Sanh, Victor and Chaumond, Julien and Delangue, Clement and Moi, Anthony and Cistac, Pierric and Rault, Tim and Louf, R{\'e}mi and Funtowicz, Morgan and others},
  booktitle={Proceedings of the 2020 conference on empirical methods in natural language processing: system demonstrations},
  pages={38--45},
  year={2020}
}
@inproceedings{chen2020simple,
  title={A simple framework for contrastive learning of visual representations},
  author={Chen, Ting and Kornblith, Simon and Norouzi, Mohammad and Hinton, Geoffrey},
  booktitle={International conference on machine learning},
  pages={1597--1607},
  year={2020},
  organization={PMLR}
}

@article{ayer2014difficult,
  title={Difficult ECGs in STEMI:: Lessons learned from serial sampling of pre-and in-hospital ECGs},
  author={Ayer, Antoine and Terkelsen, Christian Juhl},
  journal={Journal of electrocardiology},
  volume={47},
  number={4},
  pages={448--458},
  year={2014},
  publisher={Elsevier}
}

@inproceedings{align,
  title={Scaling up visual and vision-language representation learning with noisy text supervision},
  author={Jia, Chao and Yang, Yinfei and Xia, Ye and Chen, Yi-Ting and Parekh, Zarana and Pham, Hieu and Le, Quoc and Sung, Yun-Hsuan and Li, Zhen and Duerig, Tom},
  booktitle={International Conference on Machine Learning},
  pages={4904--4916},
  year={2021},
  organization={PMLR}
}
@inproceedings{krishnan2018supervised,
  title={A Supervised learning approach for ICU mortality prediction based on unstructured electrocardiogram text reports},
  author={Krishnan, Gokul S and Sowmya Kamath, S},
  booktitle={International Conference on Applications of Natural Language to Information Systems},
  pages={126--134},
  year={2018},
  organization={Springer}
}
@article{florence,
  title={Florence: A new foundation model for computer vision},
  author={Yuan, Lu and Chen, Dongdong and Chen, Yi-Ling and Codella, Noel and Dai, Xiyang and Gao, Jianfeng and Hu, Houdong and Huang, Xuedong and Li, Boxin and Li, Chunyuan and others},
  journal={arXiv preprint arXiv:2111.11432},
  year={2021}
}
@inproceedings{lit,
  title={Lit: Zero-shot transfer with locked-image text tuning},
  author={Zhai, Xiaohua and Wang, Xiao and Mustafa, Basil and Steiner, Andreas and Keysers, Daniel and Kolesnikov, Alexander and Beyer, Lucas},
  booktitle={Proceedings of the IEEE/CVF Conference on Computer Vision and Pattern Recognition},
  pages={18123--18133},
  year={2022}
}
@article{moody2001impact,
  title={The impact of the MIT-BIH arrhythmia database},
  author={Moody, George B and Mark, Roger G},
  journal={IEEE Engineering in Medicine and Biology Magazine},
  volume={20},
  number={3},
  pages={45--50},
  year={2001},
  publisher={IEEE}
}

@article{cpc,
  title={Representation learning with contrastive predictive coding},
  author={Oord, Aaron van den and Li, Yazhe and Vinyals, Oriol},
  journal={arXiv preprint arXiv:1807.03748},
  year={2018}
}

@article{wang2019adversarial,
  title={Adversarial de-noising of electrocardiogram},
  author={Wang, Jilong and Li, Renfa and Li, Rui and Li, Keqin and Zeng, Haibo and Xie, Guoqi and Liu, Li},
  journal={Neurocomputing},
  volume={349},
  pages={212--224},
  year={2019},
  publisher={Elsevier}
}
@article{byol,
  title={Bootstrap your own latent-a new approach to self-supervised learning},
  author={Grill, Jean-Bastien and Strub, Florian and Altch{\'e}, Florent and Tallec, Corentin and Richemond, Pierre and Buchatskaya, Elena and Doersch, Carl and Avila Pires, Bernardo and Guo, Zhaohan and Gheshlaghi Azar, Mohammad and others},
  journal={Advances in neural information processing systems},
  volume={33},
  pages={21271--21284},
  year={2020}
}
@inproceedings{simsiam,
  title={Exploring simple siamese representation learning},
  author={Chen, Xinlei and He, Kaiming},
  booktitle={Proceedings of the IEEE/CVF conference on computer vision and pattern recognition},
  pages={15750--15758},
  year={2021}
}


@inproceedings{tanida2023interactive,
  title={Interactive and Explainable Region-guided Radiology Report Generation},
  author={Tanida, Tim and M{\"u}ller, Philip and Kaissis, Georgios and Rueckert, Daniel},
  booktitle={Proceedings of the IEEE/CVF Conference on Computer Vision and Pattern Recognition},
  pages={7433--7442},
  year={2023}
}
@article{gao2021simcse,
  title={Simcse: Simple contrastive learning of sentence embeddings},
  author={Gao, Tianyu and Yao, Xingcheng and Chen, Danqi},
  journal={arXiv preprint arXiv:2104.08821},
  year={2021}
}
@article{
lalam2023ecg,
title={{ECG} Representation Learning with Multi-Modal {EHR} Data},
author={Sravan Kumar Lalam and Hari Krishna Kunderu and Shayan Ghosh and Harish Kumar A and Samir Awasthi and Ashim Prasad and Francisco Lopez-Jimenez and Zachi I Attia and Samuel Asirvatham and Paul Friedman and Rakesh Barve and Melwin Babu},
journal={Transactions on Machine Learning Research},
issn={2835-8856},
year={2023},
url={https://openreview.net/forum?id=UxmvCwuTMG},
note={}
}
@article{liu2023imitate,
  title={IMITATE: Clinical Prior Guided Hierarchical Vision-Language Pre-training},
  author={Liu, Che and Cheng, Sibo and Shi, Miaojing and Shah, Anand and Bai, Wenjia and Arcucci, Rossella},
  journal={arXiv preprint arXiv:2310.07355},
  year={2023}
}
@article{turgut2023unlocking,
  title={Unlocking the Diagnostic Potential of ECG through Knowledge Transfer from Cardiac MRI},
  author={Turgut, {\"O}zg{\"u}n and M{\"u}ller, Philip and Hager, Paul and Shit, Suprosanna and Starck, Sophie and Menten, Martin J and Martens, Eimo and Rueckert, Daniel},
  journal={arXiv preprint arXiv:2308.05764},
  year={2023}
}

@inproceedings{clip,
  title={Learning transferable visual models from natural language supervision},
  author={Radford, Alec and Kim, Jong Wook and Hallacy, Chris and Ramesh, Aditya and Goh, Gabriel and Agarwal, Sandhini and Sastry, Girish and Askell, Amanda and Mishkin, Pamela and Clark, Jack and others},
  booktitle={International conference on machine learning},
  pages={8748--8763},
  year={2021},
  organization={PMLR}
}
@inproceedings{resnet,
  title={Deep residual learning for image recognition},
  author={He, Kaiming and Zhang, Xiangyu and Ren, Shaoqing and Sun, Jian},
  booktitle={Proceedings of the IEEE conference on computer vision and pattern recognition},
  pages={770--778},
  year={2016}
}
###
@article{gtgm,
  title={Generative Text-Guided 3D Vision-Language Pretraining for Unified Medical Image Segmentation},
  author={Chen, Yinda and Liu, Che and Huang, Wei and Cheng, Sibo and Arcucci, Rossella and Xiong, Zhiwei},
  journal={arXiv preprint arXiv:2306.04811},
  year={2023}
}
@article{chen2023learning,
  title={Learning Multiscale Consistency for Self-supervised Electron Microscopy Instance Segmentation},
  author={Chen, Yinda and Huang, Wei and Liu, Xiaoyu and Chen, Qi and Xiong, Zhiwei},
  journal={arXiv preprint arXiv:2308.09917},
  year={2023}
}
@article{chenself,
  title={Self-Supervised Neuron Segmentation with Multi-Agent Reinforcement Learning},
  author={Chen, Yinda and Huang, Wei and Zhou, Shenglong and Chen, Qi and Xiong, Zhiwei},
  journal={arXiv preprint arXiv:2310.04148},
  year={2023}
}

@article{liu2023spectral,
  title={Spectral Cross-Domain Neural Network with Soft-adaptive Threshold Spectral Enhancement},
  author={Liu, Che and Cheng, Sibo and Ding, Weiping and Arcucci, Rossella},
  journal={arXiv preprint arXiv:2301.10171},
  year={2023}
}

@article{csn1,
  title={A large scale 12-lead electrocardiogram database for arrhythmia study (version 1.0. 0)},
  author={Zheng, J and Guo, H and Chu, H},
  journal={PhysioNet 2022Available online: http://physionet. org/content/ecg-arrhythmia/1.0. 0/(accessed on 23 November 2022)},
  year={2022}
}
@article{csn2,
  title={Optimal multi-stage arrhythmia classification approach},
  author={Zheng, Jianwei and Chu, Huimin and Struppa, Daniele and Zhang, Jianming and Yacoub, Sir Magdi and El-Askary, Hesham and Chang, Anthony and Ehwerhemuepha, Louis and Abudayyeh, Islam and Barrett, Alexander and others},
  journal={Scientific reports},
  volume={10},
  number={1},
  pages={2898},
  year={2020},
  publisher={Nature Publishing Group UK London}
}

@article{cpsc2018,
  title={An open access database for evaluating the algorithms of electrocardiogram rhythm and morphology abnormality detection},
  author={Liu, Feifei and Liu, Chengyu and Zhao, Lina and Zhang, Xiangyu and Wu, Xiaoling and Xu, Xiaoyan and Liu, Yulin and Ma, Caiyun and Wei, Shoushui and He, Zhiqiang and others},
  journal={Journal of Medical Imaging and Health Informatics},
  volume={8},
  number={7},
  pages={1368--1373},
  year={2018},
  publisher={American Scientific Publishers}
}

@article{
ecg2ehr,
title={{ECG} Representation Learning with Multi-Modal {EHR} Data},
author={Sravan Kumar Lalam and Hari Krishna Kunderu and Shayan Ghosh and Harish Kumar A and Samir Awasthi and Ashim Prasad and Francisco Lopez-Jimenez and Zachi I Attia and Samuel Asirvatham and Paul Friedman and Rakesh Barve and Melwin Babu},
journal={Transactions on Machine Learning Research},
issn={2835-8856},
year={2023},
url={https://openreview.net/forum?id=UxmvCwuTMG},
note={}
}


@inproceedings{clocs,
  title={Clocs: Contrastive learning of cardiac signals across space, time, and patients},
  author={Kiyasseh, Dani and Zhu, Tingting and Clifton, David A},
  booktitle={International Conference on Machine Learning},
  pages={5606--5615},
  year={2021},
  organization={PMLR}
}

@inproceedings{menon2022visual,
  title={Visual Classification via Description from Large Language Models},
  author={Menon, Sachit and Vondrick, Carl},
  booktitle={The Eleventh International Conference on Learning Representations},
  year={2022}
}

@inproceedings{maniparambil2023enhancing,
  title={Enhancing clip with gpt-4: Harnessing visual descriptions as prompts},
  author={Maniparambil, Mayug and Vorster, Chris and Molloy, Derek and Murphy, Noel and McGuinness, Kevin and O'Connor, Noel E},
  booktitle={Proceedings of the IEEE/CVF International Conference on Computer Vision},
  pages={262--271},
  year={2023}
}

@article{khattak2024learning,
  title={Learning to Prompt with Text Only Supervision for Vision-Language Models},
  author={Khattak, Muhammad Uzair and Naeem, Muhammad Ferjad and Naseer, Muzammal and Van Gool, Luc and Tombari, Federico},
  journal={arXiv preprint arXiv:2401.02418},
  year={2024}
}
@article{liu2023sync,
  title={SYNC-CLIP: Synthetic Data Make CLIP Generalize Better in Data-Limited Scenarios},
  author={Liu, Mushui and He, Weijie and Lu, Ziqian and Yu, Yunlong},
  journal={arXiv preprint arXiv:2312.03805},
  year={2023}
}
@article{convirt,
  title={Contrastive learning of medical visual representations from paired images and text},
  author={Zhang, Yuhao and Jiang, Hang and Miura, Yasuhide and Manning, Christopher D and Langlotz, Curtis P},
  journal={arXiv preprint arXiv:2010.00747},
  year={2020}
}
@article{wang2023learning,
  title={Learning Hierarchical Prompt with Structured Linguistic Knowledge for Vision-Language Models},
  author={Wang, Yubin and Jiang, Xinyang and Cheng, De and Li, Dongsheng and Zhao, Cairong},
  journal={arXiv preprint arXiv:2312.06323},
  year={2023}
}


@inproceedings{liu2023improving,
  title={Improving pixel-based mim by reducing wasted modeling capability},
  author={Liu, Yuan and Zhang, Songyang and Chen, Jiacheng and Yu, Zhaohui and Chen, Kai and Lin, Dahua},
  booktitle={Proceedings of the IEEE/CVF International Conference on Computer Vision},
  pages={5361--5372},
  year={2023}
}

@article{jin2023medcpt,
  title={MedCPT: Contrastive Pre-trained Transformers with large-scale PubMed search logs for zero-shot biomedical information retrieval},
  author={Jin, Qiao and Kim, Won and Chen, Qingyu and Comeau, Donald C and Yeganova, Lana and Wilbur, W John and Lu, Zhiyong},
  journal={Bioinformatics},
  volume={39},
  number={11},
  pages={btad651},
  year={2023},
  publisher={Oxford University Press}
}

@article{gu2021domain,
  title={Domain-specific language model pretraining for biomedical natural language processing},
  author={Gu, Yu and Tinn, Robert and Cheng, Hao and Lucas, Michael and Usuyama, Naoto and Liu, Xiaodong and Naumann, Tristan and Gao, Jianfeng and Poon, Hoifung},
  journal={ACM Transactions on Computing for Healthcare (HEALTH)},
  volume={3},
  number={1},
  pages={1--23},
  year={2021},
  publisher={ACM New York, NY}
}
@article{bray2021single,
  title={Single-lead ECGs (AliveCor) are a feasible, cost-effective and safer alternative to 12-lead ECGs in community diagnosis and monitoring of atrial fibrillation},
  author={Bray, Jonathan James Hyett and Lloyd, Elin Fflur and Adenwalla, Firdaus and Kelly, Sarah and Wareham, Kathie and Halcox, Julian PJ},
  journal={BMJ open quality},
  volume={10},
  number={1},
  pages={e001270},
  year={2021},
  publisher={British Medical Journal Publishing Group}
}
@article{vrints201812,
  title={The 12 lead ECG rules the waves in acute cardiovascular care},
  author={Vrints, Christiaan JM},
  journal={European Heart Journal: Acute Cardiovascular Care},
  volume={7},
  number={3},
  pages={197--199},
  year={2018},
  publisher={SAGE Publications Sage UK: London, England}
}
@article{swor2006prehospital,
  title={Prehospital 12-lead ECG: efficacy or effectiveness?},
  author={Swor, Robert and Hegerberg, Stacey and McHugh-McNally, Ann and Goldstein, Mark and McEachin, Christine C},
  journal={Prehospital Emergency Care},
  volume={10},
  number={3},
  pages={374--377},
  year={2006},
  publisher={Taylor \& Francis}
}
@article{quinn2020has,
  title={Has the proportion of patients diagnosed with myocardial infarction that receives a 12 ECG in the prehospital setting in the UK changed over time?},
  author={Quinn, T and Watkins, A and Hampton, C and Halter, M and Weston, C and Gale, CP and Gavalova, L and Driscoll, T and Davies, G and Snooks, HA},
  journal={European Heart Journal},
  volume={41},
  number={Supplement\_2},
  pages={ehaa946--1650},
  year={2020},
  publisher={Oxford University Press}
}
@misc{nonogi2008abstract,
  title={Abstract P182: Usefulness of Mobile Telemedicine System in Real-time Transmission of Out-of-hospital 12-lead ECG},
  author={Nonogi, Hiroshi and Yokoyama, Hiroyuki and Otsuka, Yoritaka and Kasahara, Yoichiro and Kataoka, Yu and Kokubu, Nobuaki and Sase, Kazuhiro},
  year={2008},
  publisher={Am Heart Assoc}
}
@article{kotelnik202112,
  title={12-lead electrocardiograms acquired and transmitted by emergency medical technicians are of diagnostic quality and positively impact patient care},
  author={Kotelnik, Vladimir and Pesce, Kevin and Masterton, William M and Marshall, Robert T and Pigott, Gregson and Bialek, Nathaniel and Winslow, Jason and Maloney, Lauren M},
  journal={Prehospital and Disaster Medicine},
  volume={36},
  number={1},
  pages={47--50},
  year={2021},
  publisher={Cambridge University Press}
}
@inproceedings{zhang2019all,
  title={All-ECG: A least-number of leads ECG monitor for standard 12-lead ECG Tracking during Motion},
  author={Zhang, Qingxue and Frick, Kyle},
  booktitle={2019 IEEE Healthcare Innovations and Point of Care Technologies,(HI-POCT)},
  pages={103--106},
  year={2019},
  organization={IEEE}
}
@article{pham2024c,
  title={C-MELT: Contrastive Enhanced Masked Auto-Encoders for ECG-Language Pre-Training},
  author={Pham, Manh and Saeed, Aaqib and Ma, Dong},
  journal={arXiv preprint arXiv:2410.02131},
  year={2024}
}
@article{thygesen2018fourth,
  title={Fourth universal definition of myocardial infarction (2018)},
  author={Thygesen, Kristian and Alpert, Joseph S and Jaffe, Allan S and Chaitman, Bernard R and Bax, Jeroen J and Morrow, David A and White, Harvey D and Executive Group on behalf of the Joint European Society of Cardiology (ESC)/American College of Cardiology (ACC)/American Heart Association (AHA)/World Heart Federation (WHF) Task Force for the Universal Definition of Myocardial Infarction},
  journal={Circulation},
  volume={138},
  number={20},
  pages={e618--e651},
  year={2018},
  publisher={Am Heart Assoc}
}
@article{king2017approach,
  title={Approach to the adult with interstitial lung disease: Diagnostic testing},
  author={King Jr, Talmadge E},
  journal={UpToDate. Waltham, MA. Accessed on: March},
  volume={25},
  year={2017}
}