@article{alizadeh2020multichannel,
  title={Multichannel ECG recording from waist using textile sensors},
  author={Alizadeh Meghrazi, Milad and Tian, Yupeng and Mahnam, Amin and Bhattachan, Presish and Eskandarian, Ladan and Taghizadeh Kakhki, Sara and Popovic, Milos R and Lankarany, Milad},
  journal={BioMedical Engineering OnLine},
  volume={19},
  pages={1--18},
  year={2020},
  publisher={Springer}
}

@article{astcl,
  title={Adversarial Spatiotemporal Contrastive Learning for Electrocardiogram Signals},
  author={Wang, Ning and Feng, Panpan and Ge, Zhaoyang and Zhou, Yanjie and Zhou, Bing and Wang, Zongmin},
  journal={IEEE Transactions on Neural Networks and Learning Systems},
  year={2023},
  publisher={IEEE}
}

@article{chamadiya2013textile,
  title={Textile-based, contactless ECG monitoring for non-ICU clinical settings},
  author={Chamadiya, Bhavin and Mankodiya, Kunal and Wagner, Manfred and Hofmann, Ulrich G},
  journal={Journal of Ambient Intelligence and Humanized Computing},
  volume={4},
  pages={791--800},
  year={2013},
  publisher={Springer}
}

@inproceedings{clocs,
  title={Clocs: Contrastive learning of cardiac signals across space, time, and patients},
  author={Kiyasseh, Dani and Zhu, Tingting and Clifton, David A},
  booktitle={International Conference on Machine Learning},
  pages={5606--5615},
  year={2021},
  organization={PMLR}
}

@article{dai2016low,
  title={A low-power and miniaturized electrocardiograph data collection system with smart textile electrodes for monitoring of cardiac function},
  author={Dai, Ming and Xiao, Xueliang and Chen, Xin and Lin, Haoming and Wu, Wanqing and Chen, Siping},
  journal={Australasian physical \& engineering sciences in medicine},
  volume={39},
  pages={1029--1040},
  year={2016},
  publisher={Springer}
}

@inproceedings{delbrouck2024radgraph,
  title={RadGraph-XL: A Large-Scale Expert-Annotated Dataset for Entity and Relation Extraction from Radiology Reports},
  author={Delbrouck, Jean-Benoit and Chambon, Pierre and Chen, Zhihong and Varma, Maya and Johnston, Andrew and Blankemeier, Louis and Van Veen, Dave and Bui, Tan and Truong, Steven and Langlotz, Curtis},
  booktitle={Findings of the Association for Computational Linguistics ACL 2024},
  pages={12902--12915},
  year={2024}
}

@article{fontana2019clinical,
  title={Clinical applicability of a textile 1-lead ECG device for overnight monitoring},
  author={Fontana, Piero and Martins, Neusa R Ad{\~a}o and Camenzind, Martin and Rossi, Ren{\'e} M and Baty, Florent and Boesch, Maximilian and Schoch, Otto D and Brutsche, Martin H and Annaheim, Simon},
  journal={Sensors},
  volume={19},
  number={11},
  pages={2436},
  year={2019},
  publisher={MDPI}
}

@article{huang2020dual,
  title={Dual-ray net: automatic diagnosis of thoracic diseases using frontal and lateral chest X-rays},
  author={Huang, Xin and Fang, Yu and Lu, Mingming and Yan, Fengqi and Yang, Jun and Xu, Yilu},
  journal={Journal of Medical Imaging and Health Informatics},
  volume={10},
  number={2},
  pages={348--355},
  year={2020},
  publisher={American Scientific Publishers}
}

@article{jahrsdoerfer2005clinical,
  title={Clinical usefulness of the EASI 12-lead continuous electrocardiographic monitoring system},
  author={Jahrsdoerfer, Mary and Giuliano, Karen and Stephens, Dean},
  journal={Critical care nurse},
  volume={25},
  number={5},
  pages={28--37},
  year={2005},
  publisher={AACN}
}

@inproceedings{jinreading,
  title={Reading Your Heart: Learning ECG Words and Sentences via Pre-training ECG Language Model},
  author={Jin, Jiarui and Wang, Haoyu and Li, Jun and Huang, Sichao and Pan, Jiahui and Hong, Shenda},
  booktitle={Artificial Intelligence and Data Science for Healthcare: Bridging Data-Centric AI and People-Centric Healthcare},
year={2024}
}

@article{kad,
  title={Knowledge-enhanced visual-language pre-training on chest radiology images},
  author={Zhang, Xiaoman and Wu, Chaoyi and Zhang, Ya and Xie, Weidi and Wang, Yanfeng},
  journal={Nature Communications},
  volume={14},
  number={1},
  pages={4542},
  year={2023},
  publisher={Nature Publishing Group UK London}
}

@article{king2017approach,
  title={Approach to the adult with interstitial lung disease: Diagnostic testing},
  author={King Jr, Talmadge E},
  journal={UpToDate. Waltham, MA. Accessed on: March},
  volume={25},
  year={2017}
}

@article{lai2023practical,
  title={Practical intelligent diagnostic algorithm for wearable 12-lead ECG via self-supervised learning on large-scale dataset},
  author={Lai, Jiewei and Tan, Huixin and Wang, Jinliang and Ji, Lei and Guo, Jun and Han, Baoshi and Shi, Yajun and Feng, Qianjin and Yang, Wei},
  journal={Nature Communications},
  volume={14},
  number={1},
  pages={3741},
  year={2023},
  publisher={Nature Publishing Group UK London}
}

@inproceedings{li2019attention,
  title={Attention based glaucoma detection: A large-scale database and CNN model},
  author={Li, Liu and Xu, Mai and Wang, Xiaofei and Jiang, Lai and Liu, Hanruo},
  booktitle={Proceedings of the IEEE/CVF conference on computer vision and pattern recognition},
  pages={10571--10580},
  year={2019}
}

@article{li2023frozen,
  title={Frozen Language Model Helps ECG Zero-Shot Learning},
  author={Li, Jun and Liu, Che and Cheng, Sibo and Arcucci, Rossella and Hong, Shenda},
  journal={arXiv preprint arXiv:2303.12311},
  year={2023}
}

@article{liu2023etp,
  title={Etp: Learning transferable ecg representations via ecg-text pre-training},
  author={Liu, Che and Wan, Zhongwei and Cheng, Sibo and Zhang, Mi and Arcucci, Rossella},
  journal={arXiv preprint arXiv:2309.07145},
  year={2023}
}

@article{liu2023g2d,
  title={G2D: From Global to Dense Radiography Representation Learning via Vision-Language Pre-training},
  author={Liu, Che and Ouyang, Cheng and Cheng, Sibo and Shah, Anand and Bai, Wenjia and Arcucci, Rossella},
  journal={arXiv preprint arXiv:2312.01522},
  year={2023}
}

@article{madias2003comparison,
  title={A comparison of 2-lead, 6-lead, and 12-lead ECGs in patients with changing edematous states: implications for the employment of quantitative electrocardiography in research and clinical applications},
  author={Madias, John E},
  journal={Chest},
  volume={124},
  number={6},
  pages={2057--2063},
  year={2003},
  publisher={Elsevier}
}

@article{maheshwari2014accurate,
  title={Accurate and reliable 3-lead to 12-lead ECG reconstruction methodology for remote health monitoring applications},
  author={Maheshwari, Sidharth and Acharyya, Amit and Rajalakshmi, Pachamuthu and Puddu, Paolo Emilio and Schiariti, Michele},
  journal={IRBM},
  volume={35},
  number={6},
  pages={341--350},
  year={2014},
  publisher={Elsevier}
}

@article{merl,
  title={Zero-shot ecg classification with multimodal learning and test-time clinical knowledge enhancement},
  author={Liu, Che and Wan, Zhongwei and Ouyang, Cheng and Shah, Anand and Bai, Wenjia and Arcucci, Rossella},
  journal={arXiv preprint arXiv:2403.06659},
  year={2024}
}

@article{mimicecg,
  title={MIMIC-IV-ECG-Diagnostic Electrocardiogram Matched Subset},
  author={Gow, Brian and Pollard, Tom and Nathanson, Larry A and Johnson, Alistair and Moody, Benjamin and Fernandes, Chrystinne and Greenbaum, Nathaniel and Berkowitz, Seth and Moukheiber, Dana and Eslami, Parastou and others}
}

@misc{moura2023harvard,
  author       = {Valdery Moura Junior and Matthew Reyna and Shenda Hong and Aditya Gupta and Manohar Ghanta and Reza Sameni and Jonathan Rosand and Aaron Aguirre and Li Qiao and Gari Clifford and M. Brandon Westover},
  title        = {Harvard-Emory ECG Database (version 1.0)},
  year         = {2023},
  publisher    = {Brain Data Science Platform},
  url          = {https://doi.org/10.60508/g072-7n95}
}

@inproceedings{phan2024decomposing,
  title={Decomposing Disease Descriptions for Enhanced Pathology Detection: A Multi-Aspect Vision-Language Pre-training Framework},
  author={Phan, Vu Minh Hieu and Xie, Yutong and Qi, Yuankai and Liu, Lingqiao and Liu, Liyang and Zhang, Bowen and Liao, Zhibin and Wu, Qi and To, Minh-Son and Verjans, Johan W},
  booktitle={Proceedings of the IEEE/CVF Conference on Computer Vision and Pattern Recognition},
  pages={11492--11501},
  year={2024}
}

@article{ribeiro2020automatic,
  title={Automatic diagnosis of the 12-lead ECG using a deep neural network},
  author={Ribeiro, Ant{\^o}nio H and Ribeiro, Manoel Horta and Paix{\~a}o, Gabriela MM and Oliveira, Derick M and Gomes, Paulo R and Canazart, J{\'e}ssica A and Ferreira, Milton PS and Andersson, Carl R and Macfarlane, Peter W and Meira Jr, Wagner and others},
  journal={Nature communications},
  volume={11},
  number={1},
  pages={1760},
  year={2020},
  publisher={Nature Publishing Group UK London}
}

@article{sangha2024biometric,
  title={Biometric contrastive learning for data-efficient deep learning from electrocardiographic images},
  author={Sangha, Veer and Khunte, Akshay and Holste, Gregory and Mortazavi, Bobak J and Wang, Zhangyang and Oikonomou, Evangelos K and Khera, Rohan},
  journal={Journal of the American Medical Informatics Association},
  volume={31},
  number={4},
  pages={855--865},
  year={2024},
  publisher={Oxford University Press}
}

@inproceedings{sawano2022masked,
  title={Masked Autoencoder-Based Self-Supervised Learning for Electrocardiograms to Detect Left Ventricular Systolic Dysfunction.},
  author={Sawano, Shinnosuke and Kodera, Satoshi and Takeuchi, Hirotoshi and Sukeda, Issei and Katsushika, Susumu and Komuro, Issei},
  booktitle={NeurIPS 2022 Workshop on Learning from Time Series for Health},
  year={2022}
}

@inproceedings{simclr,
  title={A simple framework for contrastive learning of visual representations},
  author={Chen, Ting and Kornblith, Simon and Norouzi, Mohammad and Hinton, Geoffrey},
  booktitle={International conference on machine learning},
  pages={1597--1607},
  year={2020},
  organization={PMLR}
}

@inproceedings{stmem,
  title={Guiding Masked Representation Learning to Capture Spatio-Temporal Relationship of Electrocardiogram},
  author={Na, Yeongyeon and Park, Minje and Tae, Yunwon and Joo, Sunghoon},
  booktitle={The Twelfth International Conference on Learning Representations},
  year={2023}
}

@article{thygesen2018fourth,
  title={Fourth universal definition of myocardial infarction (2018)},
  author={Thygesen, Kristian and Alpert, Joseph S and Jaffe, Allan S and Chaitman, Bernard R and Bax, Jeroen J and Morrow, David A and White, Harvey D and Executive Group on behalf of the Joint European Society of Cardiology (ESC)/American College of Cardiology (ACC)/American Heart Association (AHA)/World Heart Federation (WHF) Task Force for the Universal Definition of Myocardial Infarction},
  journal={Circulation},
  volume={138},
  number={20},
  pages={e618--e651},
  year={2018},
  publisher={Am Heart Assoc}
}

@article{wan2023med,
  title={Med-UniC: Unifying Cross-Lingual Medical Vision-Language Pre-Training by Diminishing Bias},
  author={Wan, Zhongwei and Liu, Che and Zhang, Mi and Fu, Jie and Wang, Benyou and Cheng, Sibo and Ma, Lei and Quilodr{\'a}n-Casas, C{\'e}sar and Arcucci, Rossella},
  journal={arXiv preprint arXiv:2305.19894},
  year={2023}
}

@article{wan2024electrocardiogram,
  title={Electrocardiogram instruction tuning for report generation},
  author={Wan, Zhongwei and Liu, Che and Wang, Xin and Tao, Chaofan and Shen, Hui and Peng, Zhenwu and Fu, Jie and Arcucci, Rossella and Yao, Huaxiu and Zhang, Mi},
  journal={arXiv preprint arXiv:2403.04945},
  year={2024}
}

@article{wu2021chest,
  title={Chest imagenome dataset},
  author={Wu, Joy and Agu, Nkechinyere and Lourentzou, Ismini and Sharma, Arjun and Paguio, Joseph and Yao, Jasper Seth and Dee, Edward Christopher and Mitchell, William and Kashyap, Satyananda and Giovannini, Andrea and others},
  journal={Physio Net},
  year={2021}
}

@article{wu2023medklip,
  title={MedKLIP: Medical Knowledge Enhanced Language-Image Pre-Training in Radiology},
  author={Wu, Chaoyi and Zhang, Xiaoman and Zhang, Ya and Wang, Yanfeng and Xie, Weidi},
  journal={arXiv preprint arXiv:2301.02228},
  year={2023}
}

@article{yu2024ecg,
  title={ECG Semantic Integrator (ESI): A Foundation ECG Model Pretrained with LLM-Enhanced Cardiological Text},
  author={Yu, Han and Guo, Peikun and Sano, Akane},
  journal={arXiv preprint arXiv:2405.19366},
  year={2024}
}

@article{zhang2022maefe,
  title={Maefe: Masked autoencoders family of electrocardiogram for self-supervised pretraining and transfer learning},
  author={Zhang, Huaicheng and Liu, Wenhan and Shi, Jiguang and Chang, Sheng and Wang, Hao and He, Jin and Huang, Qijun},
  journal={IEEE Transactions on Instrumentation and Measurement},
  volume={72},
  pages={1--15},
  year={2022},
  publisher={IEEE}
}

@article{zhao2024ecg,
  title={ECG-Chat: A Large ECG-Language Model for Cardiac Disease Diagnosis},
  author={Zhao, Yubao and Zhang, Tian and Wang, Xu and Han, Puyu and Chen, Tong and Huang, Linlin and Jin, Youzhu and Kang, Jiaju},
  journal={arXiv preprint arXiv:2408.08849},
  year={2024}
}

