@inproceedings{avrahami2022blended,
  title={Blended diffusion for text-driven editing of natural images},
  author={Avrahami, Omri and Lischinski, Dani and Fried, Ohad},
  booktitle={Proceedings of the IEEE/CVF conference on computer vision and pattern recognition},
  pages={18208--18218},
  year={2022}
}

@inproceedings{brooks2023instructpix2pix,
  title={Instructpix2pix: Learning to follow image editing instructions},
  author={Brooks, Tim and Holynski, Aleksander and Efros, Alexei A},
  booktitle={Proceedings of the IEEE/CVF Conference on Computer Vision and Pattern Recognition},
  pages={18392--18402},
  year={2023}
}

@article{dash2017tac,
  title={Tac-gan-text conditioned auxiliary classifier generative adversarial network},
  author={Dash, Ayushman and Gamboa, John Cristian Borges and Ahmed, Sheraz and Liwicki, Marcus and Afzal, Muhammad Zeshan},
  journal={arXiv preprint arXiv:1703.06412},
  year={2017}
}

@inproceedings{gao2023magicdrive,
  title={{MagicDrive}: Street View Generation with Diverse 3D Geometry Control},
  author={Gao, Ruiyuan and Chen, Kai and Xie, Enze and Hong, Lanqing and Li, Zhenguo and Yeung, Dit-Yan and Xu, Qiang},
  booktitle = {International Conference on Learning Representations},
  year={2024}
}

@article{gao2024cat3d,
  title={Cat3d: Create anything in 3d with multi-view diffusion models},
  author={Gao, Ruiqi and Holynski, Aleksander and Henzler, Philipp and Brussee, Arthur and Martin-Brualla, Ricardo and Srinivasan, Pratul and Barron, Jonathan T and Poole, Ben},
  journal={arXiv preprint arXiv:2405.10314},
  year={2024}
}

@article{gao2024scp,
  title={SCP-Diff: Photo-Realistic Semantic Image Synthesis with Spatial-Categorical Joint Prior},
  author={Gao, Huan-ang and Gao, Mingju and Li, Jiaju and Li, Wenyi and Zhi, Rong and Tang, Hao and Zhao, Hao},
  journal={arXiv preprint arXiv:2403.09638},
  year={2024}
}

@inproceedings{li2021sat2vid,
  title={Sat2vid: Street-view panoramic video synthesis from a single satellite image},
  author={Li, Zuoyue and Li, Zhenqiang and Cui, Zhaopeng and Qin, Rongjun and Pollefeys, Marc and Oswald, Martin R},
  booktitle={Proceedings of the IEEE/CVF International Conference on Computer Vision},
  pages={12436--12445},
  year={2021}
}

@article{li2023drivingdiffusion,
  title={DrivingDiffusion: Layout-Guided multi-view driving scene video generation with latent diffusion model},
  author={Li, Xiaofan and Zhang, Yifu and Ye, Xiaoqing},
  journal={arXiv preprint arXiv:2310.07771},
  year={2023}
}

@inproceedings{li2023gligen,
  title={Gligen: Open-set grounded text-to-image generation},
  author={Li, Yuheng and Liu, Haotian and Wu, Qingyang and Mu, Fangzhou and Yang, Jianwei and Gao, Jianfeng and Li, Chunyuan and Lee, Yong Jae},
  booktitle={Proceedings of the IEEE/CVF Conference on Computer Vision and Pattern Recognition},
  pages={22511--22521},
  year={2023}
}

@article{li2024crossviewdiff,
  title={CrossViewDiff: A Cross-View Diffusion Model for Satellite-to-Street View Synthesis},
  author={Li, Weijia and He, Jun and Ye, Junyan and Zhong, Huaping and Zheng, Zhimeng and Huang, Zilong and Lin, Dahua and He, Conghui},
  journal={arXiv preprint arXiv:2408.14765},
  year={2024}
}

@inproceedings{li2024sat2scene,
  title={Sat2Scene: 3D Urban Scene Generation from Satellite Images with Diffusion},
  author={Li, Zuoyue and Li, Zhenqiang and Cui, Zhaopeng and Pollefeys, Marc and Oswald, Martin R},
  booktitle={Proceedings of the IEEE/CVF Conference on Computer Vision and Pattern Recognition},
  pages={7141--7150},
  year={2024}
}

@inproceedings{liu2023zero,
  title={Zero-1-to-3: Zero-shot one image to 3d object},
  author={Liu, Ruoshi and Wu, Rundi and Van Hoorick, Basile and Tokmakov, Pavel and Zakharov, Sergey and Vondrick, Carl},
  booktitle={Proceedings of the IEEE/CVF international conference on computer vision},
  pages={9298--9309},
  year={2023}
}

@inproceedings{lu2020geometry,
  title={Geometry-aware satellite-to-ground image synthesis for urban areas},
  author={Lu, Xiaohu and Li, Zuoyue and Cui, Zhaopeng and Oswald, Martin R and Pollefeys, Marc and Qin, Rongjun},
  booktitle={Proceedings of the IEEE/CVF Conference on Computer Vision and Pattern Recognition},
  pages={859--867},
  year={2020}
}

@article{melas20243d,
  title={Im-3d: Iterative multiview diffusion and reconstruction for high-quality 3d generation},
  author={Melas-Kyriazi, Luke and Laina, Iro and Rupprecht, Christian and Neverova, Natalia and Vedaldi, Andrea and Gafni, Oran and Kokkinos, Filippos},
  journal={arXiv preprint arXiv:2402.08682},
  year={2024}
}

@article{poole2022dreamfusion,
  title={Dreamfusion: Text-to-3d using 2d diffusion},
  author={Poole, Ben and Jain, Ajay and Barron, Jonathan T and Mildenhall, Ben},
  journal={arXiv preprint arXiv:2209.14988},
  year={2022}
}

@inproceedings{qian2023sat2density,
  title={Sat2density: Faithful density learning from satellite-ground image pairs},
  author={Qian, Ming and Xiong, Jincheng and Xia, Gui-Song and Xue, Nan},
  booktitle={Proceedings of the IEEE/CVF International Conference on Computer Vision},
  pages={3683--3692},
  year={2023}
}

@inproceedings{regmi2018cross,
  title={Cross-view image synthesis using conditional gans},
  author={Regmi, Krishna and Borji, Ali},
  booktitle={Proceedings of the IEEE conference on Computer Vision and Pattern Recognition},
  pages={3501--3510},
  year={2018}
}

@inproceedings{rombach2022high,
  title={High-resolution image synthesis with latent diffusion models},
  author={Rombach, Robin and Blattmann, Andreas and Lorenz, Dominik and Esser, Patrick and Ommer, Bj{\"o}rn},
  booktitle={Proceedings of the IEEE/CVF conference on computer vision and pattern recognition},
  pages={10684--10695},
  year={2022}
}

@inproceedings{ruan2021dae,
  title={Dae-gan: Dynamic aspect-aware gan for text-to-image synthesis},
  author={Ruan, Shulan and Zhang, Yong and Zhang, Kun and Fan, Yanbo and Tang, Fan and Liu, Qi and Chen, Enhong},
  booktitle={Proceedings of the IEEE/CVF international conference on computer vision},
  pages={13960--13969},
  year={2021}
}

@article{shi2022geometry,
  title={Geometry-guided street-view panorama synthesis from satellite imagery},
  author={Shi, Yujiao and Campbell, Dylan and Yu, Xin and Li, Hongdong},
  journal={IEEE Transactions on Pattern Analysis and Machine Intelligence},
  volume={44},
  number={12},
  pages={10009--10022},
  year={2022},
  publisher={IEEE}
}

@article{song2020score,
  title={Score-based generative modeling through stochastic differential equations},
  author={Song, Yang and Sohl-Dickstein, Jascha and Kingma, Diederik P and Kumar, Abhishek and Ermon, Stefano and Poole, Ben},
  journal={arXiv preprint arXiv:2011.13456},
  year={2020}
}

@inproceedings{tao2022df,
  title={Df-gan: A simple and effective baseline for text-to-image synthesis},
  author={Tao, Ming and Tang, Hao and Wu, Fei and Jing, Xiao-Yuan and Bao, Bing-Kun and Xu, Changsheng},
  booktitle={Proceedings of the IEEE/CVF conference on computer vision and pattern recognition},
  pages={16515--16525},
  year={2022}
}

@article{wu2022cross,
  title={Cross-view panorama image synthesis},
  author={Wu, Songsong and Tang, Hao and Jing, Xiao-Yuan and Zhao, Haifeng and Qian, Jianjun and Sebe, Nicu and Yan, Yan},
  journal={IEEE Transactions on Multimedia},
  volume={25},
  pages={3546--3559},
  year={2022},
  publisher={IEEE}
}

@article{xu2024geospecific,
  title={Geospecific View Generation--Geometry-Context Aware High-resolution Ground View Inference from Satellite Views},
  author={Xu, Ningli and Qin, Rongjun},
  journal={arXiv preprint arXiv:2407.08061},
  year={2024}
}

@inproceedings{zhai2017predicting,
  title={Predicting ground-level scene layout from aerial imagery},
  author={Zhai, Menghua and Bessinger, Zachary and Workman, Scott and Jacobs, Nathan},
  booktitle={Proceedings of the IEEE Conference on Computer Vision and Pattern Recognition},
  pages={867--875},
  year={2017}
}

