@String(PAMI = {IEEE Trans. Pattern Anal. Mach. Intell.})
@String(IJCV = {Int. J. Comput. Vis.})
@String(CVPR= {IEEE Conf. Comput. Vis. Pattern Recog.})
@String(ICCV= {Int. Conf. Comput. Vis.})
@String(ECCV= {Eur. Conf. Comput. Vis.})
@String(NIPS= {Adv. Neural Inform. Process. Syst.})
@String(ICPR = {Int. Conf. Pattern Recog.})
@String(BMVC= {Brit. Mach. Vis. Conf.})
@String(TOG= {ACM Trans. Graph.})
@String(TIP  = {IEEE Trans. Image Process.})
@String(TVCG  = {IEEE Trans. Vis. Comput. Graph.})
@String(TMM  = {IEEE Trans. Multimedia})
@String(ACMMM= {ACM Int. Conf. Multimedia})
@String(ICME = {Int. Conf. Multimedia and Expo})
@String(ICASSP=	{ICASSP})
@String(ICIP = {IEEE Int. Conf. Image Process.})
@String(ACCV  = {ACCV})
@String(ICLR = {Int. Conf. Learn. Represent.})
@String(IJCAI = {IJCAI})
@String(PR   = {Pattern Recognition})
@String(AAAI = {AAAI})
@String(CVPRW= {IEEE Conf. Comput. Vis. Pattern Recog. Worksh.})
@String(CSVT = {IEEE Trans. Circuit Syst. Video Technol.})

@String(SPL	= {IEEE Sign. Process. Letters})
@String(VR   = {Vis. Res.})
@String(JOV	 = {J. Vis.})
@String(TVC  = {The Vis. Comput.})
@String(JCST  = {J. Comput. Sci. Tech.})
@String(CGF  = {Comput. Graph. Forum})
@String(CVM = {Computational Visual Media})


@String(PAMI  = {IEEE TPAMI})
@String(IJCV  = {IJCV})
@String(CVPR  = {CVPR})
@String(ICCV  = {ICCV})
@String(ECCV  = {ECCV})
@String(NIPS  = {NeurIPS})
@String(ICPR  = {ICPR})
@String(BMVC  =	{BMVC})
@String(TOG   = {ACM TOG})
@String(TIP   = {IEEE TIP})
@String(TVCG  = {IEEE TVCG})
@String(TCSVT = {IEEE TCSVT})
@String(TMM   =	{IEEE TMM})
@String(ACMMM = {ACM MM})
@String(ICME  =	{ICME})
@String(ICASSP=	{ICASSP})
@String(ICIP  = {ICIP})
@String(ACCV  = {ACCV})
@String(ICLR  = {ICLR})
@String(IJCAI = {IJCAI})
@String(PR = {PR})
@String(AAAI = {AAAI})
@String(CVPRW= {CVPRW})
@String(CSVT = {IEEE TCSVT})



@inproceedings{gao2023magicdrive,
  title={{MagicDrive}: Street View Generation with Diverse 3D Geometry Control},
  author={Gao, Ruiyuan and Chen, Kai and Xie, Enze and Hong, Lanqing and Li, Zhenguo and Yeung, Dit-Yan and Xu, Qiang},
  booktitle = {International Conference on Learning Representations},
  year={2024}
}
@article{dhariwal2021diffusion,
  title={Diffusion models beat gans on image synthesis},
  author={Dhariwal, Prafulla and Nichol, Alexander},
  journal={Advances in neural information processing systems},
  volume={34},
  pages={8780--8794},
  year={2021}
}

@article{chinese-clip,
  title={Chinese CLIP: Contrastive Vision-Language Pretraining in Chinese},
  author={Yang, An and Pan, Junshu and Lin, Junyang and Men, Rui and Zhang, Yichang and Zhou, Jingren and Zhou, Chang},
  journal={arXiv preprint arXiv:2211.01335},
  year={2022}
}

@inproceedings{park2020contrastive,
  title={Contrastive learning for conditional image synthesis},
  author={Park, Taesung and Efros, Alexei A and Zhang, Richard and Zhu, Jun-Yan},
  booktitle={ECCV},
  volume={2},
  number={3},
  pages={4},
  year={2020}
}
@inproceedings{yang2023zero,
  title={Zero-shot contrastive loss for text-guided diffusion image style transfer},
  author={Yang, Serin and Hwang, Hyunmin and Ye, Jong Chul},
  booktitle={Proceedings of the IEEE/CVF International Conference on Computer Vision},
  pages={22873--22882},
  year={2023}
}
@inproceedings{radford2021learning,
  title={Learning transferable visual models from natural language supervision},
  author={Radford, Alec and Kim, Jong Wook and Hallacy, Chris and Ramesh, Aditya and Goh, Gabriel and Agarwal, Sandhini and Sastry, Girish and Askell, Amanda and Mishkin, Pamela and Clark, Jack and others},
  booktitle={International conference on machine learning},
  pages={8748--8763},
  year={2021},
  organization={PMLR}
}

@inproceedings{yang2024depth,
  title={Depth anything: Unleashing the power of large-scale unlabeled data},
  author={Yang, Lihe and Kang, Bingyi and Huang, Zilong and Xu, Xiaogang and Feng, Jiashi and Zhao, Hengshuang},
  booktitle={Proceedings of the IEEE/CVF Conference on Computer Vision and Pattern Recognition},
  pages={10371--10381},
  year={2024}
}
@inproceedings{shechtman2007matching,
  title={Matching local self-similarities across images and videos},
  author={Shechtman, Eli and Irani, Michal},
  booktitle={2007 IEEE conference on computer vision and pattern recognition},
  pages={1--8},
  year={2007},
  organization={IEEE}
}
@inproceedings{li2022blip,
  title={Blip: Bootstrapping language-image pre-training for unified vision-language understanding and generation},
  author={Li, Junnan and Li, Dongxu and Xiong, Caiming and Hoi, Steven},
  booktitle={International conference on machine learning},
  pages={12888--12900},
  year={2022},
  organization={PMLR}
}

@inproceedings{shi2023boosting,
  title={Boosting 3-dof ground-to-satellite camera localization accuracy via geometry-guided cross-view transformer},
  author={Shi, Yujiao and Wu, Fei and Perincherry, Akhil and Vora, Ankit and Li, Hongdong},
  booktitle={Proceedings of the IEEE/CVF International Conference on Computer Vision},
  pages={21516--21526},
  year={2023}
}

@inproceedings{tumanyan2022splicing,
  title={Splicing vit features for semantic appearance transfer},
  author={Tumanyan, Narek and Bar-Tal, Omer and Bagon, Shai and Dekel, Tali},
  booktitle={Proceedings of the IEEE/CVF Conference on Computer Vision and Pattern Recognition},
  pages={10748--10757},
  year={2022}
}
@inproceedings{liu2024improved,
  title={Improved baselines with visual instruction tuning},
  author={Liu, Haotian and Li, Chunyuan and Li, Yuheng and Lee, Yong Jae},
  booktitle={Proceedings of the IEEE/CVF Conference on Computer Vision and Pattern Recognition},
  pages={26296--26306},
  year={2024}
}

@article{zhu2020deformable,
  title={Deformable detr: Deformable transformers for end-to-end object detection},
  author={Zhu, Xizhou and Su, Weijie and Lu, Lewei and Li, Bin and Wang, Xiaogang and Dai, Jifeng},
  journal={arXiv preprint arXiv:2010.04159},
  year={2020}
}

@article{oord2018representation,
  title={Representation learning with contrastive predictive coding},
  author={Oord, Aaron van den and Li, Yazhe and Vinyals, Oriol},
  journal={arXiv preprint arXiv:1807.03748},
  year={2018}
}

@inproceedings{liu2019lending,
  title={Lending orientation to neural networks for cross-view geo-localization},
  author={Liu, Liu and Li, Hongdong},
  booktitle={Proceedings of the IEEE/CVF conference on computer vision and pattern recognition},
  pages={5624--5633},
  year={2019}
}

@article{shi2022accurate,
  title={Accurate 3-DoF camera geo-localization via ground-to-satellite image matching},
  author={Shi, Yujiao and Yu, Xin and Liu, Liu and Campbell, Dylan and Koniusz, Piotr and Li, Hongdong},
  journal={IEEE transactions on pattern analysis and machine intelligence},
  volume={45},
  number={3},
  pages={2682--2697},
  year={2022},
  publisher={IEEE}
}

@article{wu2022cross,
  title={Cross-view panorama image synthesis},
  author={Wu, Songsong and Tang, Hao and Jing, Xiao-Yuan and Zhao, Haifeng and Qian, Jianjun and Sebe, Nicu and Yan, Yan},
  journal={IEEE Transactions on Multimedia},
  volume={25},
  pages={3546--3559},
  year={2022},
  publisher={IEEE}
}

@inproceedings{shi2020optimal,
  title={Optimal feature transport for cross-view image geo-localization},
  author={Shi, Yujiao and Yu, Xin and Liu, Liu and Zhang, Tong and Li, Hongdong},
  booktitle={Proceedings of the AAAI Conference on Artificial Intelligence},
  volume={34},
  number={07},
  pages={11990--11997},
  year={2020}
}

@inproceedings{shi2020looking,
  title={Where am i looking at? joint location and orientation estimation by cross-view matching},
  author={Shi, Yujiao and Yu, Xin and Campbell, Dylan and Li, Hongdong},
  booktitle={Proceedings of the IEEE/CVF Conference on Computer Vision and Pattern Recognition},
  pages={4064--4072},
  year={2020}
}

@article{shi2019spatial,
  title={Spatial-aware feature aggregation for image based cross-view geo-localization},
  author={Shi, Yujiao and Liu, Liu and Yu, Xin and Li, Hongdong},
  journal={Advances in Neural Information Processing Systems},
  volume={32},
  year={2019}
}

@inproceedings{zhai2017predicting,
  title={Predicting ground-level scene layout from aerial imagery},
  author={Zhai, Menghua and Bessinger, Zachary and Workman, Scott and Jacobs, Nathan},
  booktitle={Proceedings of the IEEE Conference on Computer Vision and Pattern Recognition},
  pages={867--875},
  year={2017}
}

@article{shi2022geometry,
  title={Geometry-guided street-view panorama synthesis from satellite imagery},
  author={Shi, Yujiao and Campbell, Dylan and Yu, Xin and Li, Hongdong},
  journal={IEEE Transactions on Pattern Analysis and Machine Intelligence},
  volume={44},
  number={12},
  pages={10009--10022},
  year={2022},
  publisher={IEEE}
}

@InProceedings{Rombach_2022_CVPR,
    author    = {Rombach, Robin and Blattmann, Andreas and Lorenz, Dominik and Esser, Patrick and Ommer, Bj\"orn},
    title     = {High-Resolution Image Synthesis With Latent Diffusion Models},
    booktitle = {Proceedings of the IEEE/CVF Conference on Computer Vision and Pattern Recognition (CVPR)},
    month     = {June},
    year      = {2022},
    pages     = {10684-10695}
}

@inproceedings{zhang2023adding,
  title={Adding conditional control to text-to-image diffusion models},
  author={Zhang, Lvmin and Rao, Anyi and Agrawala, Maneesh},
  booktitle={Proceedings of the IEEE/CVF International Conference on Computer Vision},
  pages={3836--3847},
  year={2023}
}

@inproceedings{xia2025adapting,
  title={Adapting fine-grained cross-view localization to areas without fine ground truth},
  author={Xia, Zimin and Shi, Yujiao and Li, Hongdong and FP Kooij, Julian},
  booktitle={European Conference on Computer Vision},
  pages={397--415},
  year={2025},
  organization={Springer}
}

@article{melas20243d,
  title={Im-3d: Iterative multiview diffusion and reconstruction for high-quality 3d generation},
  author={Melas-Kyriazi, Luke and Laina, Iro and Rupprecht, Christian and Neverova, Natalia and Vedaldi, Andrea and Gafni, Oran and Kokkinos, Filippos},
  journal={arXiv preprint arXiv:2402.08682},
  year={2024}
}

@inproceedings{xia2022visual,
  title={Visual cross-view metric localization with dense uncertainty estimates},
  author={Xia, Zimin and Booij, Olaf and Manfredi, Marco and Kooij, Julian FP},
  booktitle={European Conference on Computer Vision},
  pages={90--106},
  year={2022},
  organization={Springer}
}

@article{song2024learning,
  title={Learning dense flow field for highly-accurate cross-view camera localization},
  author={Song, Zhenbo and Lu, Jianfeng and Shi, Yujiao and others},
  journal={Advances in Neural Information Processing Systems},
  volume={36},
  year={2024}
}

@inproceedings{shi2022cvlnet,
  title={Cvlnet: Cross-view semantic correspondence learning for video-based camera localization},
  author={Shi, Yujiao and Yu, Xin and Wang, Shan and Li, Hongdong},
  booktitle={Asian Conference on Computer Vision},
  pages={123--141},
  year={2022},
  organization={Springer}
}

@inproceedings{ruan2021dae,
  title={Dae-gan: Dynamic aspect-aware gan for text-to-image synthesis},
  author={Ruan, Shulan and Zhang, Yong and Zhang, Kun and Fan, Yanbo and Tang, Fan and Liu, Qi and Chen, Enhong},
  booktitle={Proceedings of the IEEE/CVF international conference on computer vision},
  pages={13960--13969},
  year={2021}
}

@inproceedings{caron2021emerging,
  title={Emerging properties in self-supervised vision transformers},
  author={Caron, Mathilde and Touvron, Hugo and Misra, Ishan and J{\'e}gou, Herv{\'e} and Mairal, Julien and Bojanowski, Piotr and Joulin, Armand},
  booktitle={Proceedings of the IEEE/CVF international conference on computer vision},
  pages={9650--9660},
  year={2021}
}

@inproceedings{sastry2024geosynth,
  title={GeoSynth: Contextually-Aware High-Resolution Satellite Image Synthesis},
  author={Sastry, Srikumar and Khanal, Subash and Dhakal, Aayush and Jacobs, Nathan},
  booktitle={Proceedings of the IEEE/CVF Conference on Computer Vision and Pattern Recognition},
  pages={460--470},
  year={2024}
}

@article{poole2022dreamfusion,
  title={Dreamfusion: Text-to-3d using 2d diffusion},
  author={Poole, Ben and Jain, Ajay and Barron, Jonathan T and Mildenhall, Ben},
  journal={arXiv preprint arXiv:2209.14988},
  year={2022}
}

@inproceedings{kirillov2023segment,
  title={Segment anything},
  author={Kirillov, Alexander and Mintun, Eric and Ravi, Nikhila and Mao, Hanzi and Rolland, Chloe and Gustafson, Laura and Xiao, Tete and Whitehead, Spencer and Berg, Alexander C and Lo, Wan-Yen and others},
  booktitle={Proceedings of the IEEE/CVF International Conference on Computer Vision},
  pages={4015--4026},
  year={2023}
}

@inproceedings{liu2023zero,
  title={Zero-1-to-3: Zero-shot one image to 3d object},
  author={Liu, Ruoshi and Wu, Rundi and Van Hoorick, Basile and Tokmakov, Pavel and Zakharov, Sergey and Vondrick, Carl},
  booktitle={Proceedings of the IEEE/CVF international conference on computer vision},
  pages={9298--9309},
  year={2023}
}

@article{liu2024visual,
  title={Visual instruction tuning},
  author={Liu, Haotian and Li, Chunyuan and Wu, Qingyang and Lee, Yong Jae},
  journal={Advances in neural information processing systems},
  volume={36},
  year={2024}
}

@article{geiger2013vision,
  title={Vision meets robotics: The kitti dataset},
  author={Geiger, Andreas and Lenz, Philip and Stiller, Christoph and Urtasun, Raquel},
  journal={The International Journal of Robotics Research},
  volume={32},
  number={11},
  pages={1231--1237},
  year={2013},
  publisher={Sage Publications Sage UK: London, England}
}

@article{li2024crossviewdiff,
  title={CrossViewDiff: A Cross-View Diffusion Model for Satellite-to-Street View Synthesis},
  author={Li, Weijia and He, Jun and Ye, Junyan and Zhong, Huaping and Zheng, Zhimeng and Huang, Zilong and Lin, Dahua and He, Conghui},
  journal={arXiv preprint arXiv:2408.14765},
  year={2024}
}

@inproceedings{regmi2018cross,
  title={Cross-view image synthesis using conditional gans},
  author={Regmi, Krishna and Borji, Ali},
  booktitle={Proceedings of the IEEE conference on Computer Vision and Pattern Recognition},
  pages={3501--3510},
  year={2018}
}

@article{xia2023convolutional,
  title={Convolutional cross-view pose estimation},
  author={Xia, Zimin and Booij, Olaf and Kooij, Julian FP},
  journal={IEEE Transactions on Pattern Analysis and Machine Intelligence},
  year={2023},
  publisher={IEEE}
}

@article{dash2017tac,
  title={Tac-gan-text conditioned auxiliary classifier generative adversarial network},
  author={Dash, Ayushman and Gamboa, John Cristian Borges and Ahmed, Sheraz and Liwicki, Marcus and Afzal, Muhammad Zeshan},
  journal={arXiv preprint arXiv:1703.06412},
  year={2017}
}

@inproceedings{shi2022beyond,
  title={Beyond cross-view image retrieval: Highly accurate vehicle localization using satellite image},
  author={Shi, Yujiao and Li, Hongdong},
  booktitle={Proceedings of the IEEE/CVF Conference on Computer Vision and Pattern Recognition},
  pages={17010--17020},
  year={2022}
}

@inproceedings{deng2024streetscapes,
  title={Streetscapes: Large-scale consistent street view generation using autoregressive video diffusion},
  author={Deng, Boyang and Tucker, Richard and Li, Zhengqi and Guibas, Leonidas and Snavely, Noah and Wetzstein, Gordon},
  booktitle={ACM SIGGRAPH 2024 Conference Papers},
  pages={1--11},
  year={2024}
}

@article{krizhevsky2017imagenet,
  title={ImageNet classification with deep convolutional neural networks},
  author={Krizhevsky, Alex and Sutskever, Ilya and Hinton, Geoffrey E},
  journal={Communications of the ACM},
  volume={60},
  number={6},
  pages={84--90},
  year={2017},
  publisher={AcM New York, NY, USA}
}

@inproceedings{lu2020geometry,
  title={Geometry-aware satellite-to-ground image synthesis for urban areas},
  author={Lu, Xiaohu and Li, Zuoyue and Cui, Zhaopeng and Oswald, Martin R and Pollefeys, Marc and Qin, Rongjun},
  booktitle={Proceedings of the IEEE/CVF Conference on Computer Vision and Pattern Recognition},
  pages={859--867},
  year={2020}
}

@article{iandola2016squeezenet,
  title={SqueezeNet: AlexNet-level accuracy with 50x fewer parameters and< 0.5 MB model size},
  author={Iandola, Forrest N},
  journal={arXiv preprint arXiv:1602.07360},
  year={2016}
}

@inproceedings{toker2021coming,
  title={Coming down to earth: Satellite-to-street view synthesis for geo-localization},
  author={Toker, Aysim and Zhou, Qunjie and Maximov, Maxim and Leal-Taix{\'e}, Laura},
  booktitle={Proceedings of the IEEE/CVF Conference on Computer Vision and Pattern Recognition},
  pages={6488--6497},
  year={2021}
}

@inproceedings{qian2023sat2density,
  title={Sat2density: Faithful density learning from satellite-ground image pairs},
  author={Qian, Ming and Xiong, Jincheng and Xia, Gui-Song and Xue, Nan},
  booktitle={Proceedings of the IEEE/CVF International Conference on Computer Vision},
  pages={3683--3692},
  year={2023}
}

@inproceedings{tao2022df,
  title={Df-gan: A simple and effective baseline for text-to-image synthesis},
  author={Tao, Ming and Tang, Hao and Wu, Fei and Jing, Xiao-Yuan and Bao, Bing-Kun and Xu, Changsheng},
  booktitle={Proceedings of the IEEE/CVF conference on computer vision and pattern recognition},
  pages={16515--16525},
  year={2022}
}

@article{song2020score,
  title={Score-based generative modeling through stochastic differential equations},
  author={Song, Yang and Sohl-Dickstein, Jascha and Kingma, Diederik P and Kumar, Abhishek and Ermon, Stefano and Poole, Ben},
  journal={arXiv preprint arXiv:2011.13456},
  year={2020}
}

@article{assion2024bdd,
  title={A-BDD: Leveraging Data Augmentations for Safe Autonomous Driving in Adverse Weather and Lighting},
  author={Assion, Felix and Gressner, Florens and Augustine, Nitin and Klemenc, Jona and Hammam, Ahmed and Krattinger, Alexandre and Trittenbach, Holger and Riemer, Sascha},
  journal={arXiv preprint arXiv:2408.06071},
  year={2024}
}

@inproceedings{rombach2022high,
  title={High-resolution image synthesis with latent diffusion models},
  author={Rombach, Robin and Blattmann, Andreas and Lorenz, Dominik and Esser, Patrick and Ommer, Bj{\"o}rn},
  booktitle={Proceedings of the IEEE/CVF conference on computer vision and pattern recognition},
  pages={10684--10695},
  year={2022}
}

@inproceedings{li2021sat2vid,
  title={Sat2vid: Street-view panoramic video synthesis from a single satellite image},
  author={Li, Zuoyue and Li, Zhenqiang and Cui, Zhaopeng and Qin, Rongjun and Pollefeys, Marc and Oswald, Martin R},
  booktitle={Proceedings of the IEEE/CVF International Conference on Computer Vision},
  pages={12436--12445},
  year={2021}
}

@inproceedings{li2024sat2scene,
  title={Sat2Scene: 3D Urban Scene Generation from Satellite Images with Diffusion},
  author={Li, Zuoyue and Li, Zhenqiang and Cui, Zhaopeng and Pollefeys, Marc and Oswald, Martin R},
  booktitle={Proceedings of the IEEE/CVF Conference on Computer Vision and Pattern Recognition},
  pages={7141--7150},
  year={2024}
}

@inproceedings{avrahami2022blended,
  title={Blended diffusion for text-driven editing of natural images},
  author={Avrahami, Omri and Lischinski, Dani and Fried, Ohad},
  booktitle={Proceedings of the IEEE/CVF conference on computer vision and pattern recognition},
  pages={18208--18218},
  year={2022}
}

@inproceedings{li2023gligen,
  title={Gligen: Open-set grounded text-to-image generation},
  author={Li, Yuheng and Liu, Haotian and Wu, Qingyang and Mu, Fangzhou and Yang, Jianwei and Gao, Jianfeng and Li, Chunyuan and Lee, Yong Jae},
  booktitle={Proceedings of the IEEE/CVF Conference on Computer Vision and Pattern Recognition},
  pages={22511--22521},
  year={2023}
}

@article{pix2pix2017,
  title={Image-to-Image Translation with Conditional Adversarial Networks},
  author={Isola, Phillip and Zhu, Jun-Yan and Zhou, Tinghui and Efros, Alexei A},
  journal={CVPR},
  year={2017}
}

@inproceedings{brooks2023instructpix2pix,
  title={Instructpix2pix: Learning to follow image editing instructions},
  author={Brooks, Tim and Holynski, Aleksander and Efros, Alexei A},
  booktitle={Proceedings of the IEEE/CVF Conference on Computer Vision and Pattern Recognition},
  pages={18392--18402},
  year={2023}
}

@article{li2023drivingdiffusion,
  title={DrivingDiffusion: Layout-Guided multi-view driving scene video generation with latent diffusion model},
  author={Li, Xiaofan and Zhang, Yifu and Ye, Xiaoqing},
  journal={arXiv preprint arXiv:2310.07771},
  year={2023}
}

@inproceedings{zhang2018unreasonable,
  title={The unreasonable effectiveness of deep features as a perceptual metric},
  author={Zhang, Richard and Isola, Phillip and Efros, Alexei A and Shechtman, Eli and Wang, Oliver},
  booktitle={Proceedings of the IEEE conference on computer vision and pattern recognition},
  pages={586--595},
  year={2018}
}

@inproceedings{zhu2021vigor,
  title={Vigor: Cross-view image geo-localization beyond one-to-one retrieval},
  author={Zhu, Sijie and Yang, Taojiannan and Chen, Chen},
  booktitle={Proceedings of the IEEE/CVF Conference on Computer Vision and Pattern Recognition},
  pages={3640--3649},
  year={2021}
}

@article{lentsch2022slicematch,
  title={SliceMatch: Geometry-guided Aggregation for Cross-View Pose Estimation},
  author={Lentsch, Ted de Vries and Xia, Zimin and Caesar, Holger and Kooij, Julian FP},
  journal={arXiv preprint arXiv:2211.14651},
  year={2022}
}

@inproceedings{shi2025weakly,
  title={Weakly-supervised Camera Localization by Ground-to-satellite Image Registration},
  author={Shi, Yujiao and Li, Hongdong and Perincherry, Akhil and Vora, Ankit},
  booktitle={European Conference on Computer Vision},
  pages={39--57},
  year={2025},
  organization={Springer}
}

@article{gao2024cat3d,
  title={Cat3d: Create anything in 3d with multi-view diffusion models},
  author={Gao, Ruiqi and Holynski, Aleksander and Henzler, Philipp and Brussee, Arthur and Martin-Brualla, Ricardo and Srinivasan, Pratul and Barron, Jonathan T and Poole, Ben},
  journal={arXiv preprint arXiv:2405.10314},
  year={2024}
}

@article{xu2024geospecific,
  title={Geospecific View Generation--Geometry-Context Aware High-resolution Ground View Inference from Satellite Views},
  author={Xu, Ningli and Qin, Rongjun},
  journal={arXiv preprint arXiv:2407.08061},
  year={2024}
}

@article{gao2024scp,
  title={SCP-Diff: Photo-Realistic Semantic Image Synthesis with Spatial-Categorical Joint Prior},
  author={Gao, Huan-ang and Gao, Mingju and Li, Jiaju and Li, Wenyi and Zhi, Rong and Tang, Hao and Zhao, Hao},
  journal={arXiv preprint arXiv:2403.09638},
  year={2024}
}