@article{CIRL,
  title={Control-Informed Reinforcement Learning for Chemical Processes},
  author={Bloor, Maximilian and Ahmed, Akhil and Kotecha, Niki and Mercang{\"o}z, Mehmet and Tsay, Calvin and Chanona, Ehecactl Antonio Del Rio},
  journal={arXiv:2408.13566},
  year={2024}
}

@article{PETSAGKOURAKIS202235,
title = {Chance constrained policy optimization for process control and optimization},
journal = {Journal of Process Control},
volume = {111},
pages = {35-45},
year = {2022},
issn = {0959-1524},
author = {Panagiotis Petsagkourakis and Ilya Orson Sandoval and Eric Bradford and Federico Galvanin and Dongda Zhang and Ehecatl Antonio del Rio-Chanona},

}

@article{YOO2021108,
title = {Reinforcement learning for batch process control: Review and perspectives},
journal = {Annu. Rev. Control},
volume = {52},
pages = {108-119},
year = {2021},
issn = {1367-5788},
author = {Haeun Yoo and Ha Eun Byun and Dongho Han and Jay H. Lee},
keywords = {Reinforcement learning, Batch process, Batch optimization, Batch control},
}

@article{caspari_integration_2020,
	title = {The integration of scheduling and control: {Top}-down vs. bottom-up},
	volume = {91},
	issn = {09591524},
	language = {en},
	urldate = {2024-08-01},
	journal = {J. Process Control},
	author = {Caspari, Adrian and Tsay, Calvin and Mhamdi, Adel and Baldea, Michael and Mitsos, Alexander},
	year = {2020},
	pages = {50--62},
}

@article{dias_simulation-based_2018,
	title = {A simulation-based optimization framework for integrating scheduling and model predictive control, and its application to air separation units},
	volume = {113},
	issn = {00981354},
	language = {en},
	urldate = {2024-10-02},
	journal = {Comput. Chem. Eng.},
	author = {Dias, Lisia S. and Pattison, Richard C. and Tsay, Calvin and Baldea, Michael and Ierapetritou, Marianthi G.},
	month = may,
	year = {2018},
	pages = {139--151},
}

@article{flores-tlacuahuac_simultaneous_2006,
	title = {Simultaneous {Cyclic} {Scheduling} and {Control} of a {Multiproduct} {CSTR}},
	volume = {45},
	issn = {0888-5885, 1520-5045},
	language = {en},
	number = {20},
	urldate = {2024-10-14},
	journal = {Ind. Eng. Chem. Res.},
	author = {Flores-Tlacuahuac, Antonio and Grossmann, Ignacio E.},
	month = sep,
	year = {2006},
	pages = {6698--6712},
}

@article{kaisare2003simulation,
  title={Simulation based strategy for nonlinear optimal control: Application to a microbial cell reactor},
  author={Kaisare, Niket S and Lee, Jong Min and Lee, Jay H},
  journal={Int. J. Robust and Nonlinear Control},
  volume={13},
  number={3-4},
  pages={347--363},
  year={2003},
  publisher={Wiley Online Library}
}

@article{kim_optimal_2023,
	title = {Optimal continuous control of refrigerator for electricity cost minimization—{Hierarchical} reinforcement learning approach},
	volume = {36},
	issn = {23524677},
	language = {en},
	urldate = {2024-10-14},
	journal = {Sustain. Energy Grids Netw.},
	author = {Kim, Bongseok and An, Jihwan and Sim, Min K.},
	month = dec,
	year = {2023},
	pages = {101177},
	file = {PDF:C\:\\Users\\mfb22\\Zotero\\storage\\GEFIJ67B\\Kim et al. - 2023 - Optimal continuous control of refrigerator for electricity cost minimization—Hierarchical reinforcem.pdf:application/pdf},
}

@article{lawrence2022deep,
  title={Deep reinforcement learning with shallow controllers: An experimental application to {PID} tuning},
  author={Lawrence, Nathan P and Forbes, Michael G and Loewen, Philip D and McClement, Daniel G and Backstr{\"o}m, Johan U and Gopaluni, R Bhushan},
  journal={Control Eng. Pract.},
  volume={121},
  pages={105046},
  year={2022},
  publisher={Elsevier}
}

@article{pattison_optimal_2016,
	title = {Optimal Process Operations in Fast-Changing Electricity Markets: Framework for Scheduling with Low-Order Dynamic Models and an Air Separation Application},
	volume = {55},
	language = {en},
	number = {16},
	urldate = {2024-10-08},
	journal = {Ind. Eng. Chem. Res.},
	author = {Pattison, Richard C. and Touretzky, Cara R. and Johansson, Ted and Harjunkoski, Iiro and Baldea, Michael},
	month = apr,
	year = {2016},
	pages = {4562--4584},
}

@article{peroni2005optimal,
  title={Optimal control of a fed-batch bioreactor using simulation-based approximate dynamic programming},
  author={Peroni, Catalina Valencia and Kaisare, Niket S and Lee, Jay H},
  journal={IEEE Trans. Control Syst. Technol.},
  volume={13},
  number={5},
  pages={786--790},
  year={2005},
  publisher={IEEE}
}

@article{schulze2023datadrivenmodelreductionnonlinear,
  title={Data-Driven Model Reduction and Nonlinear Model Predictive Control of an Air Separation Unit by Applied {Koopman} Theory},
  author={Schulze, Jan C and Doncevic, Danimir T and Erwes, Nils and Mitsos, Alexander},
  journal={arXiv:2309.05386},
  year={2023}
}

@article{zhang2015air,
  title={Air separation with cryogenic energy storage: optimal scheduling considering electric energy and reserve markets},
  author={Zhang, Qi and Grossmann, Ignacio E and Heuberger, Clara F and Sundaramoorthy, Arul and Pinto, Jose M},
  journal={AIChE J.},
  volume={61},
  number={5},
  pages={1547--1558},
  year={2015},
  publisher={Wiley Online Library}
}

@article{zhu2020scalable,
  title={Scalable reinforcement learning for plant-wide control of vinyl acetate monomer process},
  author={Zhu, Lingwei and Cui, Yunduan and Takami, Go and Kanokogi, Hiroaki and Matsubara, Takamitsu},
  journal={Control Eng. Pract.},
  volume={97},
  pages={104331},
  year={2020},
  publisher={Elsevier}
}

