@ARTICLE{bi2022srrv,
  author={Bi, Hengyue and Xu, Canhui and Shi, Cao and Liu, Guozhu and Li, Yuteng and Zhang, Honghong and Qu, Jing},
  journal={IEEE Transactions on Multimedia}, 
  title={SRRV: A Novel Document Object Detector Based on Spatial-Related Relation and Vision}, 
  year={2023},
  volume={25},
  pages={3788-3798}
}

@article{cai2023align,
    title={{Align-DETR}: Improving {DETR} with Simple {IoU}-aware {BCE} Loss},
    author={Cai, Zhuokun and Liu, Shilong and Wang, Guanglu and Ge, Zhirong and Zhang, Xinggang and Huang, Dongjie},
    journal={arXiv preprint arXiv:2304.07527},
    year={2023}
}

@inproceedings{carion2020end,
    title={End-to-End Object Detection with Transformers},
    author={Carion, Nicolas and Massa, Francisco and Synnaeve, Gabriel and Usunier, Nicolas and Kirillov, Alexander and Zagoruyko, Sergey},
    booktitle={European Conference on Computer Vision (ECCV)},
    pages={213--229},
    publisher={Springer},
    year={2020}
}

@inproceedings{chen2018iterative,
    title={Iterative Visual Reasoning Beyond Convolutions},
    author={Chen, Xinlei and Li, Li-Jia and Fei-Fei, Li and Gupta, Abhinav},
    booktitle={IEEE Conference on Computer Vision and Pattern Recognition (CVPR)},
    pages={7239--7248},
    year={2018}
}

@inproceedings{chen2023group,
    title={{Group DETR}: Fast {DETR} Training with Group-wise One-to-many Assignment},
    author={Chen, Qiang and Chen, Xiaokang and Wang, Jian and Zhang, Shu and Yao, Kun and Feng, Haocheng and Han, Junyu and Ding, Eric and Zeng, Gang and Wang, Jingdong},
    booktitle={International Conference on Computer Vision (ICCV)},
    pages={6633--6642},
    year={2023}
}

@inproceedings{hao2023relation,
    title={Relation-enhanced {DETR} for Component Detection in Graphic Design Reverse Engineering},
    author={Hao, Xin and Huang, Dongjie and Lin, Jimmy and Lin, Chin-Yew},
    booktitle={International Joint Conference on Artificial Intelligence (IJCAI)},
    pages={4785--4793},
    year={2023}
}

@inproceedings{hou2024relation,
  title={Relation DETR: Exploring Explicit Position Relation Prior for Object Detection},
  author={Hou, Xiuquan and Liu, Meiqin and Zhang, Senlin and Wei, Ping and Chen, Badong and Lan, Xuguang},
  booktitle={European conference on computer vision},
  year={2024},
  organization={Springer}
}

@inproceedings{hou2024salience,
    title={Salience DETR: Enhancing Detection Transformer with Hierarchical Salience Filtering Refinement},
    author={Hou, Xin and Liu, Ming and Zhang, Shiming and Wei, Pengchao and Chen, Biao},
    booktitle={IEEE Conference on Computer Vision and Pattern Recognition (CVPR)},
    pages={17574--17583},
    year={2024}
}

@inproceedings{hu2018relation,
    title={Relation Networks for Object Detection},
    author={Hu, Han and Gu, Jiayuan and Zhang, Zheng and Dai, Jifeng and Wei, Yichen},
    booktitle={IEEE Conference on Computer Vision and Pattern Recognition (CVPR)},
    pages={3588--3597},
    year={2018}
}

@article{krishna2017visual,
    title={Visual Genome: Connecting Language and Vision Using Crowdsourced Dense Image Annotations},
    author={Krishna, Ranjay and Zhu, Yuke and Groth, Oliver and Johnson, Justin and Hata, Kenji and Kravitz, Joshua and Chen, Stephanie and Kalantidis, Yannis and Li, Li-Jia and Shamma, David A and others},
    journal={International Journal of Computer Vision},
    volume={123},
    pages={32--73},
    year={2017}
}

@inproceedings{li2020gar,
    title={GAR: Graph Assisted Reasoning for Object Detection},
    author={Li, Zhichao and Du, Xiangyu and Cao, Yang},
    booktitle={Proceedings of the IEEE/CVF Winter Conference on Applications of Computer Vision},
    pages={1295--1304},
    year={2020}
}

@inproceedings{li2022dn,
    title={{DN-DETR}: Accelerate {DETR} Training by Introducing Query Denoising},
    author={Li, Feng and Zhang, Hao and Liu, Shilong and Guo, Jian and Ni, Lionel M and Zhang, Lei},
    booktitle={IEEE Conference on Computer Vision and Pattern Recognition (CVPR)},
    pages={13619--13627},
    year={2022}
}

@inproceedings{lin2021core,
    title={{Core-Text}: Improving Scene Text Detection with Contrastive Relational Reasoning},
    author={Lin, Jin and Pan, Yanxiang and Lai, Rong and Yang, Xiaoqing and Chao, Hongyang and Yao, Tao},
    booktitle={International Conference on Multimedia and Expo (ICME)},
    pages={1--6},
    organization={IEEE},
    year={2021}
}

@inproceedings{liu2021dab,
    title={{DAB-DETR}: Dynamic Anchor Boxes are Better Queries for {DETR}},
    author={Liu, Shilong and Li, Feng and Zhang, Hao and Yang, Xiao and Qi, Xiaogang and Su, Hang and Zhu, Jun and Zhang, Lei},
    booktitle={International Conference on Learning Representations (ICLR)},
    year={2021}
}

@article{liu2023detection,
    title={Detection Transformer with Stable Matching},
    author={Liu, Shilong and Ren, Tianhe and Chen, Jinheng and Zeng, Zhengqiu and Zhang, Hao and Li, Feng and Li, Hongyang and Huang, Jing and Su, Hang and Zhu, Jun and others},
    journal={arXiv preprint arXiv:2304.04742},
    year={2023}
}

@article{vaswani2017attention,
    title={Attention is All You Need},
    author={Vaswani, Ashish and Shazeer, Noam and Parmar, Niki and Uszkoreit, Jakob and Jones, Llion and Gomez, Aidan N and Kaiser, ≈Åukasz and Polosukhin, Illia},
    journal={Advances in Neural Information Processing Systems},
    volume={30},
    year={2017}
}

@inproceedings{xu2019reasoning,
    title={{Reasoning-RCNN}: Unifying Adaptive Global Reasoning into Large-scale Object Detection},
    author={Xu, Hang and Jiang, Chenhan and Liang, Xiaodan and Lin, Liang and Li, Zhenguo},
    booktitle={IEEE Conference on Computer Vision and Pattern Recognition (CVPR)},
    pages={6419--6428},
    year={2019}
}

@inproceedings{ye2023cascade,
    title={{Cascade-DETR}: Delving into High-quality Universal Object Detection},
    author={Ye, Ming and Ke, Lei and Li, Siyuan and Tai, Yu-Wing and Tang, Chi-Keung and Danelljan, Martin and Yu, Fisher},
    booktitle={International Conference on Computer Vision (ICCV)},
    pages={6704--6714},
    year={2023}
}

@inproceedings{zhang2022dino,
    title={{DINO}: {DETR} with Improved Denoising Anchor Boxes for End-to-end Object Detection},
    author={Zhang, Hao and Li, Feng and Liu, Shilong and Zhang, Lei and Su, Hang and Zhu, Jun and Ni, Lionel M and Shum, Heung-Yeung},
    booktitle={International Conference on Learning Representations (ICLR)},
    year={2022}
}

@InProceedings{zhao2021,
    author    = {Zhao, Jiawei and Yan, Ke and Zhao, Yifan and Guo, Xiaowei and Huang, Feiyue and Li, Jia},
    title     = {Transformer-Based Dual Relation Graph for Multi-Label Image Recognition},
    booktitle = {Proceedings of the IEEE/CVF International Conference on Computer Vision (ICCV)},
    year      = {2021},
    pages     = {163-172}
}

@INPROCEEDINGS{zheng2023more,
  author={Zheng, Dehua and Dong, Wenhui and Hu, Hailin and Chen, Xinghao and Wang, Yunhe},
  booktitle={2023 IEEE/CVF International Conference on Computer Vision (ICCV)}, 
  title={Less is More: Focus Attention for Efficient DETR}, 
  year={2023},
  volume={},
  number={},
  pages={6651-6660}
}

@inproceedings{zhu2020deformable,
    title={{Deformable DETR}: Deformable Transformers for End-to-end Object Detection},
    author={Zhu, Xizhou and Su, Weijie and Lu, Lewei and Li, Bin and Wang, Xiaogang and Dai, Jifeng},
    booktitle={International Conference on Learning Representations (ICLR)},
    year={2020}
}

@inproceedings{zong2023detrs,
    title={{DETRs} with Collaborative Hybrid Assignments Training},
    author={Zong, Zykuang and Song, Guanglu and Liu, Yu},
    booktitle={International Conference on Computer Vision (ICCV)},
    pages={6748--6758},
    year={2023}
}

