@inproceedings{bodla2017soft,
    title={Soft-{NMS}--Improving Object Detection with One Line of Code},
    author={Bodla, Navaneeth and Singh, Bharat and Chellappa, Rama and Davis, Larry S},
    booktitle={International Conference on Computer Vision (ICCV)},
    pages={5561--5569},
    year={2017}
}

@inproceedings{bolya2019yolact,
    title={{YOLACT}: Real-time Instance Segmentation},
    author={Bolya, Daniel and Zhou, Chong and Xiao, Fanyi and Lee, Yong Jae},
    booktitle={International Conference on Computer Vision (ICCV)},
    pages={9157--9166},
    year={2019}
}

@article{cai2023align,
    title={{Align-DETR}: Improving {DETR} with Simple {IoU}-aware {BCE} Loss},
    author={Cai, Zhuokun and Liu, Shilong and Wang, Guanglu and Ge, Zhirong and Zhang, Xinggang and Huang, Dongjie},
    journal={arXiv preprint arXiv:2304.07527},
    year={2023}
}

@inproceedings{carion2020end,
    title={End-to-End Object Detection with Transformers},
    author={Carion, Nicolas and Massa, Francisco and Synnaeve, Gabriel and Usunier, Nicolas and Kirillov, Alexander and Zagoruyko, Sergey},
    booktitle={European Conference on Computer Vision (ECCV)},
    pages={213--229},
    publisher={Springer},
    year={2020}
}

@article{chen2019mmdetection,
    title={MMDetection: Open MMlab Detection Toolbox and Benchmark},
    author={Chen, Kai and Wang, Jiaqi and Pang, Jiangmiao and Cao, Yuhang and Xiong, Yu and Li, Xiaoxiao and Sun, Shuyang and Feng, Wansen and Liu, Ziwei and Xu, Jiarui and others},
    journal={arXiv preprint arXiv:1906.07155},
    year={2019}
}

@inproceedings{chen2023group,
    title={{Group DETR}: Fast {DETR} Training with Group-wise One-to-many Assignment},
    author={Chen, Qiang and Chen, Xiaokang and Wang, Jian and Zhang, Shu and Yao, Kun and Feng, Haocheng and Han, Junyu and Ding, Eric and Zeng, Gang and Wang, Jingdong},
    booktitle={International Conference on Computer Vision (ICCV)},
    pages={6633--6642},
    year={2023}
}

@inproceedings{chen2018iterative,
    title={Iterative Visual Reasoning Beyond Convolutions},
    author={Chen, Xinlei and Li, Li-Jia and Fei-Fei, Li and Gupta, Abhinav},
    booktitle={IEEE Conference on Computer Vision and Pattern Recognition (CVPR)},
    pages={7239--7248},
    year={2018}
}

@article{chen2023eee,
    title={{EEE-Net}: Efficient Edge Enhanced Network for Surface Defect Detection of Glass},
    author={Chen, Yiwei and Pan, Jiangqiu and Lei, Jing and Zeng, Dongdong and Wu, Zhiqiang and Chen, Chen},
    journal={IEEE Transactions on Instrumentation and Measurement},
    year={2023}
}

@inproceedings{cordts2016cityscapes,
    title={The Cityscapes Dataset for Semantic Urban Scene Understanding},
    author={Cordts, Marius and Omran, Mohamed and Ramos, Sebastian and Rehfeld, Timo and Enzweiler, Markus and Benenson, Rodrigo and Franke, Uwe and Roth, Stefan and Schiele, Bernt},
    booktitle={IEEE Conference on Computer Vision and Pattern Recognition (CVPR)},
    pages={3213--3223},
    year={2016}
}

@inproceedings{dai2021dynamic,
    title={{Dynamic DETR}: End-to-end Object Detection with Dynamic Attention},
    author={Dai, Xiyang and Chen, Yinpeng and Yang, Jianwei and Zhang, Pengchuan and Yuan, Lu and Zhang, Lei},
    booktitle={International Conference on Computer Vision (ICCV)},
    pages={2988--2997},
    year={2021}
}

@inproceedings{deng2009imagenet,
    title={{ImageNet}: A Large-scale Hierarchical Image Database},
    author={Deng, Jia and Dong, Wei and Socher, Richard and Li, Li-Jia and Li, Kai and Fei-Fei, Li},
    booktitle={IEEE Conference on Computer Vision and Pattern Recognition (CVPR)},
    pages={248--255},
    organization={IEEE},
    year={2009}
}

@inproceedings{dosovitskiy2020image,
    title={An Image is Worth 16x16 Words: Transformers for Image Recognition at Scale},
    author={Dosovitskiy, Alexey and Beyer, Lucas and Kolesnikov, Alexander and Weissenborn, Dirk and Zhai, Xiaohua and Unterthiner, Thomas and Dehghani, Mostafa and Minderer, Matthias and Heigold, Georg and Gelly, Sylvain and others},
    booktitle={International Conference on Learning Representations (ICLR)},
    year={2020}
}

@article{everingham2010pascal,
    title={The Pascal Visual Object Classes (VOC) Challenge},
    author={Everingham, Mark and Van Gool, Luc and Williams, Christopher K I and Winn, John and Zisserman, Andrew},
    journal={International Journal of Computer Vision},
    volume={88},
    pages={303--338},
    year={2010}
}

@article{fang2023eva,
    title={{EVA-02}: A Visual Representation for Neon Genesis},
    author={Fang, Yuxin and Sun, Quan and Wang, Xinggang and Huang, Tiejun and Wang, Xinlong and Cao, Yue},
    journal={arXiv preprint arXiv:2303.11331},
    year={2023}
}

@inproceedings{feng2021tood,
    title={{TOOD}: Task-aligned One-stage Object Detection},
    author={Feng, Chengjian and Zhong, Yujie and Gao, Yu and Scott, Matthew R and Huang, Weilin},
    booktitle={International Conference on Computer Vision (ICCV)},
    pages={3490--3499},
    organization={IEEE Computer Society},
    year={2021}
}

@inproceedings{girshick2015fast,
    title={{Fast R-CNN}},
    author={Girshick, Ross},
    booktitle={International Conference on Computer Vision (ICCV)},
    pages={1440--1448},
    year={2015}
}

@inproceedings{hao2023relation,
    title={Relation-enhanced {DETR} for Component Detection in Graphic Design Reverse Engineering},
    author={Hao, Xin and Huang, Dongjie and Lin, Jimmy and Lin, Chin-Yew},
    booktitle={International Joint Conference on Artificial Intelligence (IJCAI)},
    pages={4785--4793},
    year={2023}
}

@inproceedings{he2016deep,
    title={Deep Residual Learning for Image Recognition},
    author={He, Kaiming and Zhang, Xiangyu and Ren, Shaoqing and Sun, Jian},
    booktitle={IEEE Conference on Computer Vision and Pattern Recognition (CVPR)},
    pages={770--778},
    year={2016}
}

@article{hou2023canet,
    title={{CANet}: Contextual Information and Spatial Attention Based Network for Detecting Small Defects in Manufacturing Industry},
    author={Hou, Xin and Liu, Ming and Zhang, Shiming and Wei, Pengchao and Chen, Biao},
    journal={Pattern Recognition},
    volume={140},
    pages={109558},
    year={2023}
}

@inproceedings{hou2024salience,
    title={Salience DETR: Enhancing Detection Transformer with Hierarchical Salience Filtering Refinement},
    author={Hou, Xin and Liu, Ming and Zhang, Shiming and Wei, Pengchao and Chen, Biao},
    booktitle={IEEE Conference on Computer Vision and Pattern Recognition (CVPR)},
    pages={17574--17583},
    year={2024}
}

@inproceedings{hu2018relation,
    title={Relation Networks for Object Detection},
    author={Hu, Han and Gu, Jiayuan and Zhang, Zheng and Dai, Jifeng and Wei, Yichen},
    booktitle={IEEE Conference on Computer Vision and Pattern Recognition (CVPR)},
    pages={3588--3597},
    year={2018}
}

@article{hu2024dac,
    title={{DAC-DETR}: Divide the Attention Layers and Conquer},
    author={Hu, Zhenghao and Sun, Yueming and Wang, Jiacheng and Yang, Yueming},
    journal={Advances in Neural Information Processing Systems},
    volume={36},
    year={2024}
}

@inproceedings{jia2023detrs,
    title={{DETRs} with Hybrid Matching},
    author={Jia, Di and Yuan, Yuhui and He, Haodi and Wu, Xiaokang and Yu, Haojun and Lin, Weihong and Sun, Lei and Zhang, Chao and Hu, Han},
    booktitle={IEEE Conference on Computer Vision and Pattern Recognition (CVPR)},
    pages={19702--19712},
    year={2023}
}

@article{jiang2018hybrid,
    title={Hybrid Knowledge Routed Modules for Large-scale Object Detection},
    author={Jiang, Chenhan and Xu, Hang and Liang, Xiaodan and Lin, Liang},
    journal={Advances in Neural Information Processing Systems},
    volume={31},
    year={2018}
}

@inproceedings{kirillov2023segment,
    title={Segment Anything},
    author={Kirillov, Alexander and Mintun, Eric and Ravi, Nikhila and Mao, Hanzi and Rolland, Chloe and Gustafson, Laura and Xiao, Tete and Whitehead, Spencer and Berg, Alexander C. and Lo, Wan-Yen and others},
    booktitle={IEEE Conference on Computer Vision and Pattern Recognition (CVPR)},
    pages={4015--4026},
    year={2023}
}

@article{kolve2017ai2,
    title={AI2-THOR: An Interactive 3D Environment for Visual AI},
    author={Kolve, Eric and Mottaghi, Roozbeh and Han, Winson and VanderBilt, Eli and Weihs, Luca and Herrasti, Alvaro and Deitke, Matt and Ehsani, Kiana and Gordon, Daniel and Zhu, Yuke and others},
    journal={arXiv preprint arXiv:1712.05474},
    year={2017}
}

@article{krishna2017visual,
    title={Visual Genome: Connecting Language and Vision Using Crowdsourced Dense Image Annotations},
    author={Krishna, Ranjay and Zhu, Yuke and Groth, Oliver and Johnson, Justin and Hata, Kenji and Kravitz, Joshua and Chen, Stephanie and Kalantidis, Yannis and Li, Li-Jia and Shamma, David A and others},
    journal={International Journal of Computer Vision},
    volume={123},
    pages={32--73},
    year={2017}
}

@inproceedings{li2022dn,
    title={{DN-DETR}: Accelerate {DETR} Training by Introducing Query Denoising},
    author={Li, Feng and Zhang, Hao and Liu, Shilong and Guo, Jian and Ni, Lionel M and Zhang, Lei},
    booktitle={IEEE Conference on Computer Vision and Pattern Recognition (CVPR)},
    pages={13619--13627},
    year={2022}
}

@article{li2020generalized,
    title={Generalized Focal Loss: Learning Qualified and Distributed Bounding Boxes for Dense Object Detection},
    author={Li, Xiang and Wang, Wenhai and Wu, Lijun and Chen, Shuo and Hu, Xiaolin and Li, Jun and Tang, Jinhui and Yang, Jian},
    journal={Advances in Neural Information Processing Systems},
    volume={33},
    pages={21002--21012},
    year={2020}
}

@inproceedings{li2022exploring,
    title={Exploring Plain Vision Transformer Backbones for Object Detection},
    author={Li, Yanghao and Mao, Hanzi and Girshick, Ross and He, Kaiming},
    booktitle={European Conference on Computer Vision (ECCV)},
    pages={280--296},
    organization={Springer},
    year={2022}
}

@inproceedings{li2020gar,
    title={GAR: Graph Assisted Reasoning for Object Detection},
    author={Li, Zhichao and Du, Xiangyu and Cao, Yang},
    booktitle={Proceedings of the IEEE/CVF Winter Conference on Applications of Computer Vision},
    pages={1295--1304},
    year={2020}
}

@inproceedings{lin2021core,
    title={{Core-Text}: Improving Scene Text Detection with Contrastive Relational Reasoning},
    author={Lin, Jin and Pan, Yanxiang and Lai, Rong and Yang, Xiaoqing and Chao, Hongyang and Yao, Tao},
    booktitle={International Conference on Multimedia and Expo (ICME)},
    pages={1--6},
    organization={IEEE},
    year={2021}
}

@article{lin2022survey,
    title={A Survey of Transformers},
    author={Lin, Tianyang and Wang, Yuxin and Liu, Xiangyang and Qiu, Xipeng},
    journal={AI Open},
    year={2022}
}

@inproceedings{lin2017focal,
    title={Focal Loss for Dense Object Detection},
    author={Lin, Tsung-Yi and Goyal, Priya and Girshick, Ross and He, Kaiming and Dollár, Piotr},
    booktitle={International Conference on Computer Vision (ICCV)},
    pages={2980--2988},
    year={2017}
}

@inproceedings{lin2014microsoft,
    title={Microsoft {COCO}: Common Objects in Context},
    author={Lin, Tsung-Yi and Maire, Michael and Belongie, Serge and Hays, James and Perona, Pietro and Ramanan, Deva and Dollár, Piotr and Zitnick, C Lawrence},
    booktitle={European Conference on Computer Vision (ECCV)},
    pages={740--755},
    organization={Springer},
    year={2014}
}

@inproceedings{liu2021dab,
    title={{DAB-DETR}: Dynamic Anchor Boxes are Better Queries for {DETR}},
    author={Liu, Shilong and Li, Feng and Zhang, Hao and Yang, Xiao and Qi, Xiaogang and Su, Hang and Zhu, Jun and Zhang, Lei},
    booktitle={International Conference on Learning Representations (ICLR)},
    year={2021}
}

@article{liu2023detection,
    title={Detection Transformer with Stable Matching},
    author={Liu, Shilong and Ren, Tianhe and Chen, Jinheng and Zeng, Zhengqiu and Zhang, Hao and Li, Feng and Li, Hongyang and Huang, Jing and Su, Hang and Zhu, Jun and others},
    journal={arXiv preprint arXiv:2304.04742},
    year={2023}
}

@inproceedings{liu2019adaptive,
    title={{Adaptive NNS}: Refining Pedestrian Detection in a Crowd},
    author={Liu, Songtao and Huang, Di and Wang, Yunhong},
    booktitle={IEEE Conference on Computer Vision and Pattern Recognition (CVPR)},
    pages={6459--6468},
    year={2019}
}

@inproceedings{liu2021swin,
    title={Swin Transformer: Hierarchical Vision Transformer Using Shifted Windows},
    author={Liu, Ze and Lin, Yutong and Cao, Yue and Hu, Han and Wei, Yixuan and Zhang, Zheng and Lin, Stephen and Guo, Baining},
    booktitle={International Conference on Computer Vision (ICCV)},
    pages={10012--10022},
    year={2021}
}

@article{pu2024rank,
    title={{Rank-DETR} for High Quality Object Detection},
    author={Pu, Yanjie and Liang, Weicong and Hao, Yanwei and Yuan, Yuhui and Yang, Yi and Zhang, Chao and Hu, Han and Huang, Gao},
    journal={Advances in Neural Information Processing Systems},
    volume={36},
    year={2024}
}

@inproceedings{shao2019objects365,
    title={Objects365: A Large-scale, High-quality Dataset for Object Detection},
    author={Shao, Shuai and Li, Zeming and Zhang, Tianyuan and Peng, Chao and Yu, Gang and Zhang, Xiangyu and Li, Jing and Sun, Jian},
    booktitle={International Conference on Computer Vision (ICCV)},
    pages={8430--8439},
    year={2019}
}

@article{vaswani2017attention,
    title={Attention is All You Need},
    author={Vaswani, Ashish and Shazeer, Noam and Parmar, Niki and Uszkoreit, Jakob and Jones, Llion and Gomez, Aidan N and Kaiser, Łukasz and Polosukhin, Illia},
    journal={Advances in Neural Information Processing Systems},
    volume={30},
    year={2017}
}

@article{wang2023surface,
    title={A Casting Surface Dataset and Benchmark for Subtle and Confusable Defect Detection in Complex Contexts},
    author={Wang, Qingyong and Gao, Songlin and Xiong, Liang and Liang, Anran and Jiang, Kui and Zhang, Wang},
    journal={IEEE Sensors Journal},
    pages={1--1},
    year={2024}
}

@inproceedings{wang2022anchor,
    title={{Anchor DETR}: Query Design for Transformer-based Detector},
    author={Wang, Yingming and Zhang, Xiangyu and Yang, Tao and Sun, Jian},
    booktitle={AAAI Conference on Artificial Intelligence},
    volume={36},
    pages={2567--2575},
    year={2022}
}

@inproceedings{xu2019reasoning,
    title={{Reasoning-RCNN}: Unifying Adaptive Global Reasoning into Large-scale Object Detection},
    author={Xu, Hang and Jiang, Chenhan and Liang, Xiaodan and Lin, Liang and Li, Zhenguo},
    booktitle={IEEE Conference on Computer Vision and Pattern Recognition (CVPR)},
    pages={6419--6428},
    year={2019}
}

@inproceedings{ye2023cascade,
    title={{Cascade-DETR}: Delving into High-quality Universal Object Detection},
    author={Ye, Ming and Ke, Lei and Li, Siyuan and Tai, Yu-Wing and Tang, Chi-Keung and Danelljan, Martin and Yu, Fisher},
    booktitle={International Conference on Computer Vision (ICCV)},
    pages={6704--6714},
    year={2023}
}

@inproceedings{zhang2022dino,
    title={{DINO}: {DETR} with Improved Denoising Anchor Boxes for End-to-end Object Detection},
    author={Zhang, Hao and Li, Feng and Liu, Shilong and Zhang, Lei and Su, Hang and Zhu, Jun and Ni, Lionel M and Shum, Heung-Yeung},
    booktitle={International Conference on Learning Representations (ICLR)},
    year={2022}
}

@inproceedings{zhang2021varifocalnet,
    title={VarifocalNet: An IoU-aware Dense Object Detector},
    author={Zhang, Haoyang and Wang, Yanwei and Dayoub, Feras and Sunderhauf, Niko},
    booktitle={IEEE Conference on Computer Vision and Pattern Recognition (CVPR)},
    pages={8514--8523},
    year={2021}
}

@inproceedings{zhang2023dense,
    title={Dense Distinct Query for End-to-end Object Detection},
    author={Zhang, Shihua and Wang, Xinggang and Wang, Jian and Pang, Jiangmiao and Lyu, Chen and Zhang, Wenyu and Luo, Ping and Chen, Kai},
    booktitle={IEEE Conference on Computer Vision and Pattern Recognition (CVPR)},
    pages={7329--7338},
    year={2023}
}

@inproceedings{zhao2024ms,
    title={MS-DETR: Efficient DETR Training with Mixed Supervision},
    author={Zhao, Chuyang and Sun, Yueming and Wang, Wenhan and Chen, Qiang and Ding, Eric and Yang, Yueming and Wang, Jingdong},
    booktitle={IEEE Conference on Computer Vision and Pattern Recognition (CVPR)},
    pages={17027--17036},
    year={2024}
}

@inproceedings{zhu2020deformable,
    title={{Deformable DETR}: Deformable Transformers for End-to-end Object Detection},
    author={Zhu, Xizhou and Su, Weijie and Lu, Lewei and Li, Bin and Wang, Xiaogang and Dai, Jifeng},
    booktitle={International Conference on Learning Representations (ICLR)},
    year={2020}
}

@inproceedings{zong2023detrs,
    title={{DETRs} with Collaborative Hybrid Assignments Training},
    author={Zong, Zykuang and Song, Guanglu and Liu, Yu},
    booktitle={International Conference on Computer Vision (ICCV)},
    pages={6748--6758},
    year={2023}
}

@misc{kingma2017adam,
      title={Adam: A Method for Stochastic Optimization}, 
      author={Diederik P. Kingma and Jimmy Ba},
      year={2017},
      eprint={1412.6980},
      archivePrefix={arXiv},
}

@inproceedings{hou2024relation,
  title={Relation DETR: Exploring Explicit Position Relation Prior for Object Detection},
  author={Hou, Xiuquan and Liu, Meiqin and Zhang, Senlin and Wei, Ping and Chen, Badong and Lan, Xuguang},
  booktitle={European conference on computer vision},
  year={2024},
  organization={Springer}
}

@ARTICLE{bi2022srrv,
  author={Bi, Hengyue and Xu, Canhui and Shi, Cao and Liu, Guozhu and Li, Yuteng and Zhang, Honghong and Qu, Jing},
  journal={IEEE Transactions on Multimedia}, 
  title={SRRV: A Novel Document Object Detector Based on Spatial-Related Relation and Vision}, 
  year={2023},
  volume={25},
  pages={3788-3798}
}

@InProceedings{zhao2021,
    author    = {Zhao, Jiawei and Yan, Ke and Zhao, Yifan and Guo, Xiaowei and Huang, Feiyue and Li, Jia},
    title     = {Transformer-Based Dual Relation Graph for Multi-Label Image Recognition},
    booktitle = {Proceedings of the IEEE/CVF International Conference on Computer Vision (ICCV)},
    year      = {2021},
    pages     = {163-172}
}

@INPROCEEDINGS{zheng2023more,
  author={Zheng, Dehua and Dong, Wenhui and Hu, Hailin and Chen, Xinghao and Wang, Yunhe},
  booktitle={2023 IEEE/CVF International Conference on Computer Vision (ICCV)}, 
  title={Less is More: Focus Attention for Efficient DETR}, 
  year={2023},
  volume={},
  number={},
  pages={6651-6660}
}


