@article{kakade2009duality,
  title={On the duality of strong convexity and strong smoothness: Learning applications and matrix regularization},
  author={Kakade, Sham and Shalev-Shwartz, Shai and Tewari, Ambuj and others},
  journal={Unpublished Manuscript, http://ttic. uchicago. edu/shai/papers/KakadeShalevTewari09. pdf},
  volume={2},
  number={1},
  pages={35},
  year={2009}
}

@phdthesis{shalev2007thesis,
  title={Thesis submitted for the degree of “Doctor of Philosophy”},
  author={Shalev-Shwartz, Shai},
  year={2007},
  school={Thesis submitted for the degree of doctor of philosophy}
}


@book{rockafellar1970convex,
 author = {Rockafellar, Ralph Tyrrell},
 publisher = {Princeton University Press},
 title = {Convex Analysis},
 year = {1970}
}


@inproceedings{Kveton2020PerturbedHistoryLin,
  title     = {Perturbed-History Exploration in Stochastic Linear Bandits},
  author    = {Kveton, Branislav and Szepesv{\'{a}}ri, Csaba and Ghavamzadeh, Mohammad and Boutilier, Craig},
  booktitle = {Uncertainty in Artificial Intelligence Conference},
  year      = {2020},
}

 @inproceedings{Kveton2019PerturbedHistoryma,
  author    = {Kveton, Branislav and Szepesv\'{a}ri, Csaba and Ghavamzadeh, Mohammad and Boutilier, Craig},
  title     = {Perturbed-History Exploration in Stochastic Multi-Armed Bandits},
  year      = {2019},
  booktitle = {International Joint Conference on Artificial Intelligence},
}

@inproceedings{kveton2020randomized,
  title={Randomized exploration in generalized linear bandits},
  author={Kveton, Branislav and Zaheer, Manzil and Szepesvari, Csaba and Li, Lihong and Ghavamzadeh, Mohammad and Boutilier, Craig},
  booktitle={International Conference on Artificial Intelligence and Statistics},
  year={2020},
}


@article{abeille2017linear,
  title   = {Linear Thompson sampling revisited},
  author  = {Abeille, Marc and Lazaric, Alessandro},
  journal = {Electronic Journal of Statistics},
  volume  = 11,
  number  = 2,
  pages   = {5165--5197},
  year    = 2017,
}

@article{thompson1933likelihood,
  title     = {On the likelihood that one unknown probability exceeds another in view of the evidence of two samples},
  author    = {Thompson, William R},
  journal   = {Biometrika},
  volume    = {25},
  number    = {3-4},
  pages     = {285--294},
  year      = {1933},
  publisher = {Oxford University Press},
}

@article{abbasi2011improved,
  title   = {Improved algorithms for linear stochastic bandits},
  author  = {Abbasi-Yadkori, Yasin and P{\'a}l, D{\'a}vid and Szepesv{\'a}ri, Csaba},
  journal = {Advances in Neural Information Processing Systems},
  year    = {2011},
}

@article{lu2017ensemble,
  title   = {Ensemble sampling},
  author  = {Lu, Xiuyuan and Van Roy, Benjamin},
  journal = {Advances in Neural Information Processing Systems},
  year    = {2017},
}

@inproceedings{qin2022analysis,
  title     = {An analysis of ensemble sampling},
  author    = {Qin, Chao and Wen, Zheng and Lu, Xiuyuan and Van Roy, Benjamin},
  booktitle = {Advances in Neural Information Processing Systems},
  year      = {2022},
}

@article{osband2016deep,
  title   = {Deep exploration via bootstrapped {DQN}},
  author  = {Osband, Ian and Blundell, Charles and Pritzel, Alexander and Van Roy, Benjamin},
  journal = {Advances in Neural Information Processing Systems},
  year    = {2016},
}

@article{osband2018randomized,
  title   = {Randomized prior functions for deep reinforcement learning},
  author  = {Osband, Ian and Aslanides, John and Cassirer, Albin},
  journal = {Advances in Neural Information Processing Systems},
  year    = {2018},
}

@inproceedings{osband_rlsvi,
  title        = {Generalization and exploration via randomized value functions},
  author       = {Osband, Ian and Van Roy, Benjamin and Wen, Zheng},
  booktitle    = {International Conference on Machine Learning (ICML)},
  pages        = {2377--2386},
  year         = {2016},
  organization = {PMLR},
}

@article{russo2018tutorial,
  title={A tutorial on {T}hompson sampling},
  author={Russo, Daniel and Van Roy, Benjamin and Kazerouni, Abbas and Osband, Ian and Wen, Zheng and others},
  journal={Foundations and Trends{\textregistered} in Machine Learning},
  volume={11},
  number={1},
  pages={1--96},
  year={2018},
  publisher={Now Publishers, Inc.}
}

@inproceedings{dani2008stochastic,
  title={Stochastic linear optimization under bandit feedback},
  author={Dani, Varsha and Hayes, Thomas P and Kakade, Sham M},
  booktitle={Conference on Learning Theory},
  year={2008}
}

@article{rusmevichientong2010linearly,
  title={Linearly parameterized bandits},
  author={Rusmevichientong, Paat and Tsitsiklis, John N},
  journal={Mathematics of Operations Research},
  volume={35},
  number={2},
  pages={395--411},
  year={2010},
  publisher={INFORMS}
}

@inproceedings{lattimore2017end,
  title={The end of optimism? An asymptotic analysis of finite-armed linear bandits},
  author={Lattimore, Tor and Szepesvari, Csaba},
  booktitle={Artificial Intelligence and Statistics},
  pages={728--737},
  year={2017},
  organization={PMLR}
}

@article{auer2002using,
  title={Using confidence bounds for exploitation-exploration trade-offs},
  author={Auer, Peter},
  journal={Journal of Machine Learning Research},
  volume={3},
  number={Nov},
  pages={397--422},
  year={2002}
}

@inproceedings{chapelle2011empirical,
  title={An empirical evaluation of {T}hompson sampling},
  author={Chapelle, Olivier and Li, Lihong},
 booktitle={Advances in Neural Information Processing Systems},
  year={2011}
}

@article{may2012optimistic,
  title={Optimistic Bayesian sampling in contextual-bandit problems},
  author={May, Benedict C and Korda, Nathan and Lee, Anthony and Leslie, David S},
  journal={Journal of Machine Learning Research},
  volume={13},
  pages={2069--2106},
  year={2012}
}

@inproceedings{kaufmann2012thompson,
  title={Thompson sampling: An asymptotically optimal finite-time analysis},
  author={Kaufmann, Emilie and Korda, Nathaniel and Munos, R{\'e}mi},
  booktitle={International Conference on Algorithmic Learning Theory},
  year={2012},
}
@inproceedings{korda2013thompson,
  title={Thompson sampling for 1-dimensional exponential family bandits},
  author={Korda, Nathaniel and Kaufmann, Emilie and Munos, Remi},
  booktitle={Advances in Neural Information Processing Systems},
  year={2013}
}

@inproceedings{honda2014optimality,
  title={Optimality of {T}hompson sampling for Gaussian bandits depends on priors},
  author={Honda, Junya and Takemura, Akimichi},
  booktitle={Artificial Intelligence and Statistics},
  year={2014},
}

@article{russo2014learning,
  title={Learning to optimize via posterior sampling},
  author={Russo, Daniel and Van Roy, Benjamin},
  journal={Mathematics of Operations Research},
  volume={39},
  number={4},
  pages={1221--1243},
  year={2014},
  publisher={INFORMS}
}

@article{russo2016information,
  title={An information-theoretic analysis of {T}hompson sampling},
  author={Russo, Daniel and Van Roy, Benjamin},
  journal={The Journal of Machine Learning Research},
  volume={17},
  number={1},
  pages={2442--2471},
  year={2016},
  publisher={JMLR}
}

@article{xu2023noise,
  title={Noise-adaptive thompson sampling for linear contextual bandits},
  author={Xu, Ruitu and Min, Yifei and Wang, Tianhao},
  journal={Advances in Neural Information Processing Systems},
  volume={36},
  year={2023}
}

@article{hamidi2020worst,
  title={On the frequentist regret of linear {T}hompson sampling},
  author={Hamidi, Nima and Bayati, Mohsen},
  journal={arXiv preprint arXiv:2006.06790},
  year={2023}
}

@article{zhang2021feel,
  title={Feel-good thompson sampling for contextual bandits and reinforcement learning},
  author={Zhang, Tong},
  journal={SIAM Journal on Mathematics of Data Science},
  volume={4},
  number={2},
  pages={834--857},
  year={2022},
  publisher={SIAM}
}


@inproceedings{vaswani2020old,
  title={Old Dog Learns New Tricks: Randomized {UCB} for Bandit Problems},
  author={Vaswani, Sharan and Mehrabian, Abbas and Durand, Audrey and Kveton, Branislav},
  booktitle={International Conference on Artificial Intelligence and Statistics},
  year={2020},
}

@article{luo2023geometry,
  title={Geometry-aware approaches for balancing performance and theoretical guarantees in linear bandits},
  author={Luo, Yuwei and Bayati, Mohsen},
  journal={arXiv preprint arXiv:2306.14872},
  year={2023}
}

@inproceedings{huix2023tight,
  title={Tight regret and complexity bounds for Thompson sampling via Langevin Monte Carlo},
  author={Huix, Tom and Zhang, Matthew and Durmus, Alain},
  booktitle={International Conference on Artificial Intelligence and Statistics},
  year={2023},
}



% SASHA
@inproceedings{cirel2006norms,
  title     = {Norms of {G}aussian sample functions},
  author    = {Cirel'son, Boris S and Ibragimov, Ildar A and Sudakov, Vladimir N},
  booktitle = {Proceedings of the Third Japan—USSR Symposium on Probability Theory},
  pages     = {20--41},
  year      = {1976},
}

@book{ledoux2001concentration,
  title     = {The concentration of measure phenomenon},
  author    = {Ledoux, Michel},
  number    = {89},
  year      = {2001},
  publisher = {American Mathematical Society},
}

@article{davidson2001local,
  title     = {Local operator theory, random matrices and {B}anach spaces},
  author    = {Davidson, Kenneth R and Szarek, Stanislaw J},
  journal   = {Handbook of the geometry of Banach spaces},
  volume    = {1},
  number    = {317-366},
  pages     = {131},
  year      = {2001},
  publisher = {North-Holland, Amsterdam},
}

@book{lattimore2020bandit,
  title     = {Bandit algorithms},
  author    = {Lattimore, Tor and Szepesv{\'a}ri, Csaba},
  year      = {2020},
  publisher = {Cambridge University Press},
}

@article{de2004self,
  title   = {Self-normalized processes: exponential inequalities, moment bounds and iterated logarithm laws},
  author  = {de la Pena, Victor H and Klass, Michael J and Leung Lai, Tze},
  year    = {2004},
  journal = {The Annals of Probability},
}

@book{pena2009self,
  title     = {Self-normalized processes: Limit theory and Statistical Applications},
  author    = {Pe{\~n}a, Victor H and Lai, Tze Leung and Shao, Qi-Man},
  year      = {2009},
  publisher = {Springer},
}


@book{vershynin2018high,
  title     = {High-dimensional probability: an introduction with applications in data science},
  author    = {Vershynin, Roman},
  volume    = {47},
  year      = {2018},
  publisher = {Cambridge University Press},
}

@article{osband2019deep,
  title   = {Deep Exploration via Randomized Value Functions},
  author  = {Osband, Ian and Van Roy, Benjamin and Russo, Daniel J and Wen, Zheng and others},
  journal = {Journal of Machine Learning Research},
  volume  = {20},
  number  = {124},
  pages   = {1--62},
  year    = {2019},
}

% Examples: online recommender systems
@inproceedings{lu2018efficient,
  title     = {Efficient online recommendation via low-rank ensemble sampling},
  author    = {Lu, Xiuyuan and Wen, Zheng and Kveton, Branislav},
  booktitle = {Proceedings of the 12th ACM Conference on Recommender Systems},
  year      = {2018},
}

@article{hao2020low,
  title   = {Low-rank tensor bandits},
  author  = {Hao, Botao and Zhou, Jie and Wen, Zheng and Sun, Will Wei},
  journal = {arXiv preprint arXiv:2007.15788},
  year    = {2020},
}

@article{zhu2021deep,
  title   = {Deep Exploration for Recommendation Systems},
  author  = {Zhu, Zheqing and Van Roy, Benjamin},
  journal = {arXiv preprint arXiv:2109.12509},
  year    = {2021},
}

% Examples: multiagent

@inproceedings{dimakopoulou2018coordinated,
  title     = {Coordinated exploration in concurrent reinforcement learning},
  author    = {Dimakopoulou, Maria and Van Roy, Benjamin},
  booktitle = {International Conference on Machine Learning},
  year      = {2018},
}

% Examples: behavioural sciences
@article{eckles2019bootstrap,
  title     = {Bootstrap Thompson sampling and sequential decision problems in the behavioral sciences},
  author    = {Eckles, Dean and Kaptein, Maurits},
  journal   = {Sage Open},
  volume    = {9},
  number    = {2},
  pages     = {2158244019851675},
  year      = {2019},
  publisher = {SAGE Publications Sage CA: Los Angeles, CA},
}

% Example: marketing strategies
@article{yang2020targeting,
  title   = {Targeting for long-term outcomes},
  author  = {Yang, Jeremy and Eckles, Dean and Dhillon, Paramveer and Aral, Sinan},
  journal = {arXiv preprint arXiv:2010.15835},
  year    = {2020},
}

% Flawed follow-up
@article{phan2019thompson,
  title   = {Thompson sampling and approximate inference},
  author  = {Phan, My and Abbasi Yadkori, Yasin and Domke, Justin},
  journal = {Advances in Neural Information Processing Systems},
  year    = {2019},
}

% Example RL
@article{curi2020efficient,
  title   = {Efficient model-based reinforcement learning through optimistic policy search and planning},
  author  = {Curi, Sebastian and Berkenkamp, Felix and Krause, Andreas},
  journal = {Advances in Neural Information Processing Systems},
  year    = {2020},
}

@phdthesis{mackay1992bayesian,
  title  = {Bayesian methods for adaptive models},
  author = {Mackay, David John Cameron},
  year   = {1992},
  school = {California Institute of Technology},
}

@article{jacot2018neural,
  title   = {Neural tangent kernel: Convergence and generalization in neural networks},
  author  = {Jacot, Arthur and Gabriel, Franck and Hongler, Cl{\'e}ment},
  journal = {Advances in Neural Information Processing Systems},
  year    = {2018},
}

@inproceedings{antoran2022sampling,
  title     = {Sampling-based inference for large linear models, with application to linearised {L}aplace},
  author    = {Antor{\'a}n, Javier and Padhy, Shreyas and Barbano, Riccardo and Nalisnick, Eric and Janz, David and Hern{\'a}ndez-Lobato, Jos{\'e} Miguel},
  booktitle = {International Conference on Learning Representations},
  year      = {2022},
}

% Order statistics
@article{litvak2018order,
  title     = {Order statistics of vectors with dependent coordinates, and the {K}arhunen-{L}oève basis},
  author    = {Litvak, Alexander E and Tikhomirov, Konstantin},
  journal   = {The Annals of Applied Probability},
  volume    = {28},
  number    = {4},
  pages     = {2083--2104},
  year      = {2018},
  publisher = {Institute of Mathematical Statistics},
}

@article{gordon2012uniform,
  title     = {Uniform estimates for order statistics and {O}rlicz functions},
  author    = {Gordon, Yehoram and Litvak, Alexander E and Sch{\"u}tt, Carsten and Werner, Elisabeth},
  journal   = {Positivity},
  volume    = {16},
  number    = {1},
  pages     = {1--28},
  year      = {2012},
  publisher = {Springer},
}

@book{pisier1999volume,
  title     = {The volume of convex bodies and {B}anach space geometry},
  author    = {Pisier, Gilles},
  volume    = {94},
  year      = {1999},
  publisher = {Cambridge University Press},
}

@article{hofmann2008kernel,
  title   = {Kernel methods in machine learning},
  author  = {Hofmann, Thomas and Sch{\"o}lkopf, Bernhard and Smola, Alexander J},
  year    = {2008},
  journal = {The Annals of Statistics},
}

@article{snoek2012practical,
  title   = {Practical {B}ayesian optimization of machine learning algorithms},
  author  = {Snoek, Jasper and Larochelle, Hugo and Adams, Ryan P},
  journal = {Advances in Neural Information Processing Systems},
  year    = {2012},
}

@inproceedings{hernandez2017parallel,
  title     = {Parallel and distributed {T}hompson sampling for large-scale accelerated exploration of chemical space},
  author    = {Hern{\'a}ndez-Lobato, Jos{\'e} Miguel and Requeima, James and Pyzer-Knapp, Edward O and Aspuru-Guzik, Al{\'a}n},
  booktitle = {International Conference on Machine Learning},
  year      = {2017},
}

%% Books
@book{wainwright2019high,
  title     = {High-dimensional statistics: A non-asymptotic viewpoint},
  author    = {Wainwright, Martin J},
  volume    = {48},
  year      = {2019},
  publisher = {Cambridge university press},
}

@book{boucheron2013concentration,
  title     = {Concentration Inequalities: A Nonasymptotic Theory of Independence},
  author    = {Boucheron, St{\'e}phane and Lugosi, G{\'a}bor and Massart, Pascal},
  year      = {2013},
  publisher = {Oxford University Press},
}

% BETA

@article{skorski2023bernstein,
  title     = {Bernstein-type bounds for beta distribution},
  author    = {Skorski, Maciej},
  journal   = {Modern Stochastics: Theory and Applications},
  volume    = {10},
  number    = {2},
  pages     = {211--228},
  year      = {2023},
  publisher = {VTeX: Solutions for Science Publishing},
}

@article{eaton1981projections,
  title     = {On the projections of isotropic distributions},
  author    = {Eaton, Morris L},
  journal   = {The Annals of Statistics},
  pages     = {391--400},
  year      = {1981},
  publisher = {Institute of Mathematical Statistics},
}

@book{fang1990symmetric,
  title     = {Symmetric multivariate and related distributions},
  author    = {Fang, Kai Wang},
  year      = {1990},
  publisher = {Chapman and Hall/CRC},
}

% FIX CITATION
@phdthesis{ville1939etude,
  title  = {Etude critique de la notion de collectif},
  school = {Faculté des sciences de Paris},
  author = {Ville, Jean},
  year   = {1939},
}

@inproceedings{agrawal2012analysis,
  title     = {Analysis of Thompson sampling for the multi-armed bandit problem},
  author    = {Agrawal, Shipra and Goyal, Navin},
  booktitle = {Conference on Learning Theory},
  year      = {2012},
}

@inproceedings{agrawal2013thompson,
  title     = {Thompson sampling for contextual bandits with linear payoffs},
  author    = {Agrawal, Shipra and Goyal, Navin},
  booktitle = {International Conference on Machine Learning},
  year      = {2013},
}

@inproceedings{ash2021anti,
  title     = {Anti-concentrated confidence bonuses for scalable exploration},
  author    = {Ash, Jordan T and Zhang, Cyril and Goel, Surbhi and Krishnamurthy, Akshay and Kakade, Sham},
  booktitle = {International Conference on Learning Representations},
  year      = {2022},
}

@inproceedings{filippi2010parametric,
  title     = {Parametric bandits: The generalized linear case},
  author    = {Filippi, Sarah and Cappe, Olivier and Garivier, Aur{\'e}lien and Szepesv{\'a}ri, Csaba},
  booktitle = {Advances in Neural Information Processing Systems},
  year      = {2010},
}

@inproceedings{srinivas2009gaussian,
  title   = {Gaussian process optimization in the bandit setting: No regret and experimental design},
  author  = {Srinivas, Niranjan and Krause, Andreas and Kakade, Sham M and Seeger, Matthias},
  journal = {International Conference on Machine Learning},
  year    = {2010},
}


@article{li2010concise,
  title     = {Concise formulas for the area and volume of a hyperspherical cap},
  author    = {Li, Shengqiao},
  journal   = {Asian Journal of Mathematics \& Statistics},
  volume    = {4},
  number    = {1},
  pages     = {66--70},
  year      = {2010},
  publisher = {Science Alert},
}

@article{dwaracherla2020hypermodels,
  title   = {Hypermodels for exploration},
  author  = {Dwaracherla, Vikranth and Lu, Xiuyuan and Ibrahimi, Morteza and Osband, Ian and Wen, Zheng and Van Roy, Benjamin},
  journal = {arXiv preprint arXiv:2006.07464},
  year    = {2020},
}

@article{burda2018exploration,
  title   = {Exploration by random network distillation},
  author  = {Burda, Yuri and Edwards, Harrison and Storkey, Amos and Klimov, Oleg},
  journal = {arXiv preprint arXiv:1810.12894},
  year    = {2018},
}

@inproceedings{zanette2020frequentist,
  title     = {Frequentist regret bounds for randomized least-squares value iteration},
  author    = {Zanette, Andrea and Brandfonbrener, David and Brunskill, Emma and Pirotta, Matteo and Lazaric, Alessandro},
  booktitle = {International Conference on Artificial Intelligence and Statistics},
  year      = {2020},
}

@article{tropp2012user,
  title     = {User-friendly tail bounds for sums of random matrices},
  author    = {Tropp, Joel A},
  journal   = {Foundations of Computational Mathematics},
  volume    = {12},
  pages     = {389--434},
  year      = {2012},
  publisher = {Springer},
}

@inproceedings{janz2023exploration,
  title   = {Exploration via linearly perturbed loss minimisation},
  author  = {Janz, David and Liu, Shuai and Ayoub, Alex and Szepesv{\'a}ri, Csaba},
  booktitle = {International Conference on Artificial Intelligence and Statistics},
  year    = {2024},
}

@inproceedings{janz2023ensemble,
  title={Ensemble sampling for linear bandits: small ensembles suffice},
  author={Janz, David and Litvak, Alexander E and Szepesv{\'a}ri, Csaba},
  booktitle={Advances in Neural Information Processing Systems},
  year={2024}
}

@article{lu2017ensemble,
  title={Ensemble sampling},
  author={Lu, Xiuyuan and Van Roy, Benjamin},
  journal={Advances in neural information processing systems},
  volume={30},
  year={2017}
}

