@misc{starlink,
  title = {{Starlink}},
  note = {\url{https://www.starlink.com/}},
    type = {Web Page}
}

@misc{starlinkroam,
  title = {{Starlink Roam}},
  note = {\url{https://www.starlink.com/roam}},
    type = {Web Page}
}

@misc{Kuiper,
  title = {{Project Kuiper}},
  note = {\url{https://www.aboutamazon.com/what-we-do/devices-services/project-kuiper}},
  type = {Web Page}
}

@misc{OneWeb,
  title = {OneWeb},
  note = {\url{https://oneweb.net/}},
    type = {Web Page}
}

@misc{23501,
   author = {3GPP},
   title = {{TS 23.501, System Architecture for the 5G System}},
   publisher = {3GPP},
   year = {2024},
   type = {Standard}
}

@misc{23502,
   author = {3GPP},
   title = {{TS 23.502, Procedures for the 5G System}},
   publisher = {3GPP},
   year = {2024},
   type = {Standard}
}

@techreport{6Gwhite, institution ={IMT-2030 (6G) Promotion Group},title={{White Paper on 6G Vision and Candidate Technologies}},   year={2018},
}

@misc{t-mobile,
   title = {{First Spacex Satellites Launch for Breakthrough Direct to Cell Service with T-mobile}},
   url = {https://www.t-mobile.com/news/un-carrier/first-spacex-satellites-launch-for-breakthrough-direct-to-cell-service-with-t-mobile},
   type = {Web Page}
}

@misc{att,
   title = {{AT\&T and AST SpaceMobile Announce Definitive Commercial Agreement}},
   url = {https://about.att.com/story/2024/ast-spacemobile-commercial-agreement.html},
   type = {Web Page}
}

@misc{38821,
   author = {3GPP},
   title = {{TS 38821, Solutions for NR to Support Non-Terrestrial Networks (NTN)}},
   publisher = {3GPP},
   year = {2023},
   type = {Standard}
}

@misc{38811,
   author = {3GPP},
   title = {{TS 38811, Study on New Radio (NR) to Support Non-Terrestrial Networks}},
   publisher = {3GPP},
   year = {2023},
   type = {Standard}
}

@ARTICLE{nouse,
  author={Chen, Quan and Guo, Jianming and Yang, Lei and Liu, Xianfeng and Chen, Xiaoqian},
  journal={IEEE Communications Letters}, 
  title={{Topology Virtualization and Dynamics Shielding Method for {LEO} Satellite Networks}}, 
  year={2020},
  volume={24},
  number={2},
  pages={433-437},
  doi={10.1109/LCOMM.2019.2958132}}

@article{kmedian,
 ISSN = {00361399},

 author = {O. Kariv and S. L. Hakimi},
 journal = {SIAM Journal on Applied Mathematics},
 number = {3},
 pages = {539--560},
 publisher = {Society for Industrial and Applied Mathematics},
 title = {{An Algorithmic Approach to Network Location Problems. II: The p-Medians}},
 urldate = {2024-07-10},
 volume = {37},
 year = {1979}
}


@inproceedings{satelessCoreDesign,
author = {Li, Yuanjie and Li, Hewu and Liu, Wei and Liu, Lixin and Chen, Yimei and Wu, Jianping and Wu, Qian and Liu, Jun and Lai, Zeqi},
title = {{A Case for Stateless Mobile Core Network Functions in Space}},
isbn = {9781450394208},
doi = {10.1145/3544216.3544233},
journal = {In
Proceedings of the Annual Conference of the ACM Special Interest Group
on Data Communication (SIGCOMM)},
pages = {298-313},
year = {2022}
}

@ARTICLE{spaceMobileNet,
  author={Kim, Joonwoo and Lee, Jaewook and Ko, Haneul and Kim, Taeyun and Pack, Sangheon},
  journal={IEEE Communications Magazine}, 
  title={{Space Mobile Networks: Satellite as Core and Access Networks for B5G}}, 
  year={2022},
  volume={60},
  number={4},
  pages={58-64},
  doi={10.1109/MCOM.001.2100770}}

@INPROCEEDINGS{UPFandGNB,
  author={Agbo, Pheobe and Weitkemper, Petra},
  booktitle={Proceedings of 2023 IEEE International Conference on Omni-layer Intelligent Systems (COINS)}, 
  title={{Analysis of Different {MEC} Offloading Scenarios with {LEO} Satellite in {5G} Networks}}, 
  year={2023},
  volume={},
  publisher = {IEEE},
  number={},
  pages={1-6},
  doi={10.1109/COINS57856.2023.10189256}}


@INPROCEEDINGS{CoreDesign,
  author={Han, Zhenzhen and Xu, Chuan and Liu, Kun and Yu, Le and Zhao, Guofeng and Yu, Shui},
  booktitle={Proceedings of 2021 IEEE Global Communications Conference (GLOBECOM)}, 
  title={{A Novel Mobile Core Network Architecture for Satellite-Terrestrial Integrated Network}}, 
  year={2021},
  volume={},
  number={},
  pages={01-06},
  publisher = {IEEE},
  doi={10.1109/GLOBECOM46510.2021.9685133}}




@ARTICLE{anotherApp,
  author={Liu, Yu and Wang, Luhan and Lu, Zhaoming and Du, Keliang and Shou, Guochu},
  journal={IEEE Transactions on Network and Service Management}, 
  title={{A Stateless Design of Satelliteâ€“Terrestrial Integrated Core Network and Its Deployment Strategy}}, 
  year={2024},
  volume={21},
  number={1},
  pages={953-966},
  doi={10.1109/TNSM.2023.3318569}}


@misc{23737,
   author = {3GPP},
   title = {{TR 23.737, Study on Architecture Aspects for Using Satellite Access in 5G}},
   publisher = {3GPP},
   year = {2019},
   type = {Standard}
}

@misc{28841,
   author = {3GPP},
   title = {{TR 28.841, Study on Management Aspects of Internet of Things (IoT) Non-Terrestrial Networks (NTN) Enhancements}},
   publisher = {3GPP},
   year = {2023},
   type = {Standard}
}

@misc{36763,
   author = {3GPP},
   title = {{TR 36.763, Study on Narrow-Band Internet of Things (NB-IoT) / Enhanced Machine Type Communication (eMTC) Support for Non-Terrestrial Networks (NTN)}},
   publisher = {3GPP},
   year = {2021},
   type = {Standard}
}

@misc{29244,
   author = {3GPP},
   title = {{TR 29.244, Interface between the Control Plane and the User Plane Nodes}},
   publisher = {3GPP},
   year = {2022},
   type = {Standard}
}
	
@misc{38863,
   author = {3GPP},
   title = {{TR 38.863, Non-Terrestrial Networks (NTN) Related RF and Co-Existence Aspects}},
   publisher = {3GPP},
   year = {2024},
   type = {Standard}
}

@INPROCEEDINGS{discussion1,
  author={Vanelli-Coralli, Alessandro and Guidotti, Alessandro and Foggi, Tommaso and Colavolpe, Giulio and Montorsi, Guido},
  booktitle={Proceedings of 2020 IEEE 3rd 5G World Forum (5GWF)}, 
  title={{5G and Beyond 5G Non-Terrestrial Networks: Trends and Research Challenges}}, 
  year={2020},
  volume={},
  number={},
  pages={163-169},
  publisher = {IEEE},
  doi={10.1109/5GWF49715.2020.9221119}}

@ARTICLE{discussion2,
  author={Rinaldi, Federica and Maattanen, Helka-Liina and Torsner, Johan and Pizzi, Sara and Andreev, Sergey and Iera, Antonio and Koucheryavy, Yevgeni and Araniti, Giuseppe},
  journal={IEEE Access}, 
  title={{Non-Terrestrial Networks in 5G \& Beyond: A Survey}}, 
  year={2020},
  volume={8},
  number={},
  pages={165178-165200},
  doi={10.1109/ACCESS.2020.3022981}}

@ARTICLE{discussion3,
  author={Sattarzadeh, Ata and Liu, Yun and Mohamed, Abdelrahim and Song, Ruiliang and Xiao, Pei and Song, Zhiqun and Zhang, Haipeng and Tafazolli, Rahim and Niu, Chuanfeng},
  journal={IEEE Access}, 
  title={{Satellite-Based Non-Terrestrial Networks in {5G}: Insights and Challenges}}, 
  year={2022},
  volume={10},
  number={},
  pages={11274-11283},
  doi={10.1109/ACCESS.2021.3137560}}



@inproceedings{skycastle,
    author = {Jihao Li and Hewu Li and Zeqi Lai and Qian Wu and Weisen Liu and Xiaomo Wang and Yuanjie Li and Jun Liu and Qi Zhang},
    booktitle = {Proceedings of 2024 IEEE Conference on Computer Communications (INFOCOM)},
    title = {{SKYCASTLE: Taming LEO Mobility to Facilitate Seamless and Low-latency Satellite Internet Services}},
    publisher = {IEEE},
    pages = {1-10},
    year = {2024},
}



@inproceedings{acchandover,
    author = {Jiasheng Wu and Shaojie Su and Xiong Wang and Jingjing Zhang and Yue Gao},
    booktitle = {Proceedings of 2024 IEEE Conference on Computer Communications (INFOCOM)},
    title = {{Accelerating Handover in Mobile Satellite Network}},
    publisher = {IEEE},
    pages={1-10},
    year = {2024}
}

@misc{ueransim,
title = {{UERANSIM}},
note  = {\url{https://github.com/aligungr/UERANSIM/}},
type = {Web Page}
}


@misc{open5gs,
    title = "{{Open5GS}}",
    note = {\url{https://open5gs.org/}},
}

@inproceedings{starlink15sec,
author = {Zhao, Jinwei and Pan, Jianping},
title = {{Low-Latency Live Video Streaming over a Low-Earth-Orbit Satellite Network with {DASH}}},
year = {2024},
publisher = {ACM},
url = {https://doi.org/10.1145/3625468.3647616},
doi = {10.1145/3625468.3647616},
booktitle = {Proceedings of the 15th ACM Multimedia Systems Conference (MMSys)},
pages = {109-120},
numpages = {12},
}


@misc{starlinkLEO,
   title = {{Application for Fixed Satellite Service by Space Exploration Holdings, LLC.}},
   url = {https://fcc.report/IBFS/SAT-MOD-20200417-00037},
}

@misc{kuiperLEO,
   title = {{Application for Fixed Satellite Service by Kuiper Systems, LLC.}},
   url = {https://fcc.report/IBFS/SAT-LOA-20190704-00057},
}

@misc{onewebLEO,
   title = {{Eutelsat OneWeb.}},
   url = {https://oneweb.net/our-network},
}

@misc{skyfield,
  title = {{Skyfield - Documentation}},
  note = {\url{https://rhodesmill.org/skyfield/}},
  version = {1.17},
type = {Web Page}
}

@misc{AWS,
  title = {{{AWS} Services by Region}},
  note = {https://aws.amazon.com/cn/about-aws/global-infrastructure/regional-product-services/}
}

@misc{geoip,
  title = {{{IP} Geolocation and Intelligence Databases and Web Services}},
  note = {https://www.maxmind.com/en/solutions/ip-geolocation-databases-api-services}
}

@misc{ipv4out,
  title = {{The {RIPE NCC} Has Run Out of {IPv4} Addresses}},
  note = {https://www.ripe.net/publications/news/the-ripe-ncc-has-run-out-of-ipv4-addresses/}
}

@INPROCEEDINGS{starlinkPerformance,
author = {Mohan, Nitinder and Ferguson, Andrew E. and Cech, Hendrik and Bose, Rohan and Renatin, Prakita Rayyan and Marina, Mahesh K. and Ott, J\"{o}rg},
title = {{A Multifaceted Look at Starlink Performance}},
year = {2024},
isbn = {9798400701719},
publisher = {Association for Computing Machinery},
booktitle = {Proceedings of the ACM on Web Conference 2024},
pages = {2723-2734},
numpages = {12},
keywords = {internet measurements, satellite communications, starlink},
}


@INPROCEEDINGS{MM2,
  author={Xie, Peirong and Wang, Qingyang and Chen, Jie},
  booktitle={Proceedings of 2022 IEEE/CIC International Conference on Communications in China (ICCC Workshops)}, 
  title={{A Survey of Mobility Management for Mobile Networks Supporting LEO Satellite Access}}, 
  year={2022},
  publisher = {IEEE},
  volume={},
  number={},
  pages={59-64},
  doi={10.1109/ICCCWorkshops55477.2022.9896686}}

@ARTICLE{MM3,
   title={{Location Management in Internet Protocol-Based Future LEO Satellite Networks: A Review}},
   volume={3},
   ISSN={2644-125X},
   DOI={10.1109/ojcoms.2022.3185097},
   journal={IEEE Open Journal of the Communications Society},
   publisher={Institute of Electrical and Electronics Engineers (IEEE)},
   author={Darwish, Tasneem and Kurt, Gunes Karabulut and Yanikomeroglu, Halim and Lamontagne, Guillaume and Bellemare, Michel},
   year={2022},
   pages={1035-1062}, }

@misc{icmp,
    series =    {Request for Comments},
    number =    792,
    howpublished =  {RFC 792},
    publisher = {RFC Editor},
    doi =       {10.17487/RFC0792},
    url =       {https://www.rfc-editor.org/info/rfc792},
    author =    {},
    title =     {{Internet Control Message Protocol}},
    pagetotal = 21,
    year =      1981,
    month =     sep,
    abstract =  {},
}

@misc{website,
  title = {{{Most Visited Websites} in the {World}}},
  note = {https://www.similarweb.com/top-websites/}
}