@misc{38811,
   author = {3GPP},
   title = {{TS 38811,study on new radio (NR) to support non-terrestrial networks}},
   publisher = {3GPP},
   year = {2023},
   type = {Standard}
}

@misc{38821,
   author = {3GPP},
   title = {{TS 38821,solutions for NR to support non-terrestrial networks (NTN)}},
   publisher = {3GPP},
   year = {2023},
   type = {Standard}
}

