@ARTICLE{4062836,
  author={Chowdhury, Pulak K. and Atiquzzaman, Mohammed and Ivancic, William},
  journal={IEEE Communications Surveys \& Tutorials}, 
  title={{Handover chemes in satellite networks: state-of-the-art and future research directions}}, 
  year={2006},
  volume={8},
  number={4},
  pages={2-14},
  doi={10.1109/COMST.2006.283818}
  }

@article{Satellite_handover,
author = {Papapetrou, E. and Karapantazis, S. and Dimitriadis, G. and Pavlidou, F.-N.},
title = {{Satellite handover techniques for LEO networks}},
journal = {International Journal of Satellite Communications and Networking},
volume = {22},
number = {2},
pages = {231-245},
keywords = {LEO satellite networks, partial satellite diversity, Doppler effect, fixed channel allocation, satellite handover},
year = {2004}
}

@ARTICLE{Edge_Computing,
  author={Ning, Zhaolong and Wang, Xiaojie and Huang, Jun},
  journal={IEEE Vehicular Technology Magazine}, 
  title={Mobile Edge Computing-Enabled 5G Vehicular Networks: Toward the Integration of Communication and Computing}, 
  year={2019},
  volume={14},
  number={1},
  pages={54-61},
  doi={10.1109/MVT.2018.2882873}}

@ARTICLE{9003306,
  author={Zhang, Tao and Li, Jiandong and Li, Hongyan and Zhang, Shun and Wang, Peng and Shen, Haiying},
  journal={IEEE Network}, 
  title={Application of Time-Varying Graph Theory over the Space Information Networks}, 
  year={2020},
  volume={34},
  number={2},
  pages={179-185},
  doi={10.1109/MNET.001.1900245}}
@ARTICLE{9984697,
  author={Wang, Feng and Jiang, Dingde and Wang, Zhihao and Chen, Jianguang and Quek, Tony Q. S.},
  journal={IEEE Transactions on Communications}, 
      title={{Seamless handover in LEO based non-terrestrial networks: service continuity and optimization}}, 
  year={2023},
  volume={71},
  number={2},
  pages={1008-1023},
  doi={10.1109/TCOMM.2022.3229014}}

@ARTICLE{8926396,
  author={Chen, Quan and Guo, Jianming and Yang, Lei and Liu, Xianfeng and Chen, Xiaoqian},
  journal={IEEE Communications Letters}, 
  title={Topology Virtualization and Dynamics Shielding Method for {LEO} Satellite Networks}, 
  year={2020},
  volume={24},
  number={2},
  pages={433-437},
  doi={10.1109/LCOMM.2019.2958132}}

@INPROCEEDINGS{9367419,
  author={Juan, Enric and Lauridsen, Mads and Wigard, Jeroen and Mogensen, Preben E.},
  booktitle={Proceeding of IEEE Globecom Workshops}, 
  title={{5G New Radio mobility performance in LEO-based non-Terrestrial networks}}, 
  year={2020},
  volume={},
  number={},
  pages={1-6},
  doi={10.1109/GCWkshps50303.2020.9367419}}

@inproceedings{zhang2022enabling,
  title={{Enabling low-latency-capable satellite-ground topology for emerging LEO satellite networks}},
  author={Zhang, Yaoying and Wu, Qian and Lai, Zeqi and Li, Hewu},
  booktitle={Proceeding of IEEE INFOCOM},
  pages={1329--1338},
  year={2022},
  organization={IEEE}
}

@article{dong2018mianxiang, author = {DONG Yanlei and LI Dong'ang and LIU Qin and WANG Chunting and SHI Keyi}, title = {{Research on mobility management strategy based on the mobile foreign agent domain in satellite networks}}, journal = {Journal of Xidian University}, volume = {45}, number = {156-162}, year = {2018}, issn = {1001-2400}, doi ={} 
}

@INPROCEEDINGS{7811041,
  author={Han, Wei and Wang, Baosheng and Feng, Zhenqian and Zhao, Baokang and Yu, Wanrong},
  booktitle={International Conference on Systems and Informatics}, 
  title={{Distributed mobility management in IP/LEO satellite networks}}, 
  year={2016},
  volume={},
  number={},
  pages={691-695},
  doi={10.1109/ICSAI.2016.7811041}}

@ARTICLE{9755268,
  author={Kim, Joonwoo and Lee, Jaewook and Ko, Haneul and Kim, Taeyun and Pack, Sangheon},
  journal={IEEE Communications Magazine}, 
  title={Space Mobile Networks: Satellite as Core and Access Networks for {B5G}}, 
  year={2022},
  volume={60},
  number={4},
  pages={58-64},
  doi={10.1109/MCOM.001.2100770}}

@inproceedings{stateless_mobile,
author = {Li, Yuanjie and Li, Hewu and Liu, Wei and Liu, Lixin and Chen, Yimei and Wu, Jianping and Wu, Qian and Liu, Jun and Lai, Zeqi},
title = {A Case for Stateless Mobile Core Network Functions in Space},
year = {2022},
isbn = {9781450394208},
publisher = {Association for Computing Machinery},
url = {https://doi.org/10.1145/3544216.3544233},
doi = {10.1145/3544216.3544233},
booktitle = {Proceeding of ACM SIGCOMM},
pages = {298–313},
numpages = {16},
keywords = {stateless core network functions, mobile network, space network, 5G and beyond, low-earth-orbit satellite mega-constellations},
location = {Amsterdam, Netherlands},
}

@techreport{6Gwhite, institution ={IMT-2030 (6G) Promotion Group},title={{White Paper on 6G Vision and Candidate Technologies}},   year={2018},
}

@techreport{Measure5g,
    title = {{Measuring digital development: Facts and Fgures 2022}},
    institution = {ITU Publications},
    year = {2022}
}

@ARTICLE{8610424,
  author={Bi, Yuanguo and Han, Guangjie and Xu, Shuang and Wang, Xingwei and Lin, Chuan and Yu, Zhibo and Sun, Peiyao},
  journal={IEEE Network}, 
  title={{Software Defined Space-Terrestrial Integrated Networks: Architecture, Challenges, and Solutions}}, 
  year={2019},
  volume={33},
  number={1},
  pages={22-28},
  doi={10.1109/MNET.2018.1800193}}



@misc{InvestingStarlink,
    author= {{CNBC}},
    institution = {CNBC},
    howpublished = {\url{https://cnb.cx/42Pa8jd}},
    month={Mar 2023},
    title = {{Investing in Space: Is SpaceX’s Starlink growing satellite internet market share, or taking it?}},
type = {Web Page}
}

@misc{free5gc,
    title = "{free5GC}",
    note = {\url{https://www.free5gc.org/}}
}

%25
@misc{docker,
title = {{Docker: Accelerated, Containerized Application Development}},
note = {\url{https://www.docker.com/}}
}

%26
@misc{ueransim,
title = {{UERANSIM}},
note  = {\url{https://github.com/aligungr/UERANSIM/}},
type = {Web Page}
}

%27
@misc{golang,
  title = {golang - The Go Programming Language},
  note = {\url{https://go.dev/}},
  version = {1.17},
    type = {Web Page},
}
@misc{open5gs,
    title = "{open5gs.org}",
    note = {\url{https://open5gs.org/}},
}
@misc{StarlinkStatus,
    title = "{Starlink Status}",
    note = {\url{https://starlinkstatus.space/}},
}
@misc{celestrak,
    title = "{Celestrak}",
    note = {\url{https://celestrak.com/}},
}

%28
@misc{python,
    title = "{Welcome to Python.org}",
    note = {\url{https://www.python.org/}},
    version = {3.6}
}

@misc{starlink,
  title = {Starlink},
  note = {\url{https://www.starlink.com/}},
    type = {Web Page}
}

@misc{Kuiper,
  title = {Project Kuiper},
  note = {\url{https://www.aboutamazon.com/what-we-do/devices-services/project-kuiper}},
type = {Web Page}
}
note=https://www.aboutamazon.com/what-we-do/devices-services/project-kuiper
@misc{skyfield,
  title = {Skyfield - Documentation},
  note = {\url{https://rhodesmill.org/skyfield/}},
  version = {1.17},
type = {Web Page}
}

@misc{23501,
   author = {3GPP},
   title = {TS 23.501,System Architecture for the {5G} System},
   publisher = {3GPP},
   year = {2023},
   type = {Standard}
}

@misc{23502,
   author = {3GPP},
   title = {{TS 23.502,procedures for the 5G system}},
   publisher = {3GPP},
   year = {2023},
   type = {Standard}
}
@misc{38300,
   author = {3GPP},
   title = {{TS 38300,NR and NG-RAN overall description}},
   publisher = {3GPP},
   year = {2023},
   type = {Standard}
}

@misc{38821,
   author = {3GPP},
   title = {{TS 38821,solutions for NR to support non-terrestrial networks (NTN)}},
   publisher = {3GPP},
   year = {2023},
   type = {Standard}
}

@misc{38811,
   author = {3GPP},
   title = {{TS 38811,study on new radio (NR) to support non-terrestrial networks}},
   publisher = {3GPP},
   year = {2023},
   type = {Standard}
}

@misc{re-test,
   title = {{TTP develops 5G NTN test environment with Keysight tools}},
   url = {https://www.ttp.com/news/ttp-develops-5g-ntn-test-environment-with-keysight-tools/},
   type = {Web Page}
}

@misc{Sateliot,
   title = {{Sateliot | Space · Connecting · 5G Satellite IoT}},
   url = {https://sateliot.space/en/},
   type = {Web Page}
}

@misc{t-mobile,
   title = {{T‑Mobile takes coverage above and beyond with SpaceX}},
   url = {https://www.t-mobile.com/news/un-carrier/t-mobile-takes-coverage-above-and-beyond-with-spacex},
   type = {Web Page}
}

@misc{optus,
   title = {{Optus and Elon Musk’s Starlink to Offer Mobile Connectivity via Satellite}},
   url = {https://gizmodo.com.au/2023/07/optus-starlink-mobile-connectivity-satellite/},
   type = {Web Page}
}

@misc{zte-5g,
   title = {{5G non-terrestrial network (NTN)}},
   url = {https://www.zte.com.cn/global/solutions\_latest/5g-advanced/ntn.html},
   type = {Web Page}
}

@misc{soft-handover,
   title = {{Soft \& softer handover In UMTS system}},
   url = {https://www.3glteinfo.com/soft-softer-handover-in-umts-system/},
   type = {Web Page}
}

@article{chen2021analysis,
  title={{Analysis of inter-satellite link paths for LEO mega-constellation networks}},
  author={Chen, Quan and Giambene, Giovanni and Yang, Lei and Fan, Chengguang and Chen, Xiaoqian},
  journal={IEEE Transactions on Vehicular Technology},
  volume={70},
  number={3},
  pages={2743--2755},
  year={2021},
  publisher={IEEE}
}

@INPROCEEDINGS{coverage,
  author={Morales-Ferre, Ruben and Lohan, Elena Simona and Falco, Gianluca and Falletti, Emanuela},
  booktitle={Proceeding of IEEE International Conference on Wireless for Space and Extreme Environments (WiSEE)}, 
  title={{GDOP-based analysis of suitability of LEO constellations for future satellite-based positioning}}, 
  year={2020},
  volume={},
  number={},
  pages={147-152},
  doi={10.1109/WiSEE44079.2020.9262624}}

@INPROCEEDINGS{orbitprediction,
  author={Haidar-Ahmad, Jamil and Khairallah, Nadim and Kassas, Zaher M.},
  booktitle={Proceeding of 25th International Conference on Information Fusion}, 
  title={A Hybrid Analytical-Machine Learning Approach for {LEO} Satellite Orbit Prediction}, 
  year={2022},
  volume={},
  number={},
  pages={1-7},
  doi={10.23919/FUSION49751.2022.9841298}
}


@Article{rs15010133,
AUTHOR = {Wang, Kan and Liu, Jiawei and Su, Hang and El-Mowafy, Ahmed and Yang, Xuhai},
TITLE = {Real-Time LEO Satellite Orbits Based on Batch Least-Squares Orbit Determination with Short-Term Orbit Prediction},
JOURNAL = {Remote Sensing},
VOLUME = {15},
YEAR = {2023},
NUMBER = {1},
ARTICLE-NUMBER = {133},
URL = {https://www.mdpi.com/2072-4292/15/1/133},
ISSN = {2072-4292},
DOI = {10.3390/rs15010133}
}


@inproceedings{neinavaie2022unveiling,
  title={Unveiling Beamforming Strategies of Starlink {LEO} Satellites},
  author={Neinavaie, Mohammad and Kassas, Zaher M},
  booktitle={Proceedings of the 35th International Technical Meeting of the Satellite Division of The Institute of Navigation},
  pages={2525--2531},
  year={2022}
}
@article{oneweb,
title = {Interactions of the space debris environment with mega constellations—Using the example of the OneWeb constellation},
journal = {Acta Astronautica},
volume = {131},
pages = {55-68},
year = {2017},
issn = {0094-5765},
doi = {https://doi.org/10.1016/j.actaastro.2016.11.021},
url = {https://www.sciencedirect.com/science/article/pii/S009457651630515X},
author = {Jonas Radtke and Christopher Kebschull and Enrico Stoll},
keywords = {OneWeb, Space Debris, Constellation},
}
@ARTICLE{10121544,
  author={Wu, Jiasheng and Gao, Yue and Wang, Lin and Zhang, Jingjing and Wu, Dapeng Oliver},
  journal={IEEE Network}, 
  title={How to Allocate Resources in Cloud Native Networks Towards 6G}, 
  year={2023},
  volume={},
  number={},
  pages={1-7},
  doi={10.1109/MNET002.2300017}}

@article{lin2023fedsn,
  title={FedSN: A General Federated Learning Framework over LEO Satellite Networks},
  author={Lin, Zheng and Chen, Zhe and Fang, Zihan and Chen, Xianhao and Wang, Xiong and Gao, Yue},
  journal={arXiv preprint arXiv:2311.01483},
  year={2023}
}

@ARTICLE{10261425,
  author={Liu, Yu and Wang, Luhan and Lu, Zhaoming and Du, Keliang and Shou, Guochu},
  journal={IEEE Transactions on Network and Service Management}, 
  title={A Stateless Design of Satellite–Terrestrial Integrated Core Network and Its Deployment Strategy}, 
  year={2024},
  volume={21},
  number={1},
  pages={953-966},
  doi={10.1109/TNSM.2023.3318569}}
