@misc{chiang2024llamplargelanguagemodel,
      title={LLaMP: Large Language Model Made Powerful for High-fidelity Materials Knowledge Retrieval and Distillation}, 
      author={Yuan Chiang and Elvis Hsieh and Chia-Hong Chou and Janosh Riebesell},
      year={2024},
      eprint={2401.17244},
      archivePrefix={arXiv},
      primaryClass={cs.CL},
      url={https://arxiv.org/abs/2401.17244}, 
}

@article{kononova2019text,
  title={Text-mined dataset of inorganic materials synthesis recipes},
  author={Kononova, Olga and Huo, Haoyan and He, Tanjin and Rong, Ziqin and Botari, Tiago and Sun, Wenhao and Tshitoyan, Vahe and Ceder, Gerbrand},
  journal={Scientific data},
  volume={6},
  number={1},
  pages={203},
  year={2019},
  publisher={Nature Publishing Group UK London}
}

@misc{kumbhar2025hypothesisgenerationmaterialsdiscovery,
      title={Hypothesis Generation for Materials Discovery and Design Using Goal-Driven and Constraint-Guided LLM Agents}, 
      author={Shrinidhi Kumbhar and Venkatesh Mishra and Kevin Coutinho and Divij Handa and Ashif Iquebal and Chitta Baral},
      year={2025},
      eprint={2501.13299},
      archivePrefix={arXiv},
      primaryClass={cs.CL},
      url={https://arxiv.org/abs/2501.13299}, 
}

@inproceedings{mishra2024llamat,
  title={LLaMat: Large Language Models for Materials Science},
  author={Mishra, Vaibhav and Singh, Somaditya and Zaki, Mohd and Grover, Hargun Singh and Miret, Santiago and Krishnan, NM Anoop and others},
  booktitle={AI for Accelerated Materials Design-Vienna 2024}
}

@article{wang2022dataset,
  title={Dataset of solution-based inorganic materials synthesis procedures extracted from the scientific literature},
  author={Wang, Zheren and Kononova, Olga and Cruse, Kevin and He, Tanjin and Huo, Haoyan and Fei, Yuxing and Zeng, Yan and Sun, Yingzhi and Cai, Zijian and Sun, Wenhao and others},
  journal={Scientific data},
  volume={9},
  number={1},
  pages={231},
  year={2022},
  publisher={Nature Publishing Group UK London}
}

