@inproceedings{BOV_13_Streaming_triangle_counting_hardness,
author = {Braverman, Vladimir and Ostrovsky, Rafail and Vilenchik, Dan},
title = {How hard is counting triangles in the streaming model?},
booktitle =	{40th International Colloquium on Automata, Languages, and Programming (ICALP 2013)},
year = {2013},
isbn = {9783642392054},
publisher = {Springer-Verlag},
address = {Berlin, Heidelberg},
url = {https://doi.org/10.1007/978-3-642-39206-1_21},
doi = {10.1007/978-3-642-39206-1_21},
pages = {244–254},
numpages = {11},
location = {Riga, Latvia},
series = {ICALP'13}
}

@inproceedings{DBLP:conf/approx/AssadiN22,
  author       = {Sepehr Assadi and
                  Hoai{-}An Nguyen},
  editor       = {Amit Chakrabarti and
                  Chaitanya Swamy},
  title        = {Asymptotically Optimal Bounds for Estimating H-Index in Sublinear
                  Time with Applications to Subgraph Counting},
  booktitle    = {Approximation, Randomization, and Combinatorial Optimization. Algorithms
                  and Techniques, {APPROX/RANDOM} 2022, September 19-21, 2022, University
                  of Illinois, Urbana-Champaign, {USA} (Virtual Conference)},
  address      = {Illinois, Urbana-Champaign, {USA} (Virtual Conference)}, 
  series       = {LIPIcs},
  volume       = {245},
  pages        = {48:1--48:20},
  publisher    = {Schloss Dagstuhl - Leibniz-Zentrum f{\"{u}}r Informatik},
  year         = {2022},
  url          = {https://doi.org/10.4230/LIPIcs.APPROX/RANDOM.2022.48},
  doi          = {10.4230/LIPICS.APPROX/RANDOM.2022.48},
  timestamp    = {Wed, 21 Aug 2024 22:46:00 +0200},
  biburl       = {https://dblp.org/rec/conf/approx/AssadiN22.bib},
  bibsource    = {dblp computer science bibliography, https://dblp.org}
}

@InProceedings{DBLP:conf/approx/EdenR18,
  author =	{Eden, Talya and Rosenbaum, Will},
  title =	{{Lower Bounds for Approximating Graph Parameters via Communication Complexity}},
  booktitle =	{Approximation, Randomization, and Combinatorial Optimization. Algorithms and Techniques (APPROX/RANDOM 2018)},
  pages =	{11:1--11:18},
  series =	{Leibniz International Proceedings in Informatics (LIPIcs)},
  ISBN =	{978-3-95977-085-9},
  ISSN =	{1868-8969},
  year =	{2018},
  volume =	{116},
  editor =	{Blais, Eric and Jansen, Klaus and D. P. Rolim, Jos\'{e} and Steurer, David},
  publisher =	{Schloss Dagstuhl -- Leibniz-Zentrum f{\"u}r Informatik},
  address =	{Dagstuhl, Germany},
  URL =		{https://drops.dagstuhl.de/entities/document/10.4230/LIPIcs.APPROX-RANDOM.2018.11},
  URN =		{urn:nbn:de:0030-drops-94156},
  doi =		{10.4230/LIPIcs.APPROX-RANDOM.2018.11},
  annote =	{Keywords: sublinear graph parameter estimation, lower bounds, communication complexity}
}

@inproceedings{DBLP:conf/focs/WilliamsX20,
  author       = {Virginia {Vassilevska Williams} and
                  Yinzhan Xu},
  editor       = {Sandy Irani},
  title        = {Monochromatic Triangles, Triangle Listing and {APSP}},
  booktitle    = {61st {IEEE} Annual Symposium on Foundations of Computer Science, {FOCS}
                  2020, Durham, NC, USA, November 16-19, 2020},
  pages        = {786--797},
  publisher    = {{IEEE}},
  year         = {2020},
  url          = {https://doi.org/10.1109/FOCS46700.2020.00078},
    address = {Durham,NC,USA},
  doi          = {10.1109/FOCS46700.2020.00078},
  timestamp    = {Wed, 15 Dec 2021 10:49:16 +0100},
  biburl       = {https://dblp.org/rec/conf/focs/WilliamsX20.bib},
  bibsource    = {dblp computer science bibliography, https://dblp.org}
}

@inproceedings{DBLP:conf/pods/McGregorVV16,
author = {McGregor, Andrew and Vorotnikova, Sofya and Vu, Hoa T.},
title = {Better Algorithms for Counting Triangles in Data Streams},
year = {2016},
isbn = {9781450341912},
publisher = {Association for Computing Machinery},
address = {New York, NY, USA},
url = {https://doi.org/10.1145/2902251.2902283},
doi = {10.1145/2902251.2902283},
booktitle = {Proceedings of the 35th ACM SIGMOD-SIGACT-SIGAI Symposium on Principles of Database Systems},
pages = {401–411},
numpages = {11},
keywords = {clustering coefficients, data streams, triangles},
location = {San Francisco, California, USA},
series = {PODS '16}
}

@inproceedings{DBLP:conf/soda/EdenRS20,
author = {Eden, Talya and Ron, Dana and Seshadhri, C.},
title = {Faster sublinear approximation of the number of k-cliques in low-arboricity graphs},
year = {2020},
publisher = {Society for Industrial and Applied Mathematics},
address = {USA},
booktitle = {Proceedings of the Thirty-First Annual ACM-SIAM Symposium on Discrete Algorithms},
pages = {1467–1478},
numpages = {12},
location = {Salt Lake City, Utah},
series = {SODA '20}
}

@inproceedings{DBLP:conf/soda/KopelowitzPP16,
author = {Kopelowitz, Tsvi and Pettie, Seth and Porat, Ely},
title = {Higher lower bounds from the 3SUM conjecture},
year = {2016},
isbn = {9781611974331},
publisher = {Society for Industrial and Applied Mathematics},
address = {USA},
booktitle = {Proceedings of the Twenty-Seventh Annual ACM-SIAM Symposium on Discrete Algorithms},
pages = {1272–1287},
numpages = {16},
location = {Arlington, Virginia},
series = {SODA '16}
}

@inproceedings{DBLP:conf/stacs/BeraC17,
  author       = {Suman K. Bera and
                  Amit Chakrabarti},
  editor       = {Heribert Vollmer and
                  Brigitte Vall{\'{e}}e},
  title        = {Towards Tighter Space Bounds for Counting Triangles and Other Substructures
                  in Graph Streams},
  booktitle    = {34th Symposium on Theoretical Aspects of Computer Science, {STACS}
                  2017, March 8-11, 2017, Hannover, Germany},
    address= {Hannover, Germany},
  series       = {LIPIcs},
  volume       = {66},
  pages        = {11:1--11:14},
  publisher    = {Schloss Dagstuhl - Leibniz-Zentrum f{\"{u}}r Informatik},
  year         = {2017},
  url          = {https://doi.org/10.4230/LIPIcs.STACS.2017.11},
  doi          = {10.4230/LIPICS.STACS.2017.11},
  timestamp    = {Thu, 07 Jul 2022 09:21:43 +0200},
  biburl       = {https://dblp.org/rec/conf/stacs/BeraC17.bib},
  bibsource    = {dblp computer science bibliography, https://dblp.org}
}

@article{DBLP:journals/ipl/PaghT12,
  author       = {Rasmus Pagh and
                  Charalampos E. Tsourakakis},
  title        = {Colorful triangle counting and a MapReduce implementation},
  journal      = {Inf. Process. Lett.},
  volume       = {112},
  number       = {7},
  pages        = {277--281},
  year         = {2012},
  url          = {https://doi.org/10.1016/j.ipl.2011.12.007},
  doi          = {10.1016/J.IPL.2011.12.007},
  timestamp    = {Mon, 01 May 2023 13:02:12 +0200},
  biburl       = {https://dblp.org/rec/journals/ipl/PaghT12.bib},
  bibsource    = {dblp computer science bibliography, https://dblp.org}
}

@article{DBLP:journals/pvldb/PavanTTW13,
  author       = {A. Pavan and
                  Kanat Tangwongsan and
                  Srikanta Tirthapura and
                  Kun{-}Lung Wu},
  title        = {Counting and Sampling Triangles from a Graph Stream},
  journal      = {Proc. {VLDB} Endow.},
  volume       = {6},
  number       = {14},
  pages        = {1870--1881},
  year         = {2013},
  url          = {http://www.vldb.org/pvldb/vol6/p1870-aduri.pdf},
  doi          = {10.14778/2556549.2556569},
  timestamp    = {Mon, 05 Feb 2024 20:21:57 +0100},
  biburl       = {https://dblp.org/rec/journals/pvldb/PavanTTW13.bib},
  bibsource    = {dblp computer science bibliography, https://dblp.org}
}

@article{DBLP:journals/siamcomp/ChibaN85,
  author       = {Norishige Chiba and
                  Takao Nishizeki},
  title        = {Arboricity and Subgraph Listing Algorithms},
  journal      = {{SIAM} J. Comput.},
  volume       = {14},
  number       = {1},
  pages        = {210--223},
  year         = {1985},
  url          = {https://doi.org/10.1137/0214017},
  doi          = {10.1137/0214017},
  timestamp    = {Wed, 14 Nov 2018 10:45:07 +0100},
  biburl       = {https://dblp.org/rec/journals/siamcomp/ChibaN85.bib},
  bibsource    = {dblp computer science bibliography, https://dblp.org}
}

@article{Dana_Ron_Triangle_Counting,
author = {Eden, Talya and Levi, Amit and Ron, Dana and Seshadhri, C.},
title = {Approximately Counting Triangles in Sublinear Time},
journal = {SIAM Journal on Computing},
volume = {46},
number = {5},
pages = {1603-1646},
year = {2017},
doi = {10.1137/15M1054389},
URL = {https://doi.org/10.1137/15M1054389},
eprint = {https://doi.org/10.1137/15M1054389}
}

@article{GRS11,
author = {Gonen, Mira and Ron, Dana and Shavitt, Yuval},
title = {Counting Stars and Other Small Subgraphs in Sublinear-Time},
journal = {SIAM Journal on Discrete Mathematics},
volume = {25},
number = {3},
pages = {1365-1411},
year = {2011},
doi = {10.1137/100783066},
URL = {https://doi.org/10.1137/100783066},
eprint = {https://doi.org/10.1137/100783066}
}

@inproceedings{KallaugherP17,
author = {Kallaugher, John and Price, Eric},
title = {A hybrid sampling scheme for triangle counting},
year = {2017},
publisher = {Society for Industrial and Applied Mathematics},
address = {USA},
booktitle = {Proceedings of the Twenty-Eighth Annual ACM-SIAM Symposium on Discrete Algorithms},
pages = {1778–1797},
numpages = {20},
location = {Barcelona, Spain},
series = {SODA '17}
}

@inproceedings{assadi2018simple,
    author =	{Assadi, Sepehr and Kapralov, Michael and Khanna, Sanjeev},
  title =	{{A Simple Sublinear-Time Algorithm for Counting Arbitrary Subgraphs via Edge Sampling}},
  booktitle =	{10th Innovations in Theoretical Computer Science Conference (ITCS 2019)},
  pages =	{6:1--6:20},
  series =	{Leibniz International Proceedings in Informatics (LIPIcs)},
  ISBN =	{978-3-95977-095-8},
  ISSN =	{1868-8969},
  year =	{2019},
  volume =	{124},
  editor =	{Blum, Avrim},
  publisher =	{Schloss Dagstuhl -- Leibniz-Zentrum f{\"u}r Informatik},
  address =	{Dagstuhl, Germany},
  URL =		{https://drops.dagstuhl.de/entities/document/10.4230/LIPIcs.ITCS.2019.6},
  URN =		{urn:nbn:de:0030-drops-100996},
  doi =		{10.4230/LIPIcs.ITCS.2019.6},
  annote =	{Keywords: Sublinear-time algorithms, Subgraph counting, AGM bound}
}

@InProceedings{tetek:LIPIcs.ICALP.2022.107,
  author =	{T\v{e}tek, Jakub},
  title =	{{Approximate Triangle Counting via Sampling and Fast Matrix Multiplication}},
  booktitle =	{49th International Colloquium on Automata, Languages, and Programming (ICALP 2022)},
  pages =	{107:1--107:20},
  series =	{Leibniz International Proceedings in Informatics (LIPIcs)},
  ISBN =	{978-3-95977-235-8},
  ISSN =	{1868-8969},
  year =	{2022},
  volume =	{229},
  editor =	{Boja\'{n}czyk, Miko{\l}aj and Merelli, Emanuela and Woodruff, David P.},
  publisher =	{Schloss Dagstuhl -- Leibniz-Zentrum f{\"u}r Informatik},
  address =	{Dagstuhl, Germany},
  URL =		{https://drops.dagstuhl.de/entities/document/10.4230/LIPIcs.ICALP.2022.107},
  URN =		{urn:nbn:de:0030-drops-164485},
  doi =		{10.4230/LIPIcs.ICALP.2022.107},
  annote =	{Keywords: Approximate triangle counting, Fast matrix multiplication, Sampling}
}

