@ARTICLE{9314087,
  author={Zhao, Zhongying and Zhou, Hui and others},
  journal={IEEE Transactions on Net. Sci. and Eng.}, 
  title={Inductive Representation Learning via CNN for Partially-Unseen Attributed Networks}, 
  year={2021},
  volume={8},
  number={1},
  pages={695-706},
}

@ARTICLE{9531337,
  author={Li, Dongyuan and Ma, Xiaoke and Gong, Maoguo},
  journal={IEEE Transactions on Cybernetics}, 
  title={Joint Learning of Feature Extraction and Clustering for Large-Scale Temporal Networks}, 
  year={2023},
  volume={53},
  number={3},
  pages={1653-1666},
}

@inproceedings{DBLP:conf/KDD/CrossCityTransfer22,
  author    = {Bin Lu and
               Xiaoying Gan and
               Weinan Zhang and
               Huaxiu Yao and
               Luoyi Fu and
               Xinbing Wang},
  title     = {Spatio-Temporal Graph Few-Shot Learning with Cross-City Knowledge Transfer},
  booktitle = {Proc. of SIGKDD},
  year      = {2022},
pages={1162--1172}
}

@inproceedings{DBLP:conf/aaai/LiYZC0ZTWM23,
  author       = {Jintang Li and
                  Zhouxin Yu and
                  others},
  title        = {Scaling Up Dynamic Graph Representation Learning via Spiking Neural Networks},
  booktitle    = {Proc. of AAAI},
  pages        = {8588--8596},
  year         = {2023},
  timestamp    = {Mon, 04 Sep 2023 16:50:26 +0200},
  biburl       = {https://dblp.org/rec/conf/aaai/LiYZC0ZTWM23.bib},
  bibsource    = {dblp computer science bibliography, https://dblp.org}
}

@inproceedings{DBLP:conf/aaai/YaoJ21,
  author    = {Yuhang Yao and
               Carlee Joe{-}Wong},
  title     = {Interpretable Clustering on Dynamic Graphs with Recurrent Graph Neural
               Networks},
  booktitle = {Proc. of AAAI},
  pages     = {4608--4616},
  year      = {2021},
}

@inproceedings{DBLP:conf/ijcai/DongZSLC18,
  author       = {Xiao Dong and
                  Lei Zhu and
                  Xuemeng Song and
                  Jingjing Li and
                  Zhiyong Cheng},
  title        = {Adaptive Collaborative Similarity Learning for Unsupervised Multi-view
                  Feature Selection},
  booktitle    = {Proc. of IJCAI},
  pages        = {2064--2070},
  year         = {2018},
}

@inproceedings{DBLP:conf/kdd/YouDL22,
author    = {Jiaxuan You and
           Tianyu Du and
           Jure Leskovec},
title     = {{ROLAND:} Graph Learning Framework for Dynamic Graphs},
booktitle = {Proc. of SIGKDD},
pages     = {2358--2366},
year      = {2022},
}

@inproceedings{DBLP:conf/kdd/ZhangCFXZSC23,
  author       = {Kaike Zhang and
                  Qi Cao and
                  others},
  title        = {DyTed: Disentangled Representation Learning for Discrete-time Dynamic
                  Graph},
  booktitle    = {Proc. of SIGKDD},
  pages        = {3309--3320},
  year         = {2023},
  timestamp    = {Mon, 25 Sep 2023 08:29:22 +0200},
  biburl       = {https://dblp.org/rec/conf/kdd/ZhangCFXZSC23.bib},
  bibsource    = {dblp computer science bibliography, https://dblp.org}
}

@article{DBLP:journals/air/AbboodAHEP23,
  author       = {Amenah D. Abbood and
                  Bara'a Ali Attea and
                  others},
  title        = {Community detection model for dynamic networks based on hidden Markov model and evolutionary algorithm},
  journal      = {Artif. Intell. Rev.},
  volume       = {56},
  number       = {9},
  pages        = {9665--9697},
  year         = {2023},
  timestamp    = {Sat, 05 Aug 2023 00:02:22 +0200},
  biburl       = {https://dblp.org/rec/journals/air/AbboodAHEP23.bib},
  bibsource    = {dblp computer science bibliography, https://dblp.org}
}

@article{DBLP:journals/csur/RossettiC18,
  author       = {Giulio Rossetti and
                  R{\'{e}}my Cazabet},
  title        = {Community Discovery in Dynamic Networks: {A} Survey},
  journal      = {{ACM} Comput. Surv.},
  volume       = {51},
  number       = {2},
  pages        = {35:1--35:37},
  year         = {2018},
  timestamp    = {Thu, 23 Jun 2022 20:03:58 +0200},
  biburl       = {https://dblp.org/rec/journals/csur/RossettiC18.bib},
  bibsource    = {dblp computer science bibliography, https://dblp.org}
}

@article{DBLP:journals/isci/YinZLD21,
  author       = {Ying Yin and
                  Yuhai Zhao and
                  He Li and
                  Xiangjun Dong},
  title        = {Multi-objective evolutionary clustering for large-scale dynamic community
                  detection},
  journal      = {Inf. Sci.},
  volume       = {549},
  pages        = {269--287},
  year         = {2021},
  timestamp    = {Wed, 20 Jan 2021 15:40:21 +0100},
  biburl       = {https://dblp.org/rec/journals/isci/YinZLD21.bib},
  bibsource    = {dblp computer science bibliography, https://dblp.org}
}

@article{DBLP:journals/kbs/LiZDGM21,
  author    = {Dongyuan Li and
               Xiaoxiong Zhong and
               Zengfa Dou and
               Maoguo Gong and
               Xiaoke Ma},
  title     = {Detecting dynamic community by fusing network embedding and nonnegative
               matrix factorization},
  journal   = {Knowl. Based Syst.},
  volume    = {221},
  pages     = {106961},
  year      = {2021},
}

@article{DBLP:journals/kbs/SantoGMS21,
  author       = {Aniello De Santo and
                  Antonio Galli and
                  Vincenzo Moscato and
                  Giancarlo Sperl{\`{\i}}},
  title        = {A deep learning approach for semi-supervised community detection in
                  Online Social Networks},
  journal      = {Knowl. Based Syst.},
  volume       = {229},
  pages        = {107345},
  year         = {2021},
  timestamp    = {Tue, 05 Oct 2021 10:01:46 +0200},
  biburl       = {https://dblp.org/rec/journals/kbs/SantoGMS21.bib},
  bibsource    = {dblp computer science bibliography, https://dblp.org}
}

@article{DBLP:journals/kbs/ShenYTG22,
  author       = {Xin Shen and
                  Xiangjuan Yao and
                  Huijie Tu and
                  Dunwei Gong},
  title        = {Parallel multi-objective evolutionary optimization based dynamic community
                  detection in software ecosystem},
  journal      = {Knowl. Based Syst.},
  volume       = {252},
  pages        = {109404},
  year         = {2022},
  timestamp    = {Mon, 28 Aug 2023 21:31:53 +0200},
  biburl       = {https://dblp.org/rec/journals/kbs/ShenYTG22.bib},
  bibsource    = {dblp computer science bibliography, https://dblp.org}
}

@article{DBLP:journals/pami/ZhangNL23,
  author       = {Han Zhang and
                  Feiping Nie and
                  Xuelong Li},
  title        = {Large-Scale Clustering With Structured Optimal Bipartite Graph},
  journal      = {{IEEE} Trans. Pattern Anal. Mach. Intell.},
  volume       = {45},
  number       = {8},
  pages        = {9950--9963},
  year         = {2023},
  timestamp    = {Fri, 21 Jul 2023 22:26:15 +0200},
  biburl       = {https://dblp.org/rec/journals/pami/ZhangNL23.bib},
  bibsource    = {dblp computer science bibliography, https://dblp.org}
}

@article{DBLP:journals/tcyb/GaoZZWL23,
  author       = {Chao Gao and
                  Junyou Zhu and
                  Fan Zhang and
                  Zhen Wang and
                  Xuelong Li},
  title        = {A Novel Representation Learning for Dynamic Graphs Based on Graph Convolutional Networks},
  journal      = {{IEEE} Trans. Cybern.},
  volume       = {53},
  number       = {6},
  pages        = {3599--3612},
  year         = {2023},
  timestamp    = {Fri, 02 Jun 2023 21:23:43 +0200},
  biburl       = {https://dblp.org/rec/journals/tcyb/GaoZZWL23.bib},
  bibsource    = {dblp computer science bibliography, https://dblp.org}
}

@article{DBLP:journals/tkde/ZhuangCL21,
  author       = {Di Zhuang and
                  J. Morris Chang and
                  Mingchen Li},
  title        = {DynaMo: Dynamic Community Detection by Incrementally Maximizing Modularity},
  journal      = {{IEEE} Trans. Knowl. Data Eng.},
  volume       = {33},
  number       = {5},
  pages        = {1934--1945},
  year         = {2021},
  timestamp    = {Thu, 16 Sep 2021 17:58:49 +0200},
  biburl       = {https://dblp.org/rec/journals/tkde/ZhuangCL21.bib},
  bibsource    = {dblp computer science bibliography, https://dblp.org}
}

@article{DBLP:journals/tnn/CuiLWZLWA24,
  author       = {Zeyu Cui and
                  Zekun Li and
                  Shu Wu and
                  Xiaoyu Zhang and
                  Qiang Liu and
                  Liang Wang and
                  Mengmeng Ai},
  title        = {DyGCN: Efficient Dynamic Graph Embedding With Graph Convolutional
                  Network},
  journal      = {{IEEE} Trans. Neural Networks Learn. Syst.},
  volume       = {35},
  number       = {4},
  pages        = {4635--4646},
  year         = {2024},
  timestamp    = {Mon, 15 Apr 2024 08:26:06 +0200},
  biburl       = {https://dblp.org/rec/journals/tnn/CuiLWZLWA24.bib},
  bibsource    = {dblp computer science bibliography, https://dblp.org}
}

@article{DBLP:journals/tnn/SuXLWYZHPNJSY24,
  author       = {Xing Su and
                  Shan Xue and
                  Fanzhen Liu and
                  Jia Wu and
                  Jian Yang and
                  Chuan Zhou and
                  Wenbin Hu and
                  C{\'{e}}cile Paris and
                  Surya Nepal and
                  Di Jin and
                  Quan Z. Sheng and
                  Philip S. Yu},
  title        = {A Comprehensive Survey on Community Detection With Deep Learning},
  journal      = {{IEEE} Trans. Neural Networks Learn. Syst.},
  volume       = {35},
  number       = {4},
  pages        = {4682--4702},
  year         = {2024},
  timestamp    = {Mon, 15 Apr 2024 08:26:06 +0200},
  biburl       = {https://dblp.org/rec/journals/tnn/SuXLWYZHPNJSY24.bib},
  bibsource    = {dblp computer science bibliography, https://dblp.org}
}

@inproceedings{Hyenonsoo,
author = {Jo, Hyeonsoo and Bu, Fanchen and Shin, Kijung},
title = {Robust Graph Clustering via Meta Weighting for Noisy Graphs},
year = {2023},
booktitle = {Proc. of CIKM},
pages = {1035–1044},
numpages = {10},
}

@inproceedings{LiBolian,
author = {Li, Bolian and Jing, Baoyu and Tong, Hanghang},
title = {Graph Communal Contrastive Learning},
year = {2022},
isbn = {9781450390965},
booktitle = {Proc. of WWW},
pages = {1203–1213},
numpages = {11},
keywords = {community detection, graph contrastive learning, self-supervised learning},
}

@article{LiuF1801,
  author = "Fuchen Liu and David Choi and Lu Xie and Kathryn Roeder",
  title = "Global spectral clustering in dynamic networks",
  journal = "PNAS",
  volume = "115",
  number = "5",
  pages = "927--932",
  month = "",
  year = "2018"
}

@article{Ma17b,
  author = "Xiaoke.~Ma and Di.~Dong",
  title = "Evolutionary nonnegative matrix factorization algorithms for community detection in dynamic networks",
  journal = "IEEE Trans. Data. Eng.",
  volume = "29",
  number = "5",
  pages = "1045--1058",
  month = "",
  year = "2017"
}

@inproceedings{Namyong,
author = {Park, Namyong and Rossi, Ryan and Koh, Eunyee and Burhanuddin, Iftikhar Ahamath and Kim, Sungchul and Du, Fan and Ahmed, Nesreen and Faloutsos, Christos},
title = {CGC: Contrastive Graph Clustering for Community Detection and Tracking},
year = {2022},
isbn = {9781450390965},
booktitle = {Proc. of WWW},
pages = {1115–1126},
numpages = {12},
keywords = {community detection and tracking, contrastive learning, deep graph clustering, deep graph learning, temporal graph clustering},
}

@article{WangCLZNL23,
  author       = {Rong Wang and
                  Huimin Chen and
                  Yihang Lu and
                  Qianrong Zhang and
                  Feiping Nie and
                  Xuelong Li},
  title        = {Discrete and Balanced Spectral Clustering With Scalability},
  journal      = {{IEEE} Trans. Pattern Anal. Mach. Intell.},
  volume       = {45},
  number       = {12},
  pages        = {14321--14336},
  year         = {2023},
  timestamp    = {Tue, 28 Nov 2023 20:05:27 +0100},
  biburl       = {https://dblp.org/rec/journals/pami/WangCLZNL23.bib},
  bibsource    = {dblp computer science bibliography, https://dblp.org}
}

@article{WangWLGLZ22,
  author    = {Zhen Wang and
               Chunyu Wang and
               Xianghua Li and
               Chao Gao and
               Xuelong Li and
               Junyou Zhu},
  title     = {Evolutionary Markov Dynamics for Network Community Detection},
  journal   = {{IEEE} Trans. Knowl. Data Eng.},
  volume    = {34},
  number    = {3},
  pages     = {1206--1220},
  year      = {2022},
}

@inproceedings{ZhangQianru,
author = {Zhang, Qianru and Huang, Chao and Xia, Lianghao and Wang, Zheng and Li, Zhonghang and Yiu, Siuming},
title = {Automated Spatio-Temporal Graph Contrastive Learning},
year = {2023},
isbn = {9781450394161},
booktitle = {Proc. of WWW},
pages = {295–305},
numpages = {11},
keywords = {Contrastive learning, Graph neural networks, Self-supervised learning, Spatio-temporal data mining, Urban computing},
}

@inproceedings{beer2023connecting,
  title={Connecting the Dots--Density-Connectivity Distance unifies DBSCAN, k-Center and Spectral Clustering},
  author={Beer, Anna and Draganov, Andrew and Hohma, Ellen and Jahn, Philipp and Frey, Christian MM and Assent, Ira},
  booktitle={Proc. of SIGKDD},
  pages={80--92},
  year={2023}
}

@inproceedings{cen2023cogdl,
    title={CogDL: A Comprehensive Library for Graph Deep Learning},
    author={Yukuo Cen and Zhenyu Hou and others},
    booktitle={Proc. of WWW},
pages={747-758},
    year={2023}
}

@inproceedings{chen2022efficient,
  title={Efficient orthogonal multi-view subspace clustering},
  author={Chen, Man-Sheng and Wang, Chang-Dong and Huang, Dong and Lai, Jian-Huang and Yu, Philip S},
  booktitle={Proc. of SIGKDD},
  pages={127--135},
  year={2022}
}

@inproceedings{guo2022subset,
  title={Subset node anomaly tracking over large dynamic graphs},
  author={Guo, Xingzhi and Zhou, Baojian and Skiena, Steven},
  booktitle={Proc. of SIGKDD},
  pages={475--485},
  year={2022}
}

@inproceedings{tan2024community,
  title={Community-Invariant Graph Contrastive Learning},
  author={Tan, Shiyin and Li, Dongyuan and Jiang, Renhe and Zhang, Ying and Okumura, Manabu},
  journal={Proc. of ICML},
  year={2024},
pages={1-25},
}

@inproceedings{yang2024effective,
  title={Effective Clustering on Large Attributed Bipartite Graphs},
  author={Yang, Renchi and Wu, Yidu and Lin, Xiaoyang and Wang, Qichen and Chan, Tsz Nam and Shi, Jieming},
  booktitle={Proc. of SIGKDD},
  pages={3782--3793},
  year={2024}
}

@inproceedings{zhao2023spatial,
  title={Spatial clustering regression of count value data via bayesian mixture of finite mixtures},
  author={Zhao, Peng and Yang, Hou-Cheng and Dey, Dipak K and Hu, Guanyu},
  booktitle={Proc. of SIGKDD},
  pages={3504--3512},
  year={2023}
}

@inproceedings{zheng2022instant,
  title={Instant graph neural networks for dynamic graphs},
  author={Zheng, Yanping and Wang, Hanzhi and Wei, Zhewei and Liu, Jiajun and Wang, Sibo},
  booktitle={Proc. of SIGKDD},
  pages={2605--2615},
  year={2022}
}

@inproceedings{zhu2023wingnn,
  title={Wingnn: Dynamic graph neural networks with random gradient aggregation window},
  author={Zhu, Yifan and Cong, Fangpeng and Zhang, Dan and Gong, Wenwen and Lin, Qika and Feng, Wenzheng and Dong, Yuxiao and Tang, Jie},
  booktitle={Proc. of SIGKDD},
  pages={3650--3662},
  year={2023}
}

