@article{chen2024automated,
  title={{Automated Data Curation for Robust Language Model Fine-Tuning}},
  author={Chen, Jiuhai and Mueller, Jonas},
  journal={arXiv preprint arXiv:2403.12776},
  url={https://arxiv.org/abs/2403.12776},
  year={2024}
}

@article{hu2024themis,
  title={{Themis: Towards Flexible and Interpretable NLG Evaluation}},
  author={Hu, Xinyu and Lin, Li and Gao, Mingqi and Yin, Xunjian and Wan, Xiaojun},
  journal={arXiv preprint arXiv:2406.18365},
  url={https://arxiv.org/abs/2406.18365},
  year={2024}
}

@article{jiang2023tigerscore,
  title={{TIGERScore: Towards Building Explainable Metric for All Text Generation Tasks}},
  author={Jiang, Dongfu and Li, Yishan and Zhang, Ge and Huang, Wenhao and Lin, Bill Yuchen and Chen, Wenhu},
  journal={arXiv preprint arXiv:2310.00752},
  year={2023},
  url={https://arxiv.org/abs/2310.00752}
}

@inproceedings{li2024superfiltering,
    title = {{Superfiltering: Weak-to-Strong Data Filtering for Fast Instruction-Tuning}},
    author = "Li, Ming  and
      Zhang, Yong  and
      He, Shwai  and
      Li, Zhitao  and
      Zhao, Hongyu  and
      Wang, Jianzong  and
      Cheng, Ning  and
      Zhou, Tianyi",
    editor = "Ku, Lun-Wei  and
      Martins, Andre  and
      Srikumar, Vivek",
    booktitle = "Proceedings of the 62nd Annual Meeting of the Association for Computational Linguistics (Volume 1: Long Papers)",
    month = aug,
    year = "2024",
    address = "Bangkok, Thailand",
    publisher = "Association for Computational Linguistics",
    url = "https://aclanthology.org/2024.acl-long.769",
    pages = "14255--14273",
}

@inproceedings{marasovic2022few,
    title = {{Few-Shot Self-Rationalization with Natural Language Prompts}},
    author = "Marasovic, Ana  and
      Beltagy, Iz  and
      Downey, Doug  and
      Peters, Matthew",
    editor = "Carpuat, Marine  and
      de Marneffe, Marie-Catherine  and
      Meza Ruiz, Ivan Vladimir",
    booktitle = "Findings of the Association for Computational Linguistics: NAACL 2022",
    month = jul,
    year = "2022",
    address = "Seattle, United States",
    publisher = "Association for Computational Linguistics",
    url = "https://aclanthology.org/2022.findings-naacl.31",
    doi = "10.18653/v1/2022.findings-naacl.31",
    pages = "410--424"
}

@inproceedings{mccoy2019right,
    title = {{Right for the Wrong Reasons: Diagnosing Syntactic Heuristics in Natural Language Inference}},
    author = "McCoy, Tom  and
      Pavlick, Ellie  and
      Linzen, Tal",
    editor = "Korhonen, Anna  and
      Traum, David  and
      M{\`a}rquez, Llu{\'\i}s",
    booktitle = "Proceedings of the 57th Annual Meeting of the Association for Computational Linguistics",
    month = jul,
    year = "2019",
    address = "Florence, Italy",
    publisher = "Association for Computational Linguistics",
    url = "https://aclanthology.org/P19-1334",
    doi = "10.18653/v1/P19-1334",
    pages = "3428--3448"
}

@inproceedings{ramnath2024tailoring,
  title={{Tailoring Self-Rationalizers with Multi-Reward Distillation}},
  author={Ramnath, Sahana and Joshi, Brihi and Hallinan, Skyler and Lu, Ximing and Li, Liunian Harold and Chan, Aaron and Hessel, Jack and Choi, Yejin and Ren, Xiang},
  booktitle={International Conference on Learning Representations (ICLR},
  url={https://openreview.net/forum?id=t8eO0CiZJV},
  year={2024}
}

@inproceedings{ross2022self,
    title = "Does Self-Rationalization Improve Robustness to Spurious Correlations?",
    author = "Ross, Alexis  and
      Peters, Matthew  and
      Marasovic, Ana",
    editor = "Goldberg, Yoav  and
      Kozareva, Zornitsa  and
      Zhang, Yue",
    booktitle = "Proceedings of the 2022 Conference on Empirical Methods in Natural Language Processing",
    month = dec,
    year = "2022",
    address = "Abu Dhabi, United Arab Emirates",
    publisher = "Association for Computational Linguistics",
    url = "https://aclanthology.org/2022.emnlp-main.501",
    doi = "10.18653/v1/2022.emnlp-main.501",
    pages = "7403--7416",
}

@inproceedings{sulem2018bleu,
    title = "{BLEU} is Not Suitable for the Evaluation of Text Simplification",
    author = "Sulem, Elior  and
      Abend, Omri  and
      Rappoport, Ari",
    editor = "Riloff, Ellen  and
      Chiang, David  and
      Hockenmaier, Julia  and
      Tsujii, Jun{'}ichi",
    booktitle = "Proceedings of the 2018 Conference on Empirical Methods in Natural Language Processing",
    year = "2018",
    address = "Brussels, Belgium",
    publisher = "Association for Computational Linguistics",
    url = "https://aclanthology.org/D18-1081",
    doi = "10.18653/v1/D18-1081",
    pages = "738--744",
}

@inproceedings{veerubhotla2023shot,
    title = "Few Shot Rationale Generation using Self-Training with Dual Teachers",
    author = {Veerubhotla, Aditya Srikanth  and
      Poddar, Lahari  and
      Yin, Jun  and
      Szarvas, Gy{\"o}rgy  and
      Eswaran, Sharanya},
    editor = "Rogers, Anna  and
      Boyd-Graber, Jordan  and
      Okazaki, Naoaki",
    booktitle = "Findings of the Association for Computational Linguistics: ACL 2023",
    month = jul,
    year = "2023",
    address = "Toronto, Canada",
    publisher = "Association for Computational Linguistics",
    url = "https://aclanthology.org/2023.findings-acl.297",
    doi = "10.18653/v1/2023.findings-acl.297",
    pages = "4825--4838",
}

@inproceedings{wiegreffe2021measuring,
    title = {{Measuring Association Between Labels and Free-Text Rationales}},
    author = "Wiegreffe, Sarah  and
      Marasovi{\'c}, Ana  and
      Smith, Noah A.",
    editor = "Moens, Marie-Francine  and
      Huang, Xuanjing  and
      Specia, Lucia  and
      Yih, Scott Wen-tau",
    booktitle = "Proceedings of the 2021 Conference on Empirical Methods in Natural Language Processing",
    month = nov,
    year = "2021",
    address = "Online and Punta Cana, Dominican Republic",
    publisher = "Association for Computational Linguistics",
    url = "https://aclanthology.org/2021.emnlp-main.804",
    doi = "10.18653/v1/2021.emnlp-main.804",
    pages = "10266--10284"
}

@inproceedings{xia2024less,
   title={{LESS}: Selecting Influential Data for Targeted Instruction Tuning},
   author={Xia, Mengzhou and Malladi, Sadhika and Gururangan, Suchin and Arora, Sanjeev and Chen, Danqi},
   booktitle={International Conference on Machine Learning (ICML)},
   url={https://openreview.net/forum?id=PG5fV50maR},
   year={2024}
}

@inproceedings{yordano2022few,
    title = {{Few-Shot Out-of-Domain Transfer Learning of Natural Language Explanations in a Label-Abundant Setup}},
    author = "Yordanov, Yordan  and
      Kocijan, Vid  and
      Lukasiewicz, Thomas  and
      Camburu, Oana-Maria",
    booktitle = "Findings of the Association for Computational Linguistics: EMNLP 2022",
    year = "2022",
    url = "https://aclanthology.org/2022.findings-emnlp.255",
    doi = "10.18653/v1/2022.findings-emnlp.255",
    pages = "3486--3501"
}

@inproceedings{zhou2021investigating,
    title = {{Investigating the Effect of Natural Language Explanations on Out-of-Distribution Generalization in Few-shot NLI}},
    author = "Zhou, Yangqiaoyu  and
      Tan, Chenhao",
    editor = "Sedoc, Jo{\~a}o  and
      Rogers, Anna  and
      Rumshisky, Anna  and
      Tafreshi, Shabnam",
    booktitle = "Proceedings of the Second Workshop on Insights from Negative Results in NLP",
    month = nov,
    year = "2021",
    address = "Online and Punta Cana, Dominican Republic",
    publisher = "Association for Computational Linguistics",
    url = "https://aclanthology.org/2021.insights-1.17",
    doi = "10.18653/v1/2021.insights-1.17",
    pages = "117--124"
}

