
@inproceedings{marasovic2022few,
    title = {{Few-Shot Self-Rationalization with Natural Language Prompts}},
    author = "Marasovic, Ana  and
      Beltagy, Iz  and
      Downey, Doug  and
      Peters, Matthew",
    editor = "Carpuat, Marine  and
      de Marneffe, Marie-Catherine  and
      Meza Ruiz, Ivan Vladimir",
    booktitle = "Findings of the Association for Computational Linguistics: NAACL 2022",
    month = jul,
    year = "2022",
    address = "Seattle, United States",
    publisher = "Association for Computational Linguistics",
    url = "https://aclanthology.org/2022.findings-naacl.31",
    doi = "10.18653/v1/2022.findings-naacl.31",
    pages = "410--424"
}

@inproceedings{wiegreffe2022reframing,
    title = {{Reframing Human-{AI} Collaboration for Generating Free-Text Explanations}},
    author = "Wiegreffe, Sarah  and
      Hessel, Jack  and
      Swayamdipta, Swabha  and
      Riedl, Mark  and
      Choi, Yejin",
    editor = "Carpuat, Marine  and
      de Marneffe, Marie-Catherine  and
      Meza Ruiz, Ivan Vladimir",
    booktitle = "Proceedings of the 2022 Conference of the North American Chapter of the Association for Computational Linguistics: Human Language Technologies",
    month = jul,
    year = "2022",
    address = "Seattle, United States",
    publisher = "Association for Computational Linguistics",
    url = "https://aclanthology.org/2022.naacl-main.47",
    doi = "10.18653/v1/2022.naacl-main.47",
    pages = "632--658"
}

@inproceedings{su2022selective,
  title={{Selective Annotation Makes Language Models Better Few-Shot Learners}},
  author={Su, Hongjin and Kasai, Jungo and Wu, Chen Henry and Shi, Weijia and Wang, Tianlu and Xin, Jiayi and Zhang, Rui and Ostendorf, Mari and Zettlemoyer, Luke and Smith, Noah A and others},
  booktitle={The Eleventh International Conference on Learning Representations},
  url={https://openreview.net/pdf?id=qY1hlv7gwg},
  year={2022}
}

@inproceedings{xia2024less,
   title={{LESS}: Selecting Influential Data for Targeted Instruction Tuning},
   author={Xia, Mengzhou and Malladi, Sadhika and Gururangan, Suchin and Arora, Sanjeev and Chen, Danqi},
   booktitle={International Conference on Machine Learning (ICML)},
   url={https://openreview.net/forum?id=PG5fV50maR},
   year={2024}
}

@article{yang2024smalltolarge,
  title={SmallToLarge (S2L): Scalable Data Selection for Fine-tuning Large Language Models by Summarizing Training Trajectories of Small Models},
  author={Yang, Yu and Mishra, Siddhartha and Chiang, Jeffrey N and Mirzasoleiman, Baharan},
  journal={arXiv preprint arXiv:2403.07384},
  year={2024}
}

@inproceedings{lin2004rouge,
    title = "{ROUGE}: A Package for Automatic Evaluation of Summaries",
    author = "Lin, Chin-Yew",
    booktitle = "Text Summarization Branches Out",
    month = jul,
    year = "2004",
    address = "Barcelona, Spain",
    publisher = "Association for Computational Linguistics",
    url = "https://aclanthology.org/W04-1013",
    pages = "74--81",
}

@inproceedings{papineni2002bleu,
    title = "{B}leu: a Method for Automatic Evaluation of Machine Translation",
    author = "Papineni, Kishore  and
      Roukos, Salim  and
      Ward, Todd  and
      Zhu, Wei-Jing",
    editor = "Isabelle, Pierre  and
      Charniak, Eugene  and
      Lin, Dekang",
    booktitle = "Proceedings of the 40th Annual Meeting of the Association for Computational Linguistics",
    month = jul,
    year = "2002",
    address = "Philadelphia, Pennsylvania, USA",
    publisher = "Association for Computational Linguistics",
    url = "https://aclanthology.org/P02-1040",
    doi = "10.3115/1073083.1073135",
    pages = "311--318",
}

@inproceedings{zhang2019bertscore,
  title={{BERTScore}: {E}valuating {T}ext {G}eneration with {BERT}},
  author={Zhang, Tianyi and Kishore, Varsha and Wu, Felix and Weinberger, Kilian Q and Artzi, Yoav},
  booktitle={International Conference on Learning Representations},
  year={2019},
  url={https://openreview.net/pdf?id=SkeHuCVFDr}
}

@inproceedings{pei2022potato,
    title = "{POTATO}: The Portable Text Annotation Tool",
    author = "Pei, Jiaxin  and
      Ananthasubramaniam, Aparna  and
      Wang, Xingyao  and
      Zhou, Naitian  and
      Dedeloudis, Apostolos  and
      Sargent, Jackson  and
      Jurgens, David",
    editor = "Che, Wanxiang  and
      Shutova, Ekaterina",
    booktitle = "Proceedings of the 2022 Conference on Empirical Methods in Natural Language Processing: System Demonstrations",
    month = dec,
    year = "2022",
    address = "Abu Dhabi, UAE",
    publisher = "Association for Computational Linguistics",
    url = "https://aclanthology.org/2022.emnlp-demos.33",
    doi = "10.18653/v1/2022.emnlp-demos.33",
    pages = "327--337"
}

@article{schiller2022effect,
  title={{Diversity Over Size: On the Effect of Sample and Topic Sizes for Argument Mining Datasets}},
  author={Schiller, Benjamin and Daxenberger, Johannes and Gurevych, Iryna},
  journal={arXiv preprint arXiv:2205.11472},
  year={2022},
  url={https://arxiv.org/pdf/2205.11472.pdf}
}

@article{raffel2020exploring,
  title={Exploring the limits of transfer learning with a unified text-to-text transformer},
  author={Raffel, Colin and Shazeer, Noam and Roberts, Adam and Lee, Katherine and Narang, Sharan and Matena, Michael and Zhou, Yanqi and Li, Wei and Liu, Peter J},
  journal={The Journal of Machine Learning Research},
  volume={21},
  number={1},
  pages={5485--5551},
  year={2020},
  publisher={JMLRORG},
  url={https://dl.acm.org/doi/abs/10.5555/3455716.3455856}
}


@inproceedings{kirk2022more,
    title = {Is More Data Better? Re-thinking the Importance of Efficiency in Abusive Language Detection with Transformers-Based Active Learning},
    author = "Kirk, Hannah  and
      Vidgen, Bertie  and
      Hale, Scott",
    editor = "Kumar, Ritesh  and
      Ojha, Atul Kr.  and
      Zampieri, Marcos  and
      Malmasi, Shervin  and
      Kadar, Daniel",
    booktitle = "Proceedings of the Third Workshop on Threat, Aggression and Cyberbullying (TRAC 2022)",
    month = oct,
    year = "2022",
    address = "Gyeongju, Republic of Korea",
    publisher = "Association for Computational Linguistics",
    url = "https://aclanthology.org/2022.trac-1.7",
    pages = "52--61"
}

@inproceedings{thorne2018fever,
    title = {{FEVER}: a Large-scale Dataset for Fact Extraction and {VER}ification},
    author = "Thorne, James  and
      Vlachos, Andreas  and
      Christodoulopoulos, Christos  and
      Mittal, Arpit",
    editor = "Walker, Marilyn  and
      Ji, Heng  and
      Stent, Amanda",
    booktitle = "Proceedings of the 2018 Conference of the North {A}merican Chapter of the Association for Computational Linguistics: Human Language Technologies, Volume 1 (Long Papers)",
    month = jun,
    year = "2018",
    address = "New Orleans, Louisiana",
    publisher = "Association for Computational Linguistics",
    url = "https://aclanthology.org/N18-1074",
    doi = "10.18653/v1/N18-1074",
    pages = "809--819",
}

@inproceedings{schuster2021get,
    title = {Get Your Vitamin {C}! Robust Fact Verification with Contrastive Evidence},
    author = "Schuster, Tal  and
      Fisch, Adam  and
      Barzilay, Regina",
    editor = "Toutanova, Kristina  and
      Rumshisky, Anna  and
      Zettlemoyer, Luke  and
      Hakkani-Tur, Dilek  and
      Beltagy, Iz  and
      Bethard, Steven  and
      Cotterell, Ryan  and
      Chakraborty, Tanmoy  and
      Zhou, Yichao",
    booktitle = "Proceedings of the 2021 Conference of the North American Chapter of the Association for Computational Linguistics: Human Language Technologies",
    month = jun,
    year = "2021",
    address = "Online",
    publisher = "Association for Computational Linguistics",
    url = "https://aclanthology.org/2021.naacl-main.52",
    doi = "10.18653/v1/2021.naacl-main.52",
    pages = "624--643"
}

@article{camburu2018snli,
  title={{e-SNLI: Natural Language Inference with Natural Language Explanations}},
  author={Camburu, Oana-Maria and Rockt{\"a}schel, Tim and Lukasiewicz, Thomas and Blunsom, Phil},
  journal={Advances in Neural Information Processing Systems},
  volume={31},
  year={2018},
  url={https://proceedings.neurips.cc/paper/2018/file/4c7a167bb329bd92580a99ce422d6fa6-Paper.pdf}
}

@inproceedings{stammbach2020fever,
  title={{e-{FEVER}: Explanations and summaries for automated fact checking}},
  author={Stammbach, Dominik and Ash, Elliott},
  booktitle={Truth and Trust Online (TTO)},
  year={2020},
  url={https://truthandtrustonline.com/wp-content/uploads/2020/10/TTO04.pdf}
}

@inproceedings{tan2022diversity,
  title={On the diversity and limits of human explanations},
  author={Tan, Chenhao},
  booktitle={Conference of the North American Chapter of the Association for Computational Linguistics: Human Language Technologies (NAACL)},
  year={2022}
}

@inproceedings{chang2021training,
  title={On Training Instance Selection for Few-Shot Neural Text Generation},
  author={Chang, Ernie and Shen, Xiaoyu and Yeh, Hui-Syuan and Demberg, Vera},
  booktitle={Annual Meeting of the Association for Computational Linguistics and the International Joint Conference on Natural Language Processing (ACL-IJCNLP)},
  year={2021}
}

@inproceedings{liu2020fine,
  title={Fine-grained Fact Verification with Kernel Graph Attention Network},
  author={Liu, Zhenghao and Xiong, Chenyan and Sun, Maosong and Liu, Zhiyuan},
  booktitle={Annual Meeting of the Association for Computational Linguistics (ACL)},
  year={2020}
}

@inproceedings{alhindi2018your,
  title={Where is your evidence: Improving fact-checking by justification modeling},
  author={Alhindi, Tariq and Petridis, Savvas and Muresan, Smaranda},
  booktitle={First Workshop on Fact Extraction and Verification (FEVER)},
  year={2018}
}

@inproceedings{kotonya2020explainable,
  title={Explainable Automated Fact-Checking for Public Health Claims},
  author={Kotonya, Neema and Toni, Francesca},
  booktitle={Conference on Empirical Methods in Natural Language Processing (EMNLP)},
  year={2020}
}

@inproceedings{atanasova2020generating,
  title={Generating Fact Checking Explanations},
  author={Atanasova, Pepa and Simonsen, Jakob Grue and Lioma, Christina and Augenstein, Isabelle},
  booktitle={Annual Meeting of the Association for Computational Linguistics (ACL)},
  year={2020}
}

@article{jolly2022generating,
  title={Generating Fluent Fact Checking Explanations with Unsupervised Post-Editing},
  author={Jolly, Shailza and Atanasova, Pepa and Augenstein, Isabelle},
  journal={Information},
  volume={13},
  number={10},
  pages={500},
  year={2022},
  publisher={MDPI}
}

@article{zeng2022aggregating,
  title={Aggregating Pairwise Semantic Differences for Few-Shot Claim Veracity Classification},
  author={Zeng, Xia and Zubiaga, Arkaitz},
  journal={arXiv preprint arXiv:2205.05646},
  year={2022}
}

@article{izacard2022few,
  title={{Atlas: Few-shot Learning with Retrieval Augmented Language Models}},
  author={Izacard, Gautier and Lewis, Patrick and Lomeli, Maria and Hosseini, Lucas and Petroni, Fabio and Schick, Timo and Dwivedi-Yu, Jane and Joulin, Armand and Riedel, Sebastian and Grave, Edouard},
  journal={arXiv preprint arXiv:2208.03299},
  year={2022},
  url={https://arxiv.org/pdf/2208.03299.pdf}
}

@article{wei2022chain,
  title={{Chain-of-Thought Prompting Elicits Reasoning in Large Language Models}},
  author={Wei, Jason and Wang, Xuezhi and Schuurmans, Dale and Bosma, Maarten and Xia, Fei and Chi, Ed and Le, Quoc V and Zhou, Denny and others},
  journal={Advances in Neural Information Processing Systems},
  volume={35},
  pages={24824--24837},
  year={2022},
  url={https://proceedings.neurips.cc/paper_files/paper/2022/file/9d5609613524ecf4f15af0f7b31abca4-Paper-Conference.pdf}
}

@inproceedings{swayamdipta2020dataset,
    title = {{Dataset Cartography: Mapping and Diagnosing Datasets with Training Dynamics}},
    author = "Swayamdipta, Swabha  and
      Schwartz, Roy  and
      Lourie, Nicholas  and
      Wang, Yizhong  and
      Hajishirzi, Hannaneh  and
      Smith, Noah A.  and
      Choi, Yejin",
    editor = "Webber, Bonnie  and
      Cohn, Trevor  and
      He, Yulan  and
      Liu, Yang",
    booktitle = "Proceedings of the 2020 Conference on Empirical Methods in Natural Language Processing (EMNLP)",
    month = nov,
    year = "2020",
    address = "Online",
    publisher = "Association for Computational Linguistics",
    url = "https://aclanthology.org/2020.emnlp-main.746",
    doi = "10.18653/v1/2020.emnlp-main.746",
    pages = "9275--9293"
}


@inproceedings{yordano2022few,
    title = {{Few-Shot Out-of-Domain Transfer Learning of Natural Language Explanations in a Label-Abundant Setup}},
    author = "Yordanov, Yordan  and
      Kocijan, Vid  and
      Lukasiewicz, Thomas  and
      Camburu, Oana-Maria",
    booktitle = "Findings of the Association for Computational Linguistics: EMNLP 2022",
    year = "2022",
    url = "https://aclanthology.org/2022.findings-emnlp.255",
    doi = "10.18653/v1/2022.findings-emnlp.255",
    pages = "3486--3501"
}

@inproceedings{aggarwal2021explanations,
    title = {{Explanations for {C}ommonsense{QA}: {N}ew {D}ataset and {M}odels}},
    author = "Aggarwal, Shourya  and
      Mandowara, Divyanshu  and
      Agrawal, Vishwajeet  and
      Khandelwal, Dinesh  and
      Singla, Parag  and
      Garg, Dinesh",
    editor = "Zong, Chengqing  and
      Xia, Fei  and
      Li, Wenjie  and
      Navigli, Roberto",
    booktitle = "Proceedings of the 59th Annual Meeting of the Association for Computational Linguistics and the 11th International Joint Conference on Natural Language Processing (Volume 1: Long Papers)",
    month = aug,
    year = "2021",
    address = "Online",
    publisher = "Association for Computational Linguistics",
    url = "https://aclanthology.org/2021.acl-long.238",
    doi = "10.18653/v1/2021.acl-long.238",
    pages = "3050--3065",
}

@inproceedings{wang2019does,
    title = {{Does it Make Sense? And Why? A Pilot Study for Sense Making and Explanation}},
    author = "Wang, Cunxiang  and
      Liang, Shuailong  and
      Zhang, Yue  and
      Li, Xiaonan  and
      Gao, Tian",
    editor = "Korhonen, Anna  and
      Traum, David  and
      M{\`a}rquez, Llu{\'\i}s",
    booktitle = "Proceedings of the 57th Annual Meeting of the Association for Computational Linguistics",
    month = jul,
    year = "2019",
    address = "Florence, Italy",
    publisher = "Association for Computational Linguistics",
    url = "https://aclanthology.org/P19-1393",
    doi = "10.18653/v1/P19-1393",
    pages = "4020--4026"
}


@inproceedings{sap2020social,
    title = {{Social Bias Frames: Reasoning about Social and Power Implications of Language}},
    author = "Sap, Maarten  and
      Gabriel, Saadia  and
      Qin, Lianhui  and
      Jurafsky, Dan  and
      Smith, Noah A.  and
      Choi, Yejin",
    editor = "Jurafsky, Dan  and
      Chai, Joyce  and
      Schluter, Natalie  and
      Tetreault, Joel",
    booktitle = "Proceedings of the 58th Annual Meeting of the Association for Computational Linguistics",
    month = jul,
    year = "2020",
    address = "Online",
    publisher = "Association for Computational Linguistics",
    url = "https://aclanthology.org/2020.acl-main.486",
    doi = "10.18653/v1/2020.acl-main.486",
    pages = "5477--5490"
}

@inproceedings{wiegreffe2021measuring,
    title = {{Measuring Association Between Labels and Free-Text Rationales}},
    author = "Wiegreffe, Sarah  and
      Marasovi{\'c}, Ana  and
      Smith, Noah A.",
    editor = "Moens, Marie-Francine  and
      Huang, Xuanjing  and
      Specia, Lucia  and
      Yih, Scott Wen-tau",
    booktitle = "Proceedings of the 2021 Conference on Empirical Methods in Natural Language Processing",
    month = nov,
    year = "2021",
    address = "Online and Punta Cana, Dominican Republic",
    publisher = "Association for Computational Linguistics",
    url = "https://aclanthology.org/2021.emnlp-main.804",
    doi = "10.18653/v1/2021.emnlp-main.804",
    pages = "10266--10284"
}

@inproceedings{marelli2014sick,
    title = {{A {SICK} cure for the evaluation of compositional distributional semantic models}},
    author = "Marelli, Marco  and
      Menini, Stefano  and
      Baroni, Marco  and
      Bentivogli, Luisa  and
      Bernardi, Raffaella  and
      Zamparelli, Roberto",
    booktitle = "Proceedings of the Ninth International Conference on Language Resources and Evaluation ({LREC}'14)",
    month = may,
    year = "2014",
    address = "Reykjavik, Iceland",
    publisher = "European Language Resources Association (ELRA)",
    url = "http://www.lrec-conf.org/proceedings/lrec2014/pdf/363_Paper.pdf",
    pages = "216--223",
}

@inproceedings{pavlick2016most,
    title = {{Most {``}babies{''} are {``}little{''} and most {``}problems{''} are {``}huge{''}: Compositional Entailment in Adjective-Nouns}},
    author = "Pavlick, Ellie  and
      Callison-Burch, Chris",
    editor = "Erk, Katrin  and
      Smith, Noah A.",
    booktitle = "Proceedings of the 54th Annual Meeting of the Association for Computational Linguistics (Volume 1: Long Papers)",
    month = aug,
    year = "2016",
    address = "Berlin, Germany",
    publisher = "Association for Computational Linguistics",
    url = "https://aclanthology.org/P16-1204",
    doi = "10.18653/v1/P16-1204",
    pages = "2164--2173",
}

@article{zhang2017ordinal,
    title = {{Ordinal Common-sense Inference}},
    author = "Zhang, Sheng  and
      Rudinger, Rachel  and
      Duh, Kevin  and
      Van Durme, Benjamin",
    editor = "Lee, Lillian  and
      Johnson, Mark  and
      Toutanova, Kristina",
    journal = "Transactions of the Association for Computational Linguistics",
    volume = "5",
    year = "2017",
    address = "Cambridge, MA",
    publisher = "MIT Press",
    url = "https://aclanthology.org/Q17-1027",
    doi = "10.1162/tacl_a_00068",
    pages = "379--395"
}


@inproceedings{lai2017natural,
    title = {{Natural Language Inference from Multiple Premises}},
    author = "Lai, Alice  and
      Bisk, Yonatan  and
      Hockenmaier, Julia",
    editor = "Kondrak, Greg  and
      Watanabe, Taro",
    booktitle = "Proceedings of the Eighth International Joint Conference on Natural Language Processing (Volume 1: Long Papers)",
    month = nov,
    year = "2017",
    address = "Taipei, Taiwan",
    publisher = "Asian Federation of Natural Language Processing",
    url = "https://aclanthology.org/I17-1011",
    pages = "100--109"
}

@inproceedings{poliak2018collecting,
    title = {{Collecting Diverse Natural Language Inference Problems for Sentence Representation Evaluation}},
    author = "Poliak, Adam  and
      Haldar, Aparajita  and
      Rudinger, Rachel  and
      Hu, J. Edward  and
      Pavlick, Ellie  and
      White, Aaron Steven  and
      Van Durme, Benjamin",
    editor = "Riloff, Ellen  and
      Chiang, David  and
      Hockenmaier, Julia  and
      Tsujii, Jun{'}ichi",
    booktitle = "Proceedings of the 2018 Conference on Empirical Methods in Natural Language Processing",
    month = oct # "-" # nov,
    year = "2018",
    address = "Brussels, Belgium",
    publisher = "Association for Computational Linguistics",
    url = "https://aclanthology.org/D18-1007",
    doi = "10.18653/v1/D18-1007",
    pages = "67--81"
}

@inproceedings{mccoy2019right,
    title = {{Right for the Wrong Reasons: Diagnosing Syntactic Heuristics in Natural Language Inference}},
    author = "McCoy, Tom  and
      Pavlick, Ellie  and
      Linzen, Tal",
    editor = "Korhonen, Anna  and
      Traum, David  and
      M{\`a}rquez, Llu{\'\i}s",
    booktitle = "Proceedings of the 57th Annual Meeting of the Association for Computational Linguistics",
    month = jul,
    year = "2019",
    address = "Florence, Italy",
    publisher = "Association for Computational Linguistics",
    url = "https://aclanthology.org/P19-1334",
    doi = "10.18653/v1/P19-1334",
    pages = "3428--3448"
}


@inproceedings{wang2019glue,
  title={{GLUE: A Multi-Task Benchmark and Analysis Platform for Natural Language Understanding}},
  author={Wang, Alex and Singh, Amanpreet and Michael, Julian and Hill, Felix and Levy, Omer and Bowman, Samuel R},
  booktitle={7th International Conference on Learning Representations, ICLR 2019},
  year={2019},
  url={https://openreview.net/pdf?id=rJ4km2R5t7}
}

@inproceedings{saha2020conjnli,
    title = {{ConjNLI: Natural Language Inference Over Conjunctive Sentences}},
    author = "Saha, Swarnadeep  and
      Nie, Yixin  and
      Bansal, Mohit",
    editor = "Webber, Bonnie  and
      Cohn, Trevor  and
      He, Yulan  and
      Liu, Yang",
    booktitle = "Proceedings of the 2020 Conference on Empirical Methods in Natural Language Processing (EMNLP)",
    month = nov,
    year = "2020",
    address = "Online",
    publisher = "Association for Computational Linguistics",
    url = "https://aclanthology.org/2020.emnlp-main.661",
    doi = "10.18653/v1/2020.emnlp-main.661",
    pages = "8240--8252"
}

@inproceedings{hanselowski2019richly,
    title = {A Richly Annotated Corpus for Different Tasks in Automated Fact-Checking},
    author = "Hanselowski, Andreas  and
      Stab, Christian  and
      Schulz, Claudia  and
      Li, Zile  and
      Gurevych, Iryna",
    editor = "Bansal, Mohit  and
      Villavicencio, Aline",
    booktitle = "Proceedings of the 23rd Conference on Computational Natural Language Learning (CoNLL)",
    month = nov,
    year = "2019",
    address = "Hong Kong, China",
    publisher = "Association for Computational Linguistics",
    url = "https://aclanthology.org/K19-1046",
    doi = "10.18653/v1/K19-1046",
    pages = "493--503"
}

@inproceedings{wadden2020fact,
    title = {{Fact or Fiction: Verifying Scientific Claims}},
    author = "Wadden, David  and
      Lin, Shanchuan  and
      Lo, Kyle  and
      Wang, Lucy Lu  and
      van Zuylen, Madeleine  and
      Cohan, Arman  and
      Hajishirzi, Hannaneh",
    editor = "Webber, Bonnie  and
      Cohn, Trevor  and
      He, Yulan  and
      Liu, Yang",
    booktitle = "Proceedings of the 2020 Conference on Empirical Methods in Natural Language Processing (EMNLP)",
    month = nov,
    year = "2020",
    address = "Online",
    publisher = "Association for Computational Linguistics",
    url = "https://aclanthology.org/2020.emnlp-main.609",
    doi = "10.18653/v1/2020.emnlp-main.609",
    pages = "7534--7550",
}

@inproceedings{diggelmann2020climate,
  title={{Climate-FEVER: A Dataset for Verification of Real-World Climate Claims}},
  author={Diggelmann, Thomas and Boyd-Graber, Jordan and Bulian, Jannis and Ciaramita, Massimiliano and Leippold, Markus},
  booktitle={Tackling Climate Change with Machine Learning workshop at NeurIPS 2020},
  year={2020},
  url={https://www.climatechange.ai/papers/neurips2020/67}
}

@inproceedings{saakyan2021covid,
    title = {{COVID-Fact: Fact Extraction and Verification of Real-World Claims on {COVID}-19 Pandemic}},
    author = "Saakyan, Arkadiy  and
      Chakrabarty, Tuhin  and
      Muresan, Smaranda",
    editor = "Zong, Chengqing  and
      Xia, Fei  and
      Li, Wenjie  and
      Navigli, Roberto",
    booktitle = "Proceedings of the 59th Annual Meeting of the Association for Computational Linguistics and the 11th International Joint Conference on Natural Language Processing (Volume 1: Long Papers)",
    month = aug,
    year = "2021",
    address = "Online",
    publisher = "Association for Computational Linguistics",
    url = "https://aclanthology.org/2021.acl-long.165",
    doi = "10.18653/v1/2021.acl-long.165",
    pages = "2116--2129"
}

@inproceedings{eisenschlos2021fool,
  title={{Fool Me Twice: Entailment from Wikipedia Gamification}},
  author={Eisenschlos, Julian and Dhingra, Bhuwan and Bulian, Jannis and B{\"o}rschinger, Benjamin and Boyd-Graber, Jordan},
  booktitle={Proceedings of the 2021 Conference of the North American Chapter of the Association for Computational Linguistics: Human Language Technologies},
  pages={352--365},
  year={2021},
  address = "Online",
  publisher = "Association for Computational Linguistics",
  url = "https://aclanthology.org/2021.naacl-main.32",
  doi = "10.18653/v1/2021.naacl-main.32",
}

@inproceedings{kryscinski2020evaluating,
    title = {{Evaluating the Factual Consistency of Abstractive Text Summarization}},
    author = "Kryscinski, Wojciech  and
      McCann, Bryan  and
      Xiong, Caiming  and
      Socher, Richard",
    editor = "Webber, Bonnie  and
      Cohn, Trevor  and
      He, Yulan  and
      Liu, Yang",
    booktitle = "Proceedings of the 2020 Conference on Empirical Methods in Natural Language Processing (EMNLP)",
    month = nov,
    year = "2020",
    address = "Online",
    publisher = "Association for Computational Linguistics",
    url = "https://aclanthology.org/2020.emnlp-main.750",
    doi = "10.18653/v1/2020.emnlp-main.750",
    pages = "9332--9346",
}

@inproceedings{wang2020asking,
    title = {{Asking and Answering Questions to Evaluate the Factual Consistency of Summaries}},
    author = "Wang, Alex  and
      Cho, Kyunghyun  and
      Lewis, Mike",
    editor = "Jurafsky, Dan  and
      Chai, Joyce  and
      Schluter, Natalie  and
      Tetreault, Joel",
    booktitle = "Proceedings of the 58th Annual Meeting of the Association for Computational Linguistics",
    month = jul,
    year = "2020",
    address = "Online",
    publisher = "Association for Computational Linguistics",
    url = "https://aclanthology.org/2020.acl-main.450",
    doi = "10.18653/v1/2020.acl-main.450",
    pages = "5008--5020"
}

@inproceedings{maynez2020faithfulness,
    title = {{On Faithfulness and Factuality in Abstractive Summarization}},
    author = "Maynez, Joshua  and
      Narayan, Shashi  and
      Bohnet, Bernd  and
      McDonald, Ryan",
    editor = "Jurafsky, Dan  and
      Chai, Joyce  and
      Schluter, Natalie  and
      Tetreault, Joel",
    booktitle = "Proceedings of the 58th Annual Meeting of the Association for Computational Linguistics",
    month = jul,
    year = "2020",
    address = "Online",
    publisher = "Association for Computational Linguistics",
    url = "https://aclanthology.org/2020.acl-main.173",
    doi = "10.18653/v1/2020.acl-main.173",
    pages = "1906--1919"
}


@inproceedings{linyi2023gluex,
    title = "{GLUE}-{X}: Evaluating Natural Language Understanding Models from an Out-of-Distribution Generalization Perspective",
    author = "Yang, Linyi  and
      Zhang, Shuibai  and
      Qin, Libo  and
      Li, Yafu  and
      Wang, Yidong  and
      Liu, Hanmeng  and
      Wang, Jindong  and
      Xie, Xing  and
      Zhang, Yue",
    editor = "Rogers, Anna  and
      Boyd-Graber, Jordan  and
      Okazaki, Naoaki",
    booktitle = "Findings of the Association for Computational Linguistics: ACL 2023",
    month = jul,
    year = "2023",
    publisher = "Association for Computational Linguistics",
    url = "https://aclanthology.org/2023.findings-acl.806",
    doi = "10.18653/v1/2023.findings-acl.806",
    pages = "12731--12750"
}

@inproceedings{karamcheti2021mind,
    title = "Mind Your Outliers! Investigating the Negative Impact of Outliers on Active Learning for Visual Question Answering",
    author = "Karamcheti, Siddharth  and
      Krishna, Ranjay  and
      Fei-Fei, Li  and
      Manning, Christopher",
    editor = "Zong, Chengqing  and
      Xia, Fei  and
      Li, Wenjie  and
      Navigli, Roberto",
    booktitle = "Proceedings of the 59th Annual Meeting of the Association for Computational Linguistics and the 11th International Joint Conference on Natural Language Processing (Volume 1: Long Papers)",
    month = aug,
    year = "2021",
    address = "Online",
    publisher = "Association for Computational Linguistics",
    url = "https://aclanthology.org/2021.acl-long.564",
    doi = "10.18653/v1/2021.acl-long.564",
    pages = "7265--7281"
}

@inproceedings{d2022limitations,
  title={{Limitations of Active Learning With Deep Transformer Language Models}},
  author={D’Arcy, Mike and Downey, Doug},
  booktitle={URL: https://openreview. net/forum},
  url={https://openreview.net/forum?id=Q8OjAGkxwP5},
  year=2022,
}

@inproceedings{chrysostomou2022empirical,
    title = {{An Empirical Study on Explanations in Out-of-Domain Settings}},
    author = "Chrysostomou, George  and
      Aletras, Nikolaos",
    editor = "Muresan, Smaranda  and
      Nakov, Preslav  and
      Villavicencio, Aline",
    booktitle = "Proceedings of the 60th Annual Meeting of the Association for Computational Linguistics (Volume 1: Long Papers)",
    month = may,
    year = "2022",
    address = "Dublin, Ireland",
    publisher = "Association for Computational Linguistics",
    url = "https://aclanthology.org/2022.acl-long.477",
    doi = "10.18653/v1/2022.acl-long.477",
    pages = "6920--6938"
}

@inproceedings{zhou2021investigating,
    title = {{Investigating the Effect of Natural Language Explanations on Out-of-Distribution Generalization in Few-shot NLI}},
    author = "Zhou, Yangqiaoyu  and
      Tan, Chenhao",
    editor = "Sedoc, Jo{\~a}o  and
      Rogers, Anna  and
      Rumshisky, Anna  and
      Tafreshi, Shabnam",
    booktitle = "Proceedings of the Second Workshop on Insights from Negative Results in NLP",
    month = nov,
    year = "2021",
    address = "Online and Punta Cana, Dominican Republic",
    publisher = "Association for Computational Linguistics",
    url = "https://aclanthology.org/2021.insights-1.17",
    doi = "10.18653/v1/2021.insights-1.17",
    pages = "117--124"
}

@article{gu2023digital,
  title={Digital Socrates: Evaluating LLMs through explanation critiques},
  author={Gu, Yuling and Tafjord, Oyvind and Clark, Peter},
  journal={arXiv preprint arXiv:2311.09613},
  year={2023}
}

@article{fu2023gptscore,
  title={{GPTScore: Evaluate as You Desire}},
  author={Fu, Jinlan and Ng, See-Kiong and Jiang, Zhengbao and Liu, Pengfei},
  journal={arXiv preprint arXiv:2302.04166},
  year={2023},
  url={https://arxiv.org/abs/2302.04166}
}

@inproceedings{wang2023chatgpt,
    title = {Is {C}hat{GPT} a Good {NLG} Evaluator? A Preliminary Study},
    author = "Wang, Jiaan  and
      Liang, Yunlong  and
      Meng, Fandong  and
      Sun, Zengkui  and
      Shi, Haoxiang  and
      Li, Zhixu  and
      Xu, Jinan  and
      Qu, Jianfeng  and
      Zhou, Jie",
    editor = "Dong, Yue  and
      Xiao, Wen  and
      Wang, Lu  and
      Liu, Fei  and
      Carenini, Giuseppe",
    booktitle = "Proceedings of the 4th New Frontiers in Summarization Workshop",
    month = dec,
    year = "2023",
    address = "Singapore",
    publisher = "Association for Computational Linguistics",
    url = "https://aclanthology.org/2023.newsum-1.1",
    doi = "10.18653/v1/2023.newsum-1.1",
    pages = "1--11"
}

@inproceedings{golovneva2022roscoe,
  title={{ROSCOE: A Suite of Metrics for Scoring Step-by-Step Reasoning}},
  author={Golovneva, Olga and Chen, Moya Peng and Poff, Spencer and Corredor, Martin and Zettlemoyer, Luke and Fazel-Zarandi, Maryam and Celikyilmaz, Asli},
  booktitle={The Eleventh International Conference on Learning Representations},
  year={2022},
  url={https://openreview.net/pdf?id=xYlJRpzZtsY}
}

@inproceedings{prasad2023receval,
    title = {{R}e{CE}val: Evaluating Reasoning Chains via Correctness and Informativeness},
    author = "Prasad, Archiki  and
      Saha, Swarnadeep  and
      Zhou, Xiang  and
      Bansal, Mohit",
    editor = "Bouamor, Houda  and
      Pino, Juan  and
      Bali, Kalika",
    booktitle = "Proceedings of the 2023 Conference on Empirical Methods in Natural Language Processing",
    month = dec,
    year = "2023",
    address = "Singapore",
    publisher = "Association for Computational Linguistics",
    url = "https://aclanthology.org/2023.emnlp-main.622",
    doi = "10.18653/v1/2023.emnlp-main.622",
    pages = "10066--10086",
}

@article{jiang2023tigerscore,
  title={{TIGERScore: Towards Building Explainable Metric for All Text Generation Tasks}},
  author={Jiang, Dongfu and Li, Yishan and Zhang, Ge and Huang, Wenhao and Lin, Bill Yuchen and Chen, Wenhu},
  journal={arXiv preprint arXiv:2310.00752},
  year={2023},
  url={https://arxiv.org/abs/2310.00752}
}


@inproceedings{ludan2023explanation,
    title = {{Explanation-based Finetuning Makes Models More Robust to Spurious Cues}},
    author = "Ludan, Josh Magnus  and
      Meng, Yixuan  and
      Nguyen, Tai  and
      Shah, Saurabh  and
      Lyu, Qing  and
      Apidianaki, Marianna  and
      Callison-Burch, Chris",
    editor = "Rogers, Anna  and
      Boyd-Graber, Jordan  and
      Okazaki, Naoaki",
    booktitle = "Proceedings of the 61st Annual Meeting of the Association for Computational Linguistics (Volume 1: Long Papers)",
    month = jul,
    year = "2023",
    address = "Toronto, Canada",
    publisher = "Association for Computational Linguistics",
    url = "https://aclanthology.org/2023.acl-long.242",
    doi = "10.18653/v1/2023.acl-long.242",
    pages = "4420--4441",
}

@inproceedings{mahabadi2020end,
    title = {{End-to-End Bias Mitigation by Modelling Biases in Corpora}},
    author = "Karimi Mahabadi, Rabeeh  and
      Belinkov, Yonatan  and
      Henderson, James",
    editor = "Jurafsky, Dan  and
      Chai, Joyce  and
      Schluter, Natalie  and
      Tetreault, Joel",
    booktitle = "Proceedings of the 58th Annual Meeting of the Association for Computational Linguistics",
    month = jul,
    year = "2020",
    address = "Online",
    publisher = "Association for Computational Linguistics",
    url = "https://aclanthology.org/2020.acl-main.769",
    doi = "10.18653/v1/2020.acl-main.769",
    pages = "8706--8716"
}


@inproceedings{plummer2015flickr30k,
  title={{Flickr30k entities: Collecting region-to-phrase correspondences for richer image-to-sentence models}},
  author={Plummer, Bryan A and Wang, Liwei and Cervantes, Chris M and Caicedo, Juan C and Hockenmaier, Julia and Lazebnik, Svetlana},
  booktitle={Proceedings of the IEEE International Conference on Computer Vision},
  pages={2641--2649},
  year={2015},
  url={https://openaccess.thecvf.com/content_iccv_2015/papers/Plummer_Flickr30k_Entities_Collecting_ICCV_2015_paper.pdf}
}

@inproceedings{levesque2012winograd,
  title={{The Winograd Schema Challenge}},
  author={Levesque, Hector and Davis, Ernest and Morgenstern, Leora},
  booktitle={Thirteenth international conference on the principles of knowledge representation and reasoning},
  year={2012},
  url={https://cdn.aaai.org/ocs/4492/4492-21843-1-PB.pdf}
}

@inproceedings{zhou2023flame,
    title = {{FL}am{E}: Few-shot Learning from Natural Language Explanations},
    author = "Zhou, Yangqiaoyu  and
      Zhang, Yiming  and
      Tan, Chenhao",
    editor = "Rogers, Anna  and
      Boyd-Graber, Jordan  and
      Okazaki, Naoaki",
    booktitle = "Proceedings of the 61st Annual Meeting of the Association for Computational Linguistics (Volume 1: Long Papers)",
    month = jul,
    year = "2023",
    address = "Toronto, Canada",
    publisher = "Association for Computational Linguistics",
    url = "https://aclanthology.org/2023.acl-long.372",
    doi = "10.18653/v1/2023.acl-long.372",
    pages = "6743--6763",
}

@inproceedings{hsieh2023distilling,
    title = {{Distilling Step-by-Step! Outperforming Larger Language Models with Less Training Data and Smaller Model Sizes}},
    author = "Hsieh, Cheng-Yu  and
      Li, Chun-Liang  and
      Yeh, Chih-kuan  and
      Nakhost, Hootan  and
      Fujii, Yasuhisa  and
      Ratner, Alex  and
      Krishna, Ranjay  and
      Lee, Chen-Yu  and
      Pfister, Tomas",
    editor = "Rogers, Anna  and
      Boyd-Graber, Jordan  and
      Okazaki, Naoaki",
    booktitle = "Findings of the Association for Computational Linguistics: ACL 2023",
    month = jul,
    year = "2023",
    address = "Toronto, Canada",
    publisher = "Association for Computational Linguistics",
    url = "https://aclanthology.org/2023.findings-acl.507",
    doi = "10.18653/v1/2023.findings-acl.507",
    pages = "8003--8017",
}


@inproceedings{wang2023lets,
    title = {{Let{'}s Synthesize Step by Step: Iterative Dataset Synthesis with Large Language Models by Extrapolating Errors from Small Models}},
    author = "Wang, Ruida  and
      Zhou, Wangchunshu  and
      Sachan, Mrinmaya",
    editor = "Bouamor, Houda  and
      Pino, Juan  and
      Bali, Kalika",
    booktitle = "Findings of the Association for Computational Linguistics: EMNLP 2023",
    month = dec,
    year = "2023",
    address = "Singapore",
    publisher = "Association for Computational Linguistics",
    url = "https://aclanthology.org/2023.findings-emnlp.791",
    doi = "10.18653/v1/2023.findings-emnlp.791",
    pages = "11817--11831",
}

@inproceedings{li2023symbolic,
    title = {{Symbolic Chain-of-Thought Distillation: Small Models Can Also {``}Think{''} Step-by-Step}},
    author = "Li, Liunian Harold  and
      Hessel, Jack  and
      Yu, Youngjae  and
      Ren, Xiang  and
      Chang, Kai-Wei  and
      Choi, Yejin",
    editor = "Rogers, Anna  and
      Boyd-Graber, Jordan  and
      Okazaki, Naoaki",
    booktitle = "Proceedings of the 61st Annual Meeting of the Association for Computational Linguistics (Volume 1: Long Papers)",
    month = jul,
    year = "2023",
    address = "Toronto, Canada",
    publisher = "Association for Computational Linguistics",
    url = "https://aclanthology.org/2023.acl-long.150",
    doi = "10.18653/v1/2023.acl-long.150",
    pages = "2665--2679",
}

@article{kojima2022large,
  title={{Large Language Models are Zero-Shot Reasoners}},
  author={Kojima, Takeshi and Gu, Shixiang Shane and Reid, Machel and Matsuo, Yutaka and Iwasawa, Yusuke},
  journal={Advances in neural information processing systems},
  volume={35},
  pages={22199--22213},
  year={2022},
  url={https://proceedings.neurips.cc/paper_files/paper/2022/hash/8bb0d291acd4acf06ef112099c16f326-Abstract-Conference.html}
}

@inproceedings{bowman2015large,
    title = "A large annotated corpus for learning natural language inference",
    author = "Bowman, Samuel R.  and
      Angeli, Gabor  and
      Potts, Christopher  and
      Manning, Christopher D.",
    editor = "M{\`a}rquez, Llu{\'\i}s  and
      Callison-Burch, Chris  and
      Su, Jian",
    booktitle = "Proceedings of the 2015 Conference on Empirical Methods in Natural Language Processing",
    month = sep,
    year = "2015",
    address = "Lisbon, Portugal",
    publisher = "Association for Computational Linguistics",
    url = "https://aclanthology.org/D15-1075",
    doi = "10.18653/v1/D15-1075",
    pages = "632--642",
}

@article{hupkes2023taxonomy,
  title={{A taxonomy and review of generalization research in NLP}},
  author={Hupkes, Dieuwke and Giulianelli, Mario and Dankers, Verna and Artetxe, Mikel and Elazar, Yanai and Pimentel, Tiago and Christodoulopoulos, Christos and Lasri, Karim and Saphra, Naomi and Sinclair, Arabella and others},
  journal={Nature Machine Intelligence},
  volume={5},
  number={10},
  pages={1161--1174},
  year={2023},
  publisher={Nature Publishing Group UK London},
  url={https://www.nature.com/articles/s42256-023-00729-y}
}

@inproceedings{honovich2022true,
    title = {{TRUE: Re-evaluating Factual Consistency Evaluation}},
    author = "Honovich, Or  and
      Aharoni, Roee  and
      Herzig, Jonathan  and
      Taitelbaum, Hagai  and
      Kukliansy, Doron  and
      Cohen, Vered  and
      Scialom, Thomas  and
      Szpektor, Idan  and
      Hassidim, Avinatan  and
      Matias, Yossi",
    editor = "Feng, Song  and
      Wan, Hui  and
      Yuan, Caixia  and
      Yu, Han",
    booktitle = "Proceedings of the Second DialDoc Workshop on Document-grounded Dialogue and Conversational Question Answering",
    month = may,
    year = "2022",
    address = "Dublin, Ireland",
    publisher = "Association for Computational Linguistics",
    url = "https://aclanthology.org/2022.dialdoc-1.19",
    doi = "10.18653/v1/2022.dialdoc-1.19",
    pages = "161--175"
}

@inproceedings{sainz2023nlp,
    title = {{NLP} Evaluation in trouble: On the Need to Measure {LLM} Data Contamination for each Benchmark},
    author = "Sainz, Oscar  and
      Campos, Jon  and
      Garc{\'\i}a-Ferrero, Iker  and
      Etxaniz, Julen  and
      de Lacalle, Oier Lopez  and
      Agirre, Eneko",
    editor = "Bouamor, Houda  and
      Pino, Juan  and
      Bali, Kalika",
    booktitle = "Findings of the Association for Computational Linguistics: EMNLP 2023",
    month = dec,
    year = "2023",
    address = "Singapore",
    publisher = "Association for Computational Linguistics",
    url = "https://aclanthology.org/2023.findings-emnlp.722",
    doi = "10.18653/v1/2023.findings-emnlp.722",
    pages = "10776--10787"
}

@inproceedings{napoles2012annotated,
    title = "{A}nnotated {G}igaword",
    author = "Napoles, Courtney  and
      Gormley, Matthew  and
      Van Durme, Benjamin",
    editor = "Fan, James  and
      Hoffman, Raphael  and
      Kalyanpur, Aditya  and
      Riedel, Sebastian  and
      Suchanek, Fabian  and
      Talukdar, Partha Pratim",
    booktitle = "Proceedings of the Joint Workshop on Automatic Knowledge Base Construction and Web-scale Knowledge Extraction ({AKBC}-{WEKEX})",
    month = jun,
    year = "2012",
    address = "Montr{\'e}al, Canada",
    publisher = "Association for Computational Linguistics",
    url = "https://aclanthology.org/W12-3018",
    pages = "95--100",
}

@inproceedings{
li2024generative,
title={Generative Judge for Evaluating Alignment},
author={Junlong Li and Shichao Sun and Weizhe Yuan and Run-Ze Fan and hai zhao and Pengfei Liu},
booktitle={The Twelfth International Conference on Learning Representations},
year={2024},
url={https://openreview.net/forum?id=gtkFw6sZGS}
}

@inproceedings{li2024superfiltering,
    title = {{Superfiltering: Weak-to-Strong Data Filtering for Fast Instruction-Tuning}},
    author = "Li, Ming  and
      Zhang, Yong  and
      He, Shwai  and
      Li, Zhitao  and
      Zhao, Hongyu  and
      Wang, Jianzong  and
      Cheng, Ning  and
      Zhou, Tianyi",
    editor = "Ku, Lun-Wei  and
      Martins, Andre  and
      Srikumar, Vivek",
    booktitle = "Proceedings of the 62nd Annual Meeting of the Association for Computational Linguistics (Volume 1: Long Papers)",
    month = aug,
    year = "2024",
    address = "Bangkok, Thailand",
    publisher = "Association for Computational Linguistics",
    url = "https://aclanthology.org/2024.acl-long.769",
    pages = "14255--14273",
}

@article{chen2024automated,
  title={{Automated Data Curation for Robust Language Model Fine-Tuning}},
  author={Chen, Jiuhai and Mueller, Jonas},
  journal={arXiv preprint arXiv:2403.12776},
  url={https://arxiv.org/abs/2403.12776},
  year={2024}
}


@inproceedings{lewis2020bart,
    title = "{BART}: Denoising Sequence-to-Sequence Pre-training for Natural Language Generation, Translation, and Comprehension",
    author = "Lewis, Mike  and
      Liu, Yinhan  and
      Goyal, Naman  and
      Ghazvininejad, Marjan  and
      Mohamed, Abdelrahman  and
      Levy, Omer  and
      Stoyanov, Veselin  and
      Zettlemoyer, Luke",
    editor = "Jurafsky, Dan  and
      Chai, Joyce  and
      Schluter, Natalie  and
      Tetreault, Joel",
    booktitle = "Proceedings of the 58th Annual Meeting of the Association for Computational Linguistics",
    month = jul,
    year = "2020",
    address = "Online",
    publisher = "Association for Computational Linguistics",
    url = "https://aclanthology.org/2020.acl-main.703",
    doi = "10.18653/v1/2020.acl-main.703",
    pages = "7871--7880"
}

@inproceedings{welleck2019dialogue,
    title = "Dialogue Natural Language Inference",
    author = "Welleck, Sean  and
      Weston, Jason  and
      Szlam, Arthur  and
      Cho, Kyunghyun",
    editor = "Korhonen, Anna  and
      Traum, David  and
      M{\`a}rquez, Llu{\'\i}s",
    booktitle = "Proceedings of the 57th Annual Meeting of the Association for Computational Linguistics",
    month = jul,
    year = "2019",
    address = "Florence, Italy",
    publisher = "Association for Computational Linguistics",
    url = "https://aclanthology.org/P19-1363",
    doi = "10.18653/v1/P19-1363",
    pages = "3731--3741",
}

@inproceedings{zhang2020bertscore,
  title={BERTScore: Evaluating Text Generation with BERT},
  author={Zhang, Tianyi and Kishore, Varsha and Wu, Felix and Weinberger, Kilian Q and Artzi, Yoav},
  booktitle={International Conference on Learning Representations},
  year={2020},
  url={https://openreview.net/pdf?id=SkeHuCVFDr}
}

@article{kalouli2023curing,
    title = "Curing the {SICK} and Other {NLI} Maladies",
    author = "Kalouli, Aikaterini-Lida  and
      Hu, Hai  and
      Webb, Alexander F.  and
      Moss, Lawrence S.  and
      de Paiva, Valeria",
    journal = "Computational Linguistics",
    volume = "49",
    number = "1",
    month = mar,
    year = "2023",
    address = "Cambridge, MA",
    publisher = "MIT Press",
    url = "https://aclanthology.org/2023.cl-1.5",
    doi = "10.1162/coli_a_00465",
    pages = "199--243"
}

@article{glockner2024ambifc,
  title={{AmbiFC: Fact-Checking Ambiguous Claims with Evidence}},
  author={Glockner, Max and Stali{\=u}nait{\.e}, Ieva and Thorne, James and Vallejo, Gisela and Vlachos, Andreas and Gurevych, Iryna},
  journal={Transactions of the Association for Computational Linguistics},
  volume={12},
  pages={1--18},
  year={2024},
  publisher={MIT Press},
  url={https://direct.mit.edu/tacl/article/doi/10.1162/tacl_a_00629/119057/AmbiFC-Fact-Checking-Ambiguous-Claims-with}
}

@article{luccioni2023estimating,
  title={{Estimating the Carbon Footprint of BLOOM, a 176B Parameter Language Model}},
  author={Luccioni, Alexandra Sasha and Viguier, Sylvain and Ligozat, Anne-Laure},
  journal={Journal of Machine Learning Research},
  volume={24},
  number={253},
  pages={1--15},
  year={2023},
  url={https://www.jmlr.org/papers/volume24/23-0069/23-0069.pdf}
}

@article{achiam2023gpt,
  title={{GPT-4 Technical Report}},
  author={Achiam, Josh and Adler, Steven and Agarwal, Sandhini and Ahmad, Lama and Akkaya, Ilge and Aleman, Florencia Leoni and Almeida, Diogo and Altenschmidt, Janko and Altman, Sam and Anadkat, Shyamal and others},
  journal={arXiv preprint arXiv:2303.08774},
  year={2023},
  url={https://arxiv.org/pdf/2303.08774.pdf}
}

@article{touvron2023llama,
  title={{Llama 2: Open Foundation and Fine-Tuned Chat Models}},
  author={Touvron, Hugo and Martin, Louis and Stone, Kevin and Albert, Peter and Almahairi, Amjad and Babaei, Yasmine and Bashlykov, Nikolay and Batra, Soumya and Bhargava, Prajjwal and Bhosale, Shruti and others},
  journal={arXiv preprint arXiv:2307.09288},
  year={2023},
  url={https://arxiv.org/pdf/2307.09288.pdf}
}

@article{hu2024themis,
  title={{Themis: Towards Flexible and Interpretable NLG Evaluation}},
  author={Hu, Xinyu and Lin, Li and Gao, Mingqi and Yin, Xunjian and Wan, Xiaojun},
  journal={arXiv preprint arXiv:2406.18365},
  url={https://arxiv.org/abs/2406.18365},
  year={2024}
}

@article{gao2024llm,
  title={Llm-based nlg evaluation: Current status and challenges},
  author={Gao, Mingqi and Hu, Xinyu and Ruan, Jie and Pu, Xiao and Wan, Xiaojun},
  journal={arXiv preprint arXiv:2402.01383},
  year={2024}
}

@inproceedings{sulem2018bleu,
    title = "{BLEU} is Not Suitable for the Evaluation of Text Simplification",
    author = "Sulem, Elior  and
      Abend, Omri  and
      Rappoport, Ari",
    editor = "Riloff, Ellen  and
      Chiang, David  and
      Hockenmaier, Julia  and
      Tsujii, Jun{'}ichi",
    booktitle = "Proceedings of the 2018 Conference on Empirical Methods in Natural Language Processing",
    year = "2018",
    address = "Brussels, Belgium",
    publisher = "Association for Computational Linguistics",
    url = "https://aclanthology.org/D18-1081",
    doi = "10.18653/v1/D18-1081",
    pages = "738--744",
}

@inproceedings{chen2021neurallog,
    title = "{N}eural{L}og: Natural Language Inference with Joint Neural and Logical Reasoning",
    author = "Chen, Zeming  and
      Gao, Qiyue  and
      Moss, Lawrence S.",
    editor = "Ku, Lun-Wei  and
      Nastase, Vivi  and
      Vuli{\'c}, Ivan",
    booktitle = "Proceedings of *SEM 2021: The Tenth Joint Conference on Lexical and Computational Semantics",
    month = aug,
    year = "2021",
    address = "Online",
    publisher = "Association for Computational Linguistics",
    url = "https://aclanthology.org/2021.starsem-1.7",
    doi = "10.18653/v1/2021.starsem-1.7",
    pages = "78--88",
}

@inproceedings{poliak2018hypothesis,
    title = "Hypothesis Only Baselines in Natural Language Inference",
    author = "Poliak, Adam  and
      Naradowsky, Jason  and
      Haldar, Aparajita  and
      Rudinger, Rachel  and
      Van Durme, Benjamin",
    editor = "Nissim, Malvina  and
      Berant, Jonathan  and
      Lenci, Alessandro",
    booktitle = "Proceedings of the Seventh Joint Conference on Lexical and Computational Semantics",
    month = jun,
    year = "2018",
    address = "New Orleans, Louisiana",
    publisher = "Association for Computational Linguistics",
    url = "https://aclanthology.org/S18-2023",
    doi = "10.18653/v1/S18-2023",
    pages = "180--191",
}

@inproceedings{kim2019probing,
    title = "Probing What Different {NLP} Tasks Teach Machines about Function Word Comprehension",
    author = "Kim, Najoung  and
      Patel, Roma  and
      Poliak, Adam  and
      Xia, Patrick  and
      Wang, Alex  and
      McCoy, Tom  and
      Tenney, Ian  and
      Ross, Alexis  and
      Linzen, Tal  and
      Van Durme, Benjamin  and
      Bowman, Samuel R.  and
      Pavlick, Ellie",
    editor = "Mihalcea, Rada  and
      Shutova, Ekaterina  and
      Ku, Lun-Wei  and
      Evang, Kilian  and
      Poria, Soujanya",
    booktitle = "Proceedings of the Eighth Joint Conference on Lexical and Computational Semantics (*{SEM} 2019)",
    month = jun,
    year = "2019",
    address = "Minneapolis, Minnesota",
    publisher = "Association for Computational Linguistics",
    url = "https://aclanthology.org/S19-1026",
    doi = "10.18653/v1/S19-1026",
    pages = "235--249",
}


@inproceedings{wu2022generating,
    title = "Generating Data to Mitigate Spurious Correlations in Natural Language Inference Datasets",
    author = "Wu, Yuxiang  and
      Gardner, Matt  and
      Stenetorp, Pontus  and
      Dasigi, Pradeep",
    editor = "Muresan, Smaranda  and
      Nakov, Preslav  and
      Villavicencio, Aline",
    booktitle = "Proceedings of the 60th Annual Meeting of the Association for Computational Linguistics (Volume 1: Long Papers)",
    month = may,
    year = "2022",
    address = "Dublin, Ireland",
    publisher = "Association for Computational Linguistics",
    url = "https://aclanthology.org/2022.acl-long.190",
    doi = "10.18653/v1/2022.acl-long.190",
    pages = "2660--2676",
}

@article{bajaj2022metro,
  title={{METRO: Efficient Denoising Pretraining of Large Scale Autoencoding Language Models with Model Generated Signals}},
  author={Bajaj, Payal and Xiong, Chenyan and Ke, Guolin and Liu, Xiaodong and He, Di and Tiwary, Saurabh and Liu, Tie-Yan and Bennett, Paul and Song, Xia and Gao, Jianfeng},
  journal={arXiv preprint arXiv:2204.06644},
  url = {https://arxiv.org/abs/2204.06644},
  year={2022}
}

@article{liu2023evaluating,
  title={{Evaluating the Logical Reasoning Ability of ChatGPT and GPT-4}},
  author={Liu, Hanmeng and Ning, Ruoxi and Teng, Zhiyang and Liu, Jian and Zhou, Qiji and Zhang, Yue},
  journal={arXiv preprint arXiv:2304.03439},
  url={https://arxiv.org/abs/2304.03439},
  year={2023}
}

@inproceedings{wolfe2024laboratory,
  title={Laboratory-Scale AI: Open-Weight Models are Competitive with ChatGPT Even in Low-Resource Settings},
  author={Wolfe, Robert and Slaughter, Isaac and Han, Bin and Wen, Bingbing and Yang, Yiwei and Rosenblatt, Lucas and Herman, Bernease and Brown, Eva and Qu, Zening and Weber, Nic and others},
  booktitle={ACM Conference on Fairness, Accountability, and Transparency},
  url={https://dl.acm.org/doi/abs/10.1145/3630106.3658966},
  pages={1199--1210},
  year={2024}
}

@inproceedings{tay2022ul2,
  title={{UL2: Unifying Language Learning Paradigms}},
  author={Tay, Yi and Dehghani, Mostafa and Tran, Vinh Q and Garcia, Xavier and Wei, Jason and Wang, Xuezhi and Chung, Hyung Won and Bahri, Dara and Schuster, Tal and Zheng, Steven and others},
  booktitle={International Conference on Learning Representations},
  url={https://openreview.net/pdf?id=6ruVLB727MC},
  year=2022,
}

@inproceedings{guan2024language,
    title = "Language Models Hallucinate, but May Excel at Fact Verification",
    author = "Guan, Jian  and
      Dodge, Jesse  and
      Wadden, David  and
      Huang, Minlie  and
      Peng, Hao",
    editor = "Duh, Kevin  and
      Gomez, Helena  and
      Bethard, Steven",
    booktitle = "Proceedings of the 2024 Conference of the North American Chapter of the Association for Computational Linguistics: Human Language Technologies (Volume 1: Long Papers)",
    month = jun,
    year = "2024",
    address = "Mexico City, Mexico",
    publisher = "Association for Computational Linguistics",
    url = "https://aclanthology.org/2024.naacl-long.62",
    doi = "10.18653/v1/2024.naacl-long.62",
    pages = "1090--1111",
}


@inproceedings{yang2024reassess,
    title = "Reassess Summary Factual Inconsistency Detection with Large Language Model",
    author = "Yang, Jiuding  and
      Liu, Hui  and
      Guo, Weidong  and
      Rao, Zhuwei  and
      Xu, Yu  and
      Niu, Di",
    editor = "Li, Sha  and
      Li, Manling  and
      Zhang, Michael JQ  and
      Choi, Eunsol  and
      Geva, Mor  and
      Hase, Peter  and
      Ji, Heng",
    booktitle = "Proceedings of the 1st Workshop on Towards Knowledgeable Language Models (KnowLLM 2024)",
    month = aug,
    year = "2024",
    address = "Bangkok, Thailand",
    publisher = "Association for Computational Linguistics",
    url = "https://aclanthology.org/2024.knowllm-1.3",
    pages = "27--31",
}

@inproceedings{
hu2022lora,
title={Lo{RA}: Low-Rank Adaptation of Large Language Models},
author={Edward J Hu and Yelong Shen and Phillip Wallis and Zeyuan Allen-Zhu and Yuanzhi Li and Shean Wang and Lu Wang and Weizhu Chen},
booktitle={International Conference on Learning Representations},
year={2022},
url={https://openreview.net/forum?id=nZeVKeeFYf9}
}

@inproceedings{chen2022learning,
    title = "Learning to Generate Explanation from e-Hospital Services for Medical Suggestion",
    author = "Chen, Wei-Lin  and
      Yen, An-Zi  and
      Huang, Hen-Hsen  and
      Chen, Hsin-Hsi",
    editor = "Calzolari, Nicoletta  and
      Huang, Chu-Ren  and
      Kim, Hansaem  and
      Pustejovsky, James  and
      Wanner, Leo  and
      Choi, Key-Sun  and
      Ryu, Pum-Mo  and
      Chen, Hsin-Hsi  and
      Donatelli, Lucia  and
      Ji, Heng  and
      Kurohashi, Sadao  and
      Paggio, Patrizia  and
      Xue, Nianwen  and
      Kim, Seokhwan  and
      Hahm, Younggyun  and
      He, Zhong  and
      Lee, Tony Kyungil  and
      Santus, Enrico  and
      Bond, Francis  and
      Na, Seung-Hoon",
    booktitle = "Proceedings of the 29th International Conference on Computational Linguistics",
    month = oct,
    year = "2022",
    address = "Gyeongju, Republic of Korea",
    publisher = "International Committee on Computational Linguistics",
    url = "https://aclanthology.org/2022.coling-1.260",
    pages = "2946--2951",
}

@inproceedings{deyoung2020eraser,
    title = "{ERASER}: {A} Benchmark to Evaluate Rationalized {NLP} Models",
    author = "DeYoung, Jay  and
      Jain, Sarthak  and
      Rajani, Nazneen Fatema  and
      Lehman, Eric  and
      Xiong, Caiming  and
      Socher, Richard  and
      Wallace, Byron C.",
    editor = "Jurafsky, Dan  and
      Chai, Joyce  and
      Schluter, Natalie  and
      Tetreault, Joel",
    booktitle = "Proceedings of the 58th Annual Meeting of the Association for Computational Linguistics",
    month = jul,
    year = "2020",
    address = "Online",
    publisher = "Association for Computational Linguistics",
    url = "https://aclanthology.org/2020.acl-main.408",
    doi = "10.18653/v1/2020.acl-main.408",
    pages = "4443--4458",
}

@inproceedings{groeneveld2024olmo,
    title = "{OLM}o: Accelerating the Science of Language Models",
    author = "Groeneveld, Dirk  and
      Beltagy, Iz  and
      Walsh, Evan  and
      Bhagia, Akshita  and
      Kinney, Rodney  and
      Tafjord, Oyvind  and
      Jha, Ananya  and
      Ivison, Hamish  and
      Magnusson, Ian  and
      Wang, Yizhong  and
      Arora, Shane  and
      Atkinson, David  and
      Authur, Russell  and
      Chandu, Khyathi  and
      Cohan, Arman  and
      Dumas, Jennifer  and
      Elazar, Yanai  and
      Gu, Yuling  and
      Hessel, Jack  and
      Khot, Tushar  and
      Merrill, William  and
      Morrison, Jacob  and
      Muennighoff, Niklas  and
      Naik, Aakanksha  and
      Nam, Crystal  and
      Peters, Matthew  and
      Pyatkin, Valentina  and
      Ravichander, Abhilasha  and
      Schwenk, Dustin  and
      Shah, Saurabh  and
      Smith, William  and
      Strubell, Emma  and
      Subramani, Nishant  and
      Wortsman, Mitchell  and
      Dasigi, Pradeep  and
      Lambert, Nathan  and
      Richardson, Kyle  and
      Zettlemoyer, Luke  and
      Dodge, Jesse  and
      Lo, Kyle  and
      Soldaini, Luca  and
      Smith, Noah  and
      Hajishirzi, Hannaneh",
    editor = "Ku, Lun-Wei  and
      Martins, Andre  and
      Srikumar, Vivek",
    booktitle = "Proceedings of the 62nd Annual Meeting of the Association for Computational Linguistics (Volume 1: Long Papers)",
    month = aug,
    year = "2024",
    address = "Bangkok, Thailand",
    publisher = "Association for Computational Linguistics",
    url = "https://aclanthology.org/2024.acl-long.841",
    pages = "15789--15809",
}

@inproceedings{soldaini2024dolma,
    title = {{Dolma: an Open Corpus of Three Trillion Tokens for Language Model Pretraining Research}},
    author = "Soldaini, Luca  and
      Kinney, Rodney  and
      Bhagia, Akshita  and
      Schwenk, Dustin  and
      Atkinson, David  and
      Authur, Russell  and
      Bogin, Ben  and
      Chandu, Khyathi  and
      Dumas, Jennifer  and
      Elazar, Yanai  and
      Hofmann, Valentin  and
      Jha, Ananya  and
      Kumar, Sachin  and
      Lucy, Li  and
      Lyu, Xinxi  and
      Lambert, Nathan  and
      Magnusson, Ian  and
      Morrison, Jacob  and
      Muennighoff, Niklas  and
      Naik, Aakanksha  and
      Nam, Crystal  and
      Peters, Matthew  and
      Ravichander, Abhilasha  and
      Richardson, Kyle  and
      Shen, Zejiang  and
      Strubell, Emma  and
      Subramani, Nishant  and
      Tafjord, Oyvind  and
      Walsh, Evan  and
      Zettlemoyer, Luke  and
      Smith, Noah  and
      Hajishirzi, Hannaneh  and
      Beltagy, Iz  and
      Groeneveld, Dirk  and
      Dodge, Jesse  and
      Lo, Kyle",
    editor = "Ku, Lun-Wei  and
      Martins, Andre  and
      Srikumar, Vivek",
    booktitle = "Proceedings of the 62nd Annual Meeting of the Association for Computational Linguistics (Volume 1: Long Papers)",
    month = aug,
    year = "2024",
    address = "Bangkok, Thailand",
    publisher = "Association for Computational Linguistics",
    url = "https://aclanthology.org/2024.acl-long.840",
    pages = "15725--15788",
}

@inproceedings{wang2023pinto,
title={{PINTO}: Faithful Language Reasoning Using Prompted-Generated Rationales},
author={PeiFeng Wang and Aaron Chan and Filip Ilievski and Muhao Chen and Xiang Ren},
booktitle={International Conference on Learning Representations},
year={2023},
url={https://openreview.net/forum?id=WBXbRs63oVu}
}

@inproceedings{ramnath2024tailoring,
  title={{Tailoring Self-Rationalizers with Multi-Reward Distillation}},
  author={Ramnath, Sahana and Joshi, Brihi and Hallinan, Skyler and Lu, Ximing and Li, Liunian Harold and Chan, Aaron and Hessel, Jack and Choi, Yejin and Ren, Xiang},
  booktitle={International Conference on Learning Representations (ICLR},
  url={https://openreview.net/forum?id=t8eO0CiZJV},
  year={2024}
}

@inproceedings{kunz2024properties,
    title = "Properties and Challenges of {LLM}-Generated Explanations",
    author = "Kunz, Jenny  and
      Kuhlmann, Marco",
    editor = "Blodgett, Su Lin  and
      Curry, Amanda Cercas  and
      Dev, Sunipa  and
      Madaio, Michael  and
      Nenkova, Ani  and
      Yang, Diyi  and
      Xiao, Ziang",
    booktitle = "Proceedings of the Third Workshop on Bridging Human--Computer Interaction and Natural Language Processing",
    month = jun,
    year = "2024",
    address = "Mexico City, Mexico",
    publisher = "Association for Computational Linguistics",
    url = "https://aclanthology.org/2024.hcinlp-1.2",
    doi = "10.18653/v1/2024.hcinlp-1.2",
    pages = "13--27",
}

@article{calderon2024behalf,
  title={{On Behalf of the Stakeholders: Trends in NLP Model Interpretability in the Era of LLMs}},
  author={Calderon, Nitay and Reichart, Roi},
  journal={arXiv preprint arXiv:2407.19200},
  url = {https://arxiv.org/abs/2407.19200},
  year={2024}
}

@inproceedings{ross2022self,
    title = "Does Self-Rationalization Improve Robustness to Spurious Correlations?",
    author = "Ross, Alexis  and
      Peters, Matthew  and
      Marasovic, Ana",
    editor = "Goldberg, Yoav  and
      Kozareva, Zornitsa  and
      Zhang, Yue",
    booktitle = "Proceedings of the 2022 Conference on Empirical Methods in Natural Language Processing",
    month = dec,
    year = "2022",
    address = "Abu Dhabi, United Arab Emirates",
    publisher = "Association for Computational Linguistics",
    url = "https://aclanthology.org/2022.emnlp-main.501",
    doi = "10.18653/v1/2022.emnlp-main.501",
    pages = "7403--7416",
}

@inproceedings{veerubhotla2023shot,
    title = "Few Shot Rationale Generation using Self-Training with Dual Teachers",
    author = {Veerubhotla, Aditya Srikanth  and
      Poddar, Lahari  and
      Yin, Jun  and
      Szarvas, Gy{\"o}rgy  and
      Eswaran, Sharanya},
    editor = "Rogers, Anna  and
      Boyd-Graber, Jordan  and
      Okazaki, Naoaki",
    booktitle = "Findings of the Association for Computational Linguistics: ACL 2023",
    month = jul,
    year = "2023",
    address = "Toronto, Canada",
    publisher = "Association for Computational Linguistics",
    url = "https://aclanthology.org/2023.findings-acl.297",
    doi = "10.18653/v1/2023.findings-acl.297",
    pages = "4825--4838",
}

@inproceedings{zarharan2024tell,
    title = "Tell Me Why: Explainable Public Health Fact-Checking with Large Language Models",
    author = "Zarharan, Majid  and
      Wullschleger, Pascal  and
      Behkam Kia, Babak  and
      Pilehvar, Mohammad Taher  and
      Foster, Jennifer",
    editor = "Ovalle, Anaelia  and
      Chang, Kai-Wei  and
      Cao, Yang Trista  and
      Mehrabi, Ninareh  and
      Zhao, Jieyu  and
      Galstyan, Aram  and
      Dhamala, Jwala  and
      Kumar, Anoop  and
      Gupta, Rahul",
    booktitle = "Proceedings of the 4th Workshop on Trustworthy Natural Language Processing (TrustNLP 2024)",
    month = jun,
    year = "2024",
    address = "Mexico City, Mexico",
    publisher = "Association for Computational Linguistics",
    url = "https://aclanthology.org/2024.trustnlp-1.21",
    doi = "10.18653/v1/2024.trustnlp-1.21",
    pages = "252--278",
}

@inproceedings{ben1980characterization,
  title={Characterization of Pareto and lexicographic optimal solutions},
  author={Ben-Tal, Aharon},
  booktitle={Multiple Criteria Decision Making Theory and Application: Proceedings of the Third Conference Hagen/K{\"o}nigswinter, West Germany, August 20--24, 1979},
  pages={1--11},
  year={1980},
  url= {https://link.springer.com/chapter/10.1007/978-3-642-48782-8_1},
  organization={Springer}
}

@article{luo2023empirical,
  title={An empirical study of catastrophic forgetting in large language models during continual fine-tuning},
  author={Luo, Yun and Yang, Zhen and Meng, Fandong and Li, Yafu and Zhou, Jie and Zhang, Yue},
  journal={arXiv preprint arXiv:2308.08747},
  url={https://arxiv.org/pdf/2308.08747},
  year={2023}
}

@inproceedings{mosbach2023shot,
    title = "Few-shot Fine-tuning vs. In-context Learning: A Fair Comparison and Evaluation",
    author = "Mosbach, Marius  and
      Pimentel, Tiago  and
      Ravfogel, Shauli  and
      Klakow, Dietrich  and
      Elazar, Yanai",
    editor = "Rogers, Anna  and
      Boyd-Graber, Jordan  and
      Okazaki, Naoaki",
    booktitle = "Findings of the Association for Computational Linguistics: ACL 2023",
    month = jul,
    year = "2023",
    address = "Toronto, Canada",
    publisher = "Association for Computational Linguistics",
    url = "https://aclanthology.org/2023.findings-acl.779",
    doi = "10.18653/v1/2023.findings-acl.779",
    pages = "12284--12314",
}

