@article{arnold2020cooperative,
  title={Cooperative Perception for 3D Object Detection in Driving Scenarios Using Infrastructure Sensors},
  author={Arnold, Eduardo and Dianati, Mehrdad and de Temple, Robert and Fallah, Saber},
  journal={Intelligence Transportation System},
  volume={23},
  number={3},
  pages={1852--1864},
  year={2020}
}

@article{bi2022edge,
  title={Edge-Cooperative Privacy-Preserving Object Detection Over Random Point Cloud Shares for Connected Autonomous Vehicles},
  author={Bi, Renwan and Xiong, Jinbo and Tian, Youliang and Li, Qi and Liu, Ximeng},
  journal={Intelligence Transportation System},
  volume={23},
  number={12},
  pages={24979--24990},
  year={2022}
}

@inproceedings{chen2019f,
  title={F-cooper: Feature-Based Cooperative Perception for Autonomous Vehicle Edge Computing System Using 3D Point Clouds},
  author={Chen, Qi and Ma, Xu and Tang, Sihai and Guo, Jingda and Yang, Qing and Fu, Song},
  booktitle={ACM/IEEE Symposium on Edge Computing},
  year={2019}
}

@inproceedings{dalal2005histograms,
  title={Histograms of oriented gradients for human detection},
  author={Dalal, Navneet and Triggs, Bill},
  booktitle={IEEE/CVF Conference on Computer Vision and Pattern Recognition},
  year={2005}
}

@inproceedings{engel2014lsd,
  title={{LSD-SLAM}: Large-Scale Direct Monocular SLAM},
  author={Engel, Jakob and Sch{\"o}ps, Thomas and Cremers, Daniel},
  booktitle={European Conference on Computer Vision},
  year={2014}
}

@article{fathian2020clear,
  title={CLEAR: A Consistent Lifting, Embedding, and Alignment Rectification Algorithm for Multiview Data Association},
  author={Fathian, Kaveh and Khosoussi, Kasra and Tian, Yulun and Lusk, Parker and How, Jonathan P},
  journal={TRO},
  volume={36},
  number={6},
  pages={1686--1703},
  year={2020}
}

@inproceedings{fey2019deep,
  title={Deep Graph Matching Consensus},
  author={Fey, Matthias and Lenssen, Jan E and Morris, Christopher and Masci, Jonathan and Kriege, Nils M},
  booktitle={International Conference on Learning Representations},
  year={2019}
}

@article{forsyth2014object,
  title={Object Detection with Discriminatively Trained Part-Based Models},
  author={Forsyth, David},
  journal={Computer},
  volume={47},
  number={02},
  pages={6--7},
  year={2014}
}

@inproceedings{gao2020correspondence,
  title={Correspondence Identification in Collaborative Robot Perception through Maximin Hypergraph Matching},
  author={Gao, Peng and Zhang, Ziling and Guo, Rui and Lu, Hongsheng and Zhang, Hao},
  booktitle={IEEE International Conference on Robotics and Automation},
  year={2020}
}

@inproceedings{gao2021bayesian,
  title={Bayesian Deep Graph Matching for Correspondence Identification in Collaborative Perception.},
  author={Gao, Peng and Zhang, Hao},
  booktitle={Robotics: Science and Systems},
  year={2021}
}

@inproceedings{gao2021regularized,
  title={Regularized Graph Matching for Correspondence Identification under Uncertainty in Collaborative Perception},
  author={Gao, Peng and Guo, Rui and Lu, Hongsheng and Zhang, Hao},
  booktitle={Robotics: Science and Systems},
  year={2021}
}

@article{gao2022correspondence,
  title={Correspondence Identification for Collaborative Multi-Robot Perception under Uncertainty},
  author={Gao, Peng and Guo, Rui and Lu, Hongsheng and Zhang, Hao},
  journal={Autonomous Robots},
  volume={46},
  number={1},
  pages={5--20},
  year={2022}
}

@article{guo2021coff,
  title={CoFF: Cooperative Spatial Feature Fusion for 3-D Object Detection on Autonomous Vehicles},
  author={Guo, Jingda and Carrillo, Dominic and Tang, Sihai and Chen, Qi and Yang, Qing and Fu, Song and Wang, Xi and Wang, Nannan and Palacharla, Paparao},
  journal={Internet of Thing},
  volume={8},
  number={14},
  pages={11078--11087},
  year={2021}
}

@inproceedings{he2021transreid,
  title={Transreid: Transformer-based Object Re-identification},
  author={He, Shuting and Luo, Hao and Wang, Pichao and Wang, Fan and Li, Hao and Jiang, Wei},
  booktitle={ IEEE/CVF International Conference on Computer Vision},
  year={2021}
}

@inproceedings{hu2018distributable,
  title={{Distributable Consistent Multi-Object Matching}},
  author={Hu, Nan and Huang, Qixing and Thibert, Boris and Guibas, Leonidas J},
  booktitle={ IEEE/CVF Conference on Computer Vision and Pattern Recognition},
  year={2018}
}

@article{hu2022where2comm,
  title={Where2comm: Communication-Efficient Collaborative Perception via Spatial Confidence Maps},
  author={Hu, Yue and Fang, Shaoheng and Lei, Zixing and Zhong, Yiqi and Chen, Siheng},
  journal={NIPS},
  year={2022}
}

@inproceedings{hu2023collaboration,
  title={Collaboration Helps Camera Overtake LiDAR in 3D Detection},
  author={Hu, Yue and Lu, Yifan and Xu, Runsheng and Xie, Weidi and Chen, Siheng and Wang, Yanfeng},
  booktitle={IEEE/CVF Conference on Computer Vision and Pattern Recognition},
  year={2023}
}

@inproceedings{jin2020semantics,
  title={{Semantics-Aligned Representation Learning for Person Re-identification}},
  author={Jin, Xin and Lan, Cuiling and Zeng, Wenjun and Wei, Guoqiang and Chen, Zhibo},
  booktitle={The AAAI Conference on Artificial Intelligence},
  year={2020}
}

@inproceedings{khatun2020semantic,
  title={{Semantic Consistency and Identity Mapping Multi-component Generative Adversarial Network for Person Re-identification}},
  author={Khatun, Amena and Denman, Simon and Sridharan, Sridha and Fookes, Clinton},
  booktitle={WACV},
  year={2020}
}

@article{li2021learning,
  title={Learning Distilled Collaboration Graph for Multi-Agent Perception},
  author={Li, Yiming and Ren, Shunli and Wu, Pengxiang and Chen, Siheng and Feng, Chen and Zhang, Wenjun},
  journal={NIPS},
  year={2021}
}

@inproceedings{liu2020when2com,
  title={When2com: Multi-Agent Perception via Communication Graph Grouping},
  author={Liu, Yen-Cheng and Tian, Junjiao and Glaser, Nathaniel and Kira, Zsolt},
  booktitle={ IEEE/CVF Conference on Computer Vision and Pattern Recognition},
  year={2020}
}

@inproceedings{liu2020who2com,
  title={Who2com: Collaborative Perception via Learnable Handshake Communication},
  author={Liu, Yen-Cheng and Tian, Junjiao and Ma, Chih-Yao and Glaser, Nathan and Kuo, Chia-Wen and Kira, Zsolt},
  booktitle={IEEE International Conference on Robotics and Automation},
  year={2020}
}

@article{mur2015orb,
  title={{ORB-SLAM}: A Versatile and Accurate Monocular SLAM System},
  author={Mur-Artal, Raul and Montiel, Jose Maria Martinez and Tardos, Juan D},
  journal={TRO},
  volume={31},
  number={5},
  pages={1147--1163},
  year={2015}
}

@inproceedings{rusinkiewicz2001efficient,
  title={Efficient Variants of the ICP Algorithm},
  author={Rusinkiewicz, Szymon and Levoy, Marc},
  booktitle={IEEE International Conference on 3D Digital Imaging and Modeling},
  year={2001}
}

@inproceedings{song2023cooperative,
  title={A Cooperative Perception System Robust to Localization Errors},
  author={Song, Zhiying and Wen, Fuxi and Zhang, Hailiang and Li, Jun},
  booktitle={IEEE Intelligent Vehicles Symposium},
  year={2023}
}

@inproceedings{voigtlaender2019mots,
  title={{MOTS}: {Multi-object} Tracking and Segmentation},
  author={Voigtlaender, Paul and Krause, Michael and Osep, Aljosa and Luiten, Jonathon and Sekar, Berin Balachandar Gnana and Geiger, Andreas and Leibe, Bastian},
  booktitle={ IEEE/CVF Conference on Computer Vision and Pattern Recognition},
  year={2019}
}

@inproceedings{wang2019learning,
  title={Learning Combinatorial Embedding Networks for Deep Graph Matching},
  author={Wang, Runzhong and Yan, Junchi and Yang, Xiaokang},
  booktitle={ IEEE/CVF International Conference on Computer Vision},
  year={2019}
}

@inproceedings{wang2020v2vnet,
  title={V2VNet: Vehicle-to-Vehicle Communication for Joint Perception and Prediction},
  author={Wang, Tsun-Hsuan and Manivasagam, Sivabalan and Liang, Ming and Yang, Bin and Zeng, Wenyuan and Urtasun, Raquel},
  booktitle={European Conference on Computer Vision},
  year={2020}
}

@article{xu2022cobevt,
  title={CoBEVT: Cooperative Bird's Eye View Semantic Segmentation with Sparse Transformers},
  author={Xu, Runsheng and Tu, Zhengzhong and Xiang, Hao and Shao, Wei and Zhou, Bolei and Ma, Jiaqi},
  journal={arXiv},
  year={2022}
}

@inproceedings{xu2022opv2v,
  title={{OPV2V}: An Open Benchmark Dataset and Fusion Pipeline for Perception with Vehicle-to-Vehicle Communication},
  author={Xu, Runsheng and Xiang, Hao and Xia, Xin and Han, Xu and Li, Jinlong and Ma, Jiaqi},
  booktitle={IEEE International Conference on Robotics and Automation},
  year={2022}
}

@inproceedings{xu2022v2x,
  title={V2X-VIT: Vehicle-to-Everything Cooperative Perception with Vision Transformer},
  author={Xu, Runsheng and Xiang, Hao and Tu, Zhengzhong and Xia, Xin and Yang, Ming-Hsuan and Ma, Jiaqi},
  booktitle={European Conference on Computer Vision},
  year={2022}
}

@article{yuan2022keypoints,
  title={Keypoints-Based Deep Feature Fusion for Cooperative Vehicle Detection of Autonomous Driving},
  author={Yuan, Yunshuang and Cheng, Hao and Sester, Monika},
  journal={RAL},
  volume={7},
  number={2},
  pages={3054--3061},
  year={2022}
}

@inproceedings{zhang2019deep,
  title={{Deep Graphical Feature Learning for the Feature Matching Problem}},
  author={Zhang, Zhen and Lee, Wee Sun},
  booktitle={ IEEE/CVF International Conference on Computer Vision},
  year={2019}
}

@inproceedings{zhang20232,
  title={{L2V2T2-Calib: Automatic and Unified Extrinsic Calibration Toolbox for Different 3D LiDAR, Visual Camera and Thermal Camera}},
  author={Zhang, Jun and Liu, Yiyao and Wen, Mingxing and Yue, Yufeng and Zhang, Haoyuan and Wang, Danwei},
  booktitle={IVS},
  year={2023}
}

@article{zhou2022multi,
  title={Multi-robot Collaborative Perception with Graph Neural Networks},
  author={Zhou, Yang and Xiao, Jiuhong and Zhou, Yue and Loianno, Giuseppe},
  journal={RAL},
  volume={7},
  number={2},
  pages={2289--2296},
  year={2022}
}

