@article{li2021learning,
  title={Learning Distilled Collaboration Graph for Multi-Agent Perception},
  author={Li, Yiming and Ren, Shunli and Wu, Pengxiang and Chen, Siheng and Feng, Chen and Zhang, Wenjun},
  journal={NIPS},
  year={2021}
}

@article{hu2022where2comm,
  title={Where2comm: Communication-Efficient Collaborative Perception via Spatial Confidence Maps},
  author={Hu, Yue and Fang, Shaoheng and Lei, Zixing and Zhong, Yiqi and Chen, Siheng},
  journal={NIPS},
  year={2022}
}

@article{li2022v2x,
  title={V2X-Sim: Multi-Agent Collaborative Perception Dataset and Benchmark for Autonomous Driving},
  author={Li, Yiming and Ma, Dekun and An, Ziyan and Wang, Zixun and Zhong, Yiqi and Chen, Siheng and Feng, Chen},
  journal={RAL},
  volume={7},
  number={4},
  pages={10914--10921},
  year={2022},
  publisher={IEEE}
}

@article{han2023collaborative,
  title={Collaborative Perception in Autonomous Driving: Methods, Datasets and Challenges},
  author={Han, Yushan and Zhang, Hui and Li, Huifang and Jin, Yi and Lang, Congyan and Li, Yidong},
  journal={arXiv},
  year={2023}
}

@article{kenney2011dedicated,
  title={Dedicated Short-Range Communications (DSRC) Standards in the United States},
  author={Kenney, John B},
  journal={Proceedings of the IEEE},
  volume={99},
  number={7},
  pages={1162--1182},
  year={2011},
  publisher={IEEE}
}

@inproceedings{gallo2013short,
  title={A LTE-Direct Broadcast Mechanism for Periodic Vehicular Safety Communications},
  author={Gallo, Laurent and H{\"a}rri, J{\'e}r{\^o}me},
  booktitle={IEEE Vehicular Networking Conference},
  pages={166--169},
  year={2013},
  organization={IEEE}
}

@inproceedings{cui2022coopernaut,
  title={Coopernaut: End-to-End Driving with Cooperative Perception for Networked Vehicles},
  author={Cui, Jiaxun and Qiu, Hang and Chen, Dian and Stone, Peter and Zhu, Yuke},
  booktitle={ IEEE/CVF Conference on Computer Vision and Pattern Recognition},
  year={2022}
}

@article{velickovic2017graph,
  title={Graph Attention Networks},
  author={Velickovic, Petar and Cucurull, Guillem and Casanova, Arantxa and Romero, Adriana and Lio, Pietro and Bengio, Yoshua and others},
  journal={Statistics},
  volume={1050},
  number={20},
  pages={10--48550},
  year={2017}
}

@inproceedings{unimp_ijcai21,
  title={Masked Label Prediction: Unified Message Passing Model for Semi-Supervised Classification},
  author={Shi, Yunsheng and Huang, Zhengjie and Feng, Shikun and Zhong, Hui and Wang, Wenjing and Sun, Yu},
  booktitle={IJCAI},
  year={2021}
}

@inproceedings{velikovi2017graph,
  title={Graph Attention Networks},
  author={Veličković, Petar and Cucurull, Guillem and Casanova, Arantxa and Romero, Adriana and Liò, Pietro and Bengio, Yoshua},
  journal={International Conference on Learning Representations},
  year={2017}
}

@inproceedings{fey2020,
  title={Deep Graph Matching Consensus},
  author={Fey, M. and Lenssen, J. E. and Morris, C. and Masci, J. and Kriege, N. M.},
  booktitle={International Conference on Learning Representations},
  year={2020},
}

@inproceedings{dosovitskiy17,
  title={CARLA: An Open Urban Driving Simulator},
  author={Alexey Dosovitskiy and German Ros and Felipe Codevilla and Antonio Lopez and Vladlen Koltun},
  booktitle={Conference on Robot Learning},
  year={2017}
}




@software{glenn_jocher_2022_6222936,
  author       = {Glenn Jocher and
                  Ayush Chaurasia and
                  Alex Stoken and
                  Jirka Borovec and
                  NanoCode012 and
                  Yonghye Kwon and
                  TaoXie and
                  Jiacong Fang and
                  imyhxy and
                  Kalen Michael and
                  Lorna and
                  Abhiram V and
                  Diego Montes and
                  Jebastin Nadar and
                  Laughing and
                  tkianai and
                  yxNONG and
                  Piotr Skalski and
                  Zhiqiang Wang and
                  Adam Hogan and
                  Cristi Fati and
                  Lorenzo Mammana and
                  AlexWang1900 and
                  Deep Patel and
                  Ding Yiwei and
                  Felix You and
                  Jan Hajek and
                  Laurentiu Diaconu and
                  Mai Thanh Minh},
  title        = {{ultralytics/yolov5: v6.1 - TensorRT, TensorFlow 
                   Edge TPU and OpenVINO Export and Inference}},
  month        = feb,
  year         = 2022,
  publisher    = {Zenodo},
  version      = {v6.1},
  doi          = {10.5281/zenodo.6222936},
  url          = {https://doi.org/10.5281/zenodo.6222936}
}

@inproceedings{dalal2005histograms,
  title={Histograms of oriented gradients for human detection},
  author={Dalal, Navneet and Triggs, Bill},
  booktitle={IEEE/CVF Conference on Computer Vision and Pattern Recognition},
  year={2005}
}

@inproceedings{fey2018splinecnn,
  title={{SplineCNN}: Fast geometric deep learning with continuous b-spline kernels},
  author={Fey, Matthias and Lenssen, Jan Eric and Weichert, Frank and M{\"u}ller, Heinrich},
  booktitle={ IEEE/CVF Conference on Computer Vision and Pattern Recognition},
  year={2018}
}

@inproceedings{gao2021bayesian,
  title={Bayesian Deep Graph Matching for Correspondence Identification in Collaborative Perception.},
  author={Gao, Peng and Zhang, Hao},
  booktitle={Robotics: Science and Systems},
  year={2021}
}

@inproceedings{rublee2011orb,
  title={{ORB:} An efficient alternative to SIFT or SURF},
  author={Rublee, Ethan and Rabaud, Vincent and Konolige, Kurt and Bradski, Gary},
  booktitle={ IEEE/CVF International Conference on Computer Vision},
  year={2011}
}

@article{calonder2011brief,
  title={{BRIEF:} Computing a local binary descriptor very fast},
  author={Calonder, Michael and Lepetit, Vincent and Ozuysal, Mustafa and Trzcinski, Tomasz and Strecha, Christoph and Fua, Pascal},
  journal={IEEE Transactions on Pattern Analysis and Machine Intelligence},
  volume={34},
  number={7},
  pages={1281--1298},
  year={2011}
}
@article{lowe2004distinctive,
  title={Distinctive Image Features from Scale-Invariant Keypoints},
  author={Lowe, David G},
  journal={IJCV},
  volume={60},
  number={2},
  pages={91--110},
  year={2004}
}

@inproceedings{gao2020correspondence,
  title={Correspondence Identification in Collaborative Robot Perception through Maximin Hypergraph Matching},
  author={Gao, Peng and Zhang, Ziling and Guo, Rui and Lu, Hongsheng and Zhang, Hao},
  booktitle={IEEE International Conference on Robotics and Automation},
  year={2020}
}

@inproceedings{gao2021regularized,
  title={Regularized Graph Matching for Correspondence Identification under Uncertainty in Collaborative Perception},
  author={Gao, Peng and Guo, Rui and Lu, Hongsheng and Zhang, Hao},
  booktitle={Robotics: Science and Systems},
  year={2021}
}

@inproceedings{wang2019learning,
  title={Learning Combinatorial Embedding Networks for Deep Graph Matching},
  author={Wang, Runzhong and Yan, Junchi and Yang, Xiaokang},
  booktitle={ IEEE/CVF International Conference on Computer Vision},
  year={2019}
}

@inproceedings{sarlin2020superglue,
  title={Superglue: Learning Feature Matching with Graph Neural Networks},
  author={Sarlin, Paul-Edouard and DeTone, Daniel and Malisiewicz, Tomasz and Rabinovich, Andrew},
  booktitle={ IEEE/CVF Conference on Computer Vision and Pattern Recognition},
  year={2020}
}

@inproceedings{fey2019deep,
  title={Deep Graph Matching Consensus},
  author={Fey, Matthias and Lenssen, Jan E and Morris, Christopher and Masci, Jonathan and Kriege, Nils M},
  booktitle={International Conference on Learning Representations},
  year={2019}
}

@inproceedings{reily2021balancing,
  title={Balancing Mission and Comprehensibility in Multi-Robot Systems for Disaster Response},
  author={Reily, Brian and Rogers, John G and Reardon, Christopher},
  booktitle={SSRR},
  year={2021}
}

@inproceedings{guo2019collaborative,
  title={Collaborative Localization for Occluded Objects in Connected Vehicular Platform},
  author={Guo, Rui and Lu, Hongsheng and Gao, Peng and Zhang, Ziling and Zhang, Hao},
  booktitle={VTC},
  year={2019}
}

@inproceedings{arandjelovic2016netvlad,
  title={NetVLAD: CNN Architecture for Weakly Supervised Place Recognition},
  author={Arandjelovic, Relja and Gronat, Petr and Torii, Akihiko and Pajdla, Tomas and Sivic, Josef},
  booktitle={ IEEE/CVF Conference on Computer Vision and Pattern Recognition},
  year={2016}
}

@article{boyd2011distributed,
  title={Distributed Optimization and Statistical Learning via the Alternating Direction Method of Multipliers},
  author={Boyd, Stephen and Parikh, Neal and Chu, Eric and Peleato, Borja and Eckstein, Jonathan and others},
  journal={Foundations and Trends in Machine Learning},
  volume={3},
  number={1},
  pages={1--122},
  year={2011}
}

@article{fathian2020clear,
  title={CLEAR: A Consistent Lifting, Embedding, and Alignment Rectification Algorithm for Multiview Data Association},
  author={Fathian, Kaveh and Khosoussi, Kasra and Tian, Yulun and Lusk, Parker and How, Jonathan P},
  journal={TRO},
  volume={36},
  number={6},
  pages={1686--1703},
  year={2020}
}

@article{robin2016multi,
  title={Multi-Robot Target Detection and Tracking: Taxonomy and Survey},
  author={Robin, Cyril and Lacroix, Simon},
  journal={Autonomous Robots},
  volume={40},
  number={4},
  pages={729--760},
  year={2016}
}

@article{wei2018survey,
  title={Survey of Connected Automated Vehicle Perception Mode: From Autonomy to Interaction},
  author={Wei, ShangGuan and Yu, Du and Guo, Chai Lin and Dan, Liu and Shu, Wang Wei},
  journal={Intelligence Transportation System},
  volume={13},
  number={3},
  pages={495--505},
  year={2018}
}

@article{yu2018unsupervised,
  title={Unsupervised Person Re-identification by Deep Asymmetric Metric Embedding},
  author={Yu, Hong-Xing and Wu, Ancong and Zheng, Wei-Shi},
  journal={IEEE Transactions on Pattern Analysis and Machine Intelligence},
  year={2018}
}

@article{gao2022correspondence,
  title={Correspondence Identification for Collaborative Multi-Robot Perception under Uncertainty},
  author={Gao, Peng and Guo, Rui and Lu, Hongsheng and Zhang, Hao},
  journal={Autonomous Robots},
  volume={46},
  number={1},
  pages={5--20},
  year={2022}
}

@inproceedings{gao2020long,
  title={Long-term Loop Closure Detection through Visual-Spatial Information Preserving Multi-order Graph Matching},
  author={Gao, Peng and Zhang, Hao},
  booktitle={The AAAI Conference on Artificial Intelligence},
  year={2020}
}


@inproceedings{gao2021multi,
  title={Multi-View Sensor Fusion by Integrating Model-Based Estimation and Graph Learning for Collaborative Object Localization},
  author={Gao, Peng and Guo, Rui and Lu, Hongsheng and Zhang, Hao},
  booktitle={IEEE International Conference on Robotics and Automation},
  year={2021}
}

@inproceedings{ji2017surfacenet,
  title={SurfaceNet: An End-to-End 3D Neural Network for Multiview Stereopsis},
  author={Ji, Mengqi and Gall, Juergen and Zheng, Haitian and Liu, Yebin and Fang, Lu},
  booktitle={ IEEE/CVF International Conference on Computer Vision},
  year={2017}
}

@inproceedings{liu2020who2com,
  title={Who2com: Collaborative Perception via Learnable Handshake Communication},
  author={Liu, Yen-Cheng and Tian, Junjiao and Ma, Chih-Yao and Glaser, Nathan and Kuo, Chia-Wen and Kira, Zsolt},
  booktitle={IEEE International Conference on Robotics and Automation},
  year={2020}
}
@article{zhu2021learning,
  title={Learning Interaction-Aware Trajectory Predictions for Decentralized Multi-Robot Motion Planning in Dynamic Environments},
  author={Zhu, Hai and Claramunt, Francisco Martinez and Brito, Bruno and Alonso-Mora, Javier},
  journal={RAL},
  volume={6},
  number={2},
  pages={2256--2263},
  year={2021}
}

@inproceedings{zhang2014loam,
  title={{LOAM:} Lidar Odometry and Mapping in Real-Time},
  author={Zhang, Ji and Singh, Sanjiv},
  booktitle={Robotics: Science and Systems},
  year={2014}
}

@inproceedings{liu2020when2com,
  title={When2com: Multi-Agent Perception via Communication Graph Grouping},
  author={Liu, Yen-Cheng and Tian, Junjiao and Glaser, Nathaniel and Kira, Zsolt},
  booktitle={ IEEE/CVF Conference on Computer Vision and Pattern Recognition},
  year={2020}
}

@article{yuan2021comap,
  title={{COMAP}: A Synthetic Dataset for Collective Multi-Agent Perception of Autonomous Driving},
  author={Yuan, Y. and Sester, M.},
  journal={The International Archives of Photogrammetry, Remote Sensing and Spatial Information Sciences},
  volume={43},
  pages={255--263},
  year={2021}
}

@inproceedings{xu2022opv2v,
  title={{OPV2V}: An Open Benchmark Dataset and Fusion Pipeline for Perception with Vehicle-to-Vehicle Communication},
  author={Xu, Runsheng and Xiang, Hao and Xia, Xin and Han, Xu and Li, Jinlong and Ma, Jiaqi},
  booktitle={IEEE International Conference on Robotics and Automation},
  year={2022}
}

@inproceedings{yu2022dair,
  title={{DAIR-V2X}: A Large-Scale Dataset for Vehicle-Infrastructure Cooperative 3D Object Detection},
  author={Yu, Haibao and Luo, Yizhen and Shu, Mao and Huo, Yiyi and Yang, Zebang and Shi, Yifeng and Guo, Zhenglong and Li, Hanyu and Hu, Xing and Yuan, Jirui and others},
  booktitle={ IEEE/CVF Conference on Computer Vision and Pattern Recognition},
  year={2022}
}
@inproceedings{dosovitskiy2017carla,
  title={{CARLA}: An Open Urban Driving Simulator},
  author={Dosovitskiy, Alexey and Ros, German and Codevilla, Felipe and Lopez, Antonio and Koltun, Vladlen},
  booktitle={Conference on Robot Learning},
  year={2017}
}

@inproceedings{krajzewicz2002sumo,
  title={{SUMO} (Simulation of Urban MObility)-An Open-Source Traffic Simulation},
  author={Krajzewicz, Daniel and Hertkorn, Georg and R{\"o}ssel, Christian and Wagner, Peter},
  booktitle={The 4th Middle East Symposium on Simulation and Modelling},
  year={2002}
}

@inproceedings{engel2014lsd,
  title={{LSD-SLAM}: Large-Scale Direct Monocular SLAM},
  author={Engel, Jakob and Sch{\"o}ps, Thomas and Cremers, Daniel},
  booktitle={European Conference on Computer Vision},
  year={2014}
}

@article{mur2015orb,
  title={{ORB-SLAM}: A Versatile and Accurate Monocular SLAM System},
  author={Mur-Artal, Raul and Montiel, Jose Maria Martinez and Tardos, Juan D},
  journal={TRO},
  volume={31},
  number={5},
  pages={1147--1163},
  year={2015}
}

@inproceedings{adamczewski2015discrete,
  title={Discrete Tabu Search for Graph Matching},
  author={Adamczewski, Kamil and Suh, Yumin and Mu Lee, Kyoung},
  booktitle={ IEEE/CVF International Conference on Computer Vision},
  year={2015}
}

@inproceedings{hu2018distributable,
  title={{Distributable Consistent Multi-Object Matching}},
  author={Hu, Nan and Huang, Qixing and Thibert, Boris and Guibas, Leonidas J},
  booktitle={ IEEE/CVF Conference on Computer Vision and Pattern Recognition},
  year={2018}
}

@inproceedings{jin2020semantics,
  title={{Semantics-Aligned Representation Learning for Person Re-identification}},
  author={Jin, Xin and Lan, Cuiling and Zeng, Wenjun and Wei, Guoqiang and Chen, Zhibo},
  booktitle={The AAAI Conference on Artificial Intelligence},
  year={2020}
}
@inproceedings{khatun2020semantic,
  title={{Semantic Consistency and Identity Mapping Multi-component Generative Adversarial Network for Person Re-identification}},
  author={Khatun, Amena and Denman, Simon and Sridharan, Sridha and Fookes, Clinton},
  booktitle={WACV},
  year={2020}
}

@inproceedings{voigtlaender2019mots,
  title={{MOTS}: {Multi-object} Tracking and Segmentation},
  author={Voigtlaender, Paul and Krause, Michael and Osep, Aljosa and Luiten, Jonathon and Sekar, Berin Balachandar Gnana and Geiger, Andreas and Leibe, Bastian},
  booktitle={ IEEE/CVF Conference on Computer Vision and Pattern Recognition},
  year={2019}
}

@inproceedings{zhang2019deep,
  title={{Deep Graphical Feature Learning for the Feature Matching Problem}},
  author={Zhang, Zhen and Lee, Wee Sun},
  booktitle={ IEEE/CVF International Conference on Computer Vision},
  year={2019}
}

@inproceedings{zhang2020real,
  title={Real-time Adaptive Assembly Scheduling in Human-Multi-Robot Collaboration According to Human Capability},
  author={Zhang, Shaobo and Chen, Yi and Zhang, Jun and Jia, Yunyi},
  booktitle={IEEE International Conference on Robotics and Automation},
  year={2020}
}

@inproceedings{he2021transreid,
  title={Transreid: Transformer-based Object Re-identification},
  author={He, Shuting and Luo, Hao and Wang, Pichao and Wang, Fan and Li, Hao and Jiang, Wei},
  booktitle={ IEEE/CVF International Conference on Computer Vision},
  year={2021}
}

@inproceedings{rusinkiewicz2001efficient,
  title={Efficient Variants of the ICP Algorithm},
  author={Rusinkiewicz, Szymon and Levoy, Marc},
  booktitle={IEEE International Conference on 3D Digital Imaging and Modeling},
  year={2001}
}
@inproceedings{ranjan2020asap,
  title={ASAP: Adaptive Structure Aware Pooling for Learning Hierarchical Graph Representations},
  author={Ranjan, Ekagra and Sanyal, Soumya and Talukdar, Partha},
  booktitle={ The AAAI Conference on Artificial Intelligence},
  year={2020}
}

@article{gao2023deep,
  title={Deep Masked Graph Matching for Correspondence Identification in Collaborative Perception},
  author={Gao, Peng and Zhu, Qingzhao and Lu, Hongsheng and Gan, Chuang and Zhang, Hao},
  journal={IEEE International Conference on Robotics and Automation},
  year={2023}
}

@inproceedings{bewley2016simple,
  title={Simple Online and Realtime Tracking},
  author={Bewley, Alex and Ge, Zongyuan and Ott, Lionel and Ramos, Fabio and Upcroft, Ben},
  booktitle={IEEE International Conference on Image Processing},
  year={2016}
}

@article{kingma2014adam,
  title={Adam: A Method for Stochastic Optimization},
  author={Kingma, Diederik P and Ba, Jimmy},
  journal={arXiv},
  year={2014}
}

@inproceedings{he2016deep,
  title={Deep Residual Learning for Image Recognition},
  author={He, Kaiming and Zhang, Xiangyu and Ren, Shaoqing and Sun, Jian},
  booktitle={ IEEE/CVF Conference on Computer Vision and Pattern Recognition},
  year={2016}
}

@article{li2022v2x,
  title={{V2X-Sim: Multi-Agent Collaborative Perception Dataset and Benchmark for Autonomous Driving}},
  author={Li, Yiming and Ma, Dekun and An, Ziyan and Wang, Zixun and Zhong, Yiqi and Chen, Siheng and Feng, Chen},
  journal={RAL},
  volume={7},
  number={4},
  pages={10914--10921},
  year={2022}
}

@article{han2023collaborative,
  title={Collaborative Perception in Autonomous Driving: Methods, Datasets and Challenges},
  author={Han, Yushan and Zhang, Hui and Li, Huifang and Jin, Yi and Lang, Congyan and Li, Yidong},
  journal={arXiv},
  year={2023}
}

@article{kenney2011dedicated,
  title={Dedicated Short-Range Communications (DSRC) Standards in the United States},
  author={Kenney, John B},
  journal={Proceedings of the IEEE},
  volume={99},
  number={7},
  pages={1162--1182},
  year={2011}
}

@article{velickovic2017graph,
  title={Graph Attention Networks},
  author={Velickovic, Petar and Cucurull, Guillem and Casanova, Arantxa and Romero, Adriana and Lio, Pietro and Bengio, Yoshua and others},
  journal={STAT},
  volume={1050},
  number={20},
  pages={10--48550},
  year={2017}
}

@inproceedings{autocast,
  title={AutoCast: Scalable Infrastructure-less Cooperative Perception for Distributed Collaborative Driving},
  author={Hang Qiu and Pohan Huang and Namo Asavisanu and Xiaochen Liu and Konstantinos Psounis and Ramesh Govindan},
  booktitle={ICMSAS},
  year={2022}
}

@inproceedings{zhang2018improved,
  title={Improved ADAM Optimizer for Deep Neural Networks},
  author={Zhang, Zijun},
  booktitle={IEEE/ACM 26th International Symposium on Quality of Service},
  year={2018}
}

@inproceedings{zhao2021point,
  title={Point Transformer},
  author={Zhao, Hengshuang and Jiang, Li and Jia, Jiaya and Torr, Philip HS and Koltun, Vladlen},
  booktitle={ IEEE/CVF International Conference on Computer Vision},
  year={2021}
}
@article{xie2020mgat,
  title={Mgat: Multi-view Graph Attention Networks},
  author={Xie, Yu and Zhang, Yuanqiao and Gong, Maoguo and Tang, Zedong and Han, Chao},
  journal={Neural Networks},
  volume={132},
  pages={180--189},
  year={2020}
}

@article{arnold2020cooperative,
  title={Cooperative Perception for 3D Object Detection in Driving Scenarios Using Infrastructure Sensors},
  author={Arnold, Eduardo and Dianati, Mehrdad and de Temple, Robert and Fallah, Saber},
  journal={Intelligence Transportation System},
  volume={23},
  number={3},
  pages={1852--1864},
  year={2020}
}

@inproceedings{chen2019cooper,
  title={Cooper: Cooperative Perception for Connected Autonomous Vehicles Based on 3D Point Clouds},
  author={Chen, Qi and Tang, Sihai and Yang, Qing and Fu, Song},
  booktitle={ICDCS},
  year={2019}
}

@article{forsyth2014object,
  title={Object Detection with Discriminatively Trained Part-Based Models},
  author={Forsyth, David},
  journal={Computer},
  volume={47},
  number={02},
  pages={6--7},
  year={2014}
}

@inproceedings{song2023cooperative,
  title={A Cooperative Perception System Robust to Localization Errors},
  author={Song, Zhiying and Wen, Fuxi and Zhang, Hailiang and Li, Jun},
  booktitle={IEEE Intelligent Vehicles Symposium},
  year={2023}
}

@article{guo2021coff,
  title={CoFF: Cooperative Spatial Feature Fusion for 3-D Object Detection on Autonomous Vehicles},
  author={Guo, Jingda and Carrillo, Dominic and Tang, Sihai and Chen, Qi and Yang, Qing and Fu, Song and Wang, Xi and Wang, Nannan and Palacharla, Paparao},
  journal={Internet of Thing},
  volume={8},
  number={14},
  pages={11078--11087},
  year={2021}
}
@inproceedings{hu2023collaboration,
  title={Collaboration Helps Camera Overtake LiDAR in 3D Detection},
  author={Hu, Yue and Lu, Yifan and Xu, Runsheng and Xie, Weidi and Chen, Siheng and Wang, Yanfeng},
  booktitle={IEEE/CVF Conference on Computer Vision and Pattern Recognition},
  year={2023}
}

@inproceedings{chen2019f,
  title={F-cooper: Feature-Based Cooperative Perception for Autonomous Vehicle Edge Computing System Using 3D Point Clouds},
  author={Chen, Qi and Ma, Xu and Tang, Sihai and Guo, Jingda and Yang, Qing and Fu, Song},
  booktitle={ACM/IEEE Symposium on Edge Computing},
  year={2019}
}

@inproceedings{xu2022v2x,
  title={V2X-VIT: Vehicle-to-Everything Cooperative Perception with Vision Transformer},
  author={Xu, Runsheng and Xiang, Hao and Tu, Zhengzhong and Xia, Xin and Yang, Ming-Hsuan and Ma, Jiaqi},
  booktitle={European Conference on Computer Vision},
  year={2022}
}

@article{xu2022cobevt,
  title={CoBEVT: Cooperative Bird's Eye View Semantic Segmentation with Sparse Transformers},
  author={Xu, Runsheng and Tu, Zhengzhong and Xiang, Hao and Shao, Wei and Zhou, Bolei and Ma, Jiaqi},
  journal={arXiv},
  year={2022}
}

@article{yuan2022keypoints,
  title={Keypoints-Based Deep Feature Fusion for Cooperative Vehicle Detection of Autonomous Driving},
  author={Yuan, Yunshuang and Cheng, Hao and Sester, Monika},
  journal={RAL},
  volume={7},
  number={2},
  pages={3054--3061},
  year={2022}
}

@article{bi2022edge,
  title={Edge-Cooperative Privacy-Preserving Object Detection Over Random Point Cloud Shares for Connected Autonomous Vehicles},
  author={Bi, Renwan and Xiong, Jinbo and Tian, Youliang and Li, Qi and Liu, Ximeng},
  journal={Intelligence Transportation System},
  volume={23},
  number={12},
  pages={24979--24990},
  year={2022}
}

@inproceedings{wang2020v2vnet,
  title={V2VNet: Vehicle-to-Vehicle Communication for Joint Perception and Prediction},
  author={Wang, Tsun-Hsuan and Manivasagam, Sivabalan and Liang, Ming and Yang, Bin and Zeng, Wenyuan and Urtasun, Raquel},
  booktitle={European Conference on Computer Vision},
  year={2020}
}
@article{zhou2022multi,
  title={Multi-robot Collaborative Perception with Graph Neural Networks},
  author={Zhou, Yang and Xiao, Jiuhong and Zhou, Yue and Loianno, Giuseppe},
  journal={RAL},
  volume={7},
  number={2},
  pages={2289--2296},
  year={2022}
}

@article{liu2020spatiotemporal,
  title={Spatiotemporal Relationship Reasoning for Pedestrian Intent Prediction},
  author={Liu, Bingbin and Adeli, Ehsan and Cao, Zhangjie and Lee, Kuan-Hui and Shenoi, Abhijeet and Gaidon, Adrien and Niebles, Juan Carlos},
  journal={RAL},
  volume={5},
  number={2},
  pages={3485--3492},
  year={2020}
}

@inproceedings{yu2020spatio,
  title={Spatio-temporal Graph Transformer Networks for Pedestrian Trajectory Prediction},
  author={Yu, Cunjun and Ma, Xiao and Ren, Jiawei and Zhao, Haiyu and Yi, Shuai},
  booktitle={European Conference on Computer Vision},
  year={2020}
}

@inproceedings{meliou2007nonmyopic,
  title={Nonmyopic Informative Path Planning in Spatio-temporal Models},
  author={Meliou, Alexandra and Krause, Andreas and Guestrin, Carlos and Hellerstein, Joseph M},
  booktitle={The AAAI Conference on Artificial Intelligence},
  year={2007}
}

@inproceedings{seo2018structured,
  title={Structured Sequence Modeling with Graph Convolutional Recurrent Networks},
  author={Seo, Youngjoo and Defferrard, Micha{\"e}l and Vandergheynst, Pierre and Bresson, Xavier},
  booktitle={NIPS},
  year={2018}
}

@article{yu2017spatio,
  title={Spatio-temporal Graph Convolutional Networks: A Deep Learning Framework for Traffic Forecasting},
  author={Yu, Bing and Yin, Haoteng and Zhu, Zhanxing},
  journal={arXiv},
  year={2017}
}

@inproceedings{guo2019attention,
  title={Attention-based Spatial-temporal Graph Convolutional Networks for Traffic Flow Forecasting},
  author={Guo, Shengnan and Lin, Youfang and Feng, Ning and Song, Chao and Wan, Huaiyu},
  booktitle={The AAAI Conference on Artificial Intelligence},
  year={2019}
}
@inproceedings{zheng2020gman,
  title={GMAN: A Graph Multi-attention Network for Traffic Prediction},
  author={Zheng, Chuanpan and Fan, Xiaoliang and Wang, Cheng and Qi, Jianzhong},
  booktitle={The AAAI Conference on Artificial Intelligence},
  year={2020}
}

@article{chen2022gc,
  title={GC-LSTM: Graph Convolution Embedded LSTM for Dynamic Network Link Prediction},
  author={Chen, Jinyin and Wang, Xueke and Xu, Xuanheng},
  journal={Applied Intelligence},
  pages={1--16},
  year={2022}
}

@inproceedings{reily2021adaptation,
  title={Adaptation to Team Composition Changes for Heterogeneous Multi-robot Sensor Coverage},
  author={Reily, Brian and Mott, Terran and Zhang, Hao},
  booktitle={IEEE International Conference on Robotics and Automation},
  year={2021}
}

@article{gao2023uncertainty,
  title={Uncertainty-aware Correspondence Identification for Collaborative Perception},
  author={Gao, Peng and Zhu, Qingzhao and Zhang, Hao},
  journal={Autonomous Robots},
  pages={1--14},
  year={2023}
}

@inproceedings{gao2023collaborative,
  title={Collaborative Scheduling with Adaptation to Failure for Heterogeneous Robot Teams},
  author={Gao, Peng and Siva, Sriram and Micciche, Anthony and Zhang, Hao},
  booktitle={IEEE International Conference on Robotics and Automation},
  year={2023}
}
@inproceedings{gao2022asynchronous,
  title={Asynchronous Collaborative Localization by Integrating Spatiotemporal Graph Learning with Model-based Estimation},
  author={Gao, Peng and Reily, Brian and Guo, Rui and Lu, Hongsheng and Zhu, Qingzhao and Zhang, Hao},
  booktitle={IEEE International Conference on Robotics and Automation},
  year={2022}
}

@article{gao2024collaborative,
  title={Collaborative Decision-Making Using Spatiotemporal Graphs in Connected Autonomy},
  author={Gao, Peng and Shen, Yu and Lin, Ming C},
  journal={IEEE International Conference on Robotics and Automation},
  year={2024}
}
@inproceedings{gao2023visual,
  title={Visual, Spatial, Geometric-Preserved Place Recognition for Cross-View and Cross-Modal Collaborative Perception},
  author={Gao, Peng and Liang, Jing and Shen, Yu and Son, Sanghyun and Lin, Ming C},
  booktitle={IEEE/RSJ International Conference on Intelligent Robots and Systems},
  year={2023}
}
@inproceedings{zhang20232,
  title={{L2V2T2-Calib: Automatic and Unified Extrinsic Calibration Toolbox for Different 3D LiDAR, Visual Camera and Thermal Camera}},
  author={Zhang, Jun and Liu, Yiyao and Wen, Mingxing and Yue, Yufeng and Zhang, Haoyuan and Wang, Danwei},
  booktitle={IVS},
  year={2023}
}