
@inproceedings{chiou2022robot,
  title={Robot-assisted nuclear disaster response: Report and insights from a field exercise},
  author={Chiou, Manolis and Epsimos, Georgios-Theofanis and Nikolaou, Grigoris and Pappas, Pantelis and Petousakis, Giannis and M{\"u}hl, Stefan and Stolkin, Rustam},
  booktitle={2022 IEEE/RSJ International Conference on Intelligent Robots and Systems (IROS)},
  pages={4545--4552},
  year={2022},
  organization={IEEE}
}

@inproceedings{adjigble2019assisted,
  title={An assisted telemanipulation approach: combining autonomous grasp planning with haptic cues},
  author={Adjigble, Maxime and Marturi, Naresh and Ortenzi, Valerio and Stolkin, Rustam},
  booktitle={2019 IEEE/RSJ International Conference on Intelligent Robots and Systems (IROS)},
  pages={3164--3171},
  year={2019},
  organization={IEEE}
}

@article{sun2018novel,
  title={A novel weakly-supervised approach for RGB-D-based nuclear waste object detection},
  author={Sun, Li and Zhao, Cheng and Yan, Zhi and Liu, Pengcheng and Duckett, Tom and Stolkin, Rustam},
  journal={IEEE Sensors Journal},
  volume={19},
  number={9},
  pages={3487--3500},
  year={2018},
  publisher={IEEE}
}

@inproceedings{gao2020uav,
  title={UAV security situation awareness method based on semantic analysis},
  author={Gao, Xijun and Jia, Hongxia and Chen, Zili and Yuan, Guogang and Yang, Sen},
  booktitle={2020 IEEE International Conference on Power, Intelligent Computing and Systems (ICPICS)},
  pages={272--276},
  year={2020},
  organization={IEEE}
}

@article{jones2020distributed,
  title={Distributed situational awareness in robot swarms},
  author={Jones, Simon and Milner, Emma and Sooriyabandara, Mahesh and Hauert, Sabine},
  journal={Advanced Intelligent Systems},
  volume={2},
  number={11},
  pages={2000110},
  year={2020},
  publisher={Wiley Online Library}
}


@inproceedings{Ronneberger2015UNetCN,
  title={U-Net: Convolutional Networks for Biomedical Image Segmentation},
  author={O. Ronneberger and P. Fischer and T. Brox},
  booktitle={MICCAI},
  year={2015}
}

@article{2019Mixed,
  title={Mixed-Initiative variable autonomy for remotely operated mobile robots},
  author={ Chiou, M.  and  Hawes, N.  and  Stolkin, R. },
  year={2019},
}

@article{nadaraya1964estimating,
  title={On estimating regression},
  author={Nadaraya, Elizbar A},
  journal={Theory of Probability \& Its Applications},
  volume={9},
  number={1},
  pages={141--142},
  year={1964},
  publisher={SIAM}
}

@article{watson1964smooth,
  title={Smooth regression analysis},
  author={Watson, Geoffrey S},
  journal={Sankhy{\=a}: The Indian Journal of Statistics, Series A},
  pages={359--372},
  year={1964},
  publisher={JSTOR}
}


@article{garg2020semantics, title={Semantics for robotic mapping, perception and interaction: A survey}, author={Garg, Sourav and S{\"u}nderhauf, Niko and Dayoub, Feras and Morrison, Douglas and Cosgun, Akansel and Carneiro, Gustavo and Wu, Qi and Chin, Tat-Jun and Reid, Ian and Gould, Stephen and others}, journal={Foundations and Trends{\textregistered} in Robotics}, volume={8}, number={1--2}, pages={1--224}, year={2020}, publisher={Now Publishers, Inc.} }

@INPROCEEDINGS{FCN,
  author={Long, Jonathan and Shelhamer, Evan and Darrell, Trevor},
  booktitle={2015 IEEE Conference on Computer Vision and Pattern Recognition (CVPR)}, 
  title={Fully convolutional networks for semantic segmentation}, 
  year={2015},
  volume={},
  number={},
  pages={3431-3440},
  doi={10.1109/CVPR.2015.7298965}}

@INPROCEEDINGS{3Dsemantic,
  author={Li, Xuanpeng and Ao, Huanxuan and Belaroussi, Rachid and Gruyer, Dominique},
  booktitle={2017 IEEE 20th International Conference on Intelligent Transportation Systems (ITSC)}, 
  title={Fast semi-dense 3D semantic mapping with monocular visual SLAM}, 
  year={2017},
  volume={},
  number={},
  pages={385-390},
  doi={10.1109/ITSC.2017.8317942}}

@INPROCEEDINGS{Objcectdetection,
  author={Zhong, Fangwei and Wang, Sheng and Zhang, Ziqi and Chen, China and Wang, Yizhou},
  booktitle={2018 IEEE Winter Conference on Applications of Computer Vision (WACV)}, 
  title={Detect-SLAM: Making Object Detection and SLAM Mutually Beneficial}, 
  year={2018},
  volume={},
  number={},
  pages={1001-1010},
  doi={10.1109/WACV.2018.00115}}

@INPROCEEDINGS{NetworkUnicertainty,
  author={Ganti, Pranav and Waslander, Steven L.},
  booktitle={2019 16th Conference on Computer and Robot Vision (CRV)}, 
  title={Network Uncertainty Informed Semantic Feature Selection for Visual SLAM}, 
  year={2019},
  volume={},
  number={},
  pages={121-128},
  doi={10.1109/CRV.2019.00024}}

@article{Chiou2015TowardsTP,
  title={Towards the Principled Study of Variable Autonomy in Mobile Robots},
  author={Manolis Chiou and Nick Hawes and R. Stolkin and K. Shapiro and J. R. Kerlin and Andrew Clouter},
  journal={2015 IEEE International Conference on Systems, Man, and Cybernetics},
  year={2015},
  pages={1053-1059}
}

@INPROCEEDINGS{Baker04autonomymode,
    author = {Michael Baker},
    title = {Autonomy Mode Suggestions for Improving Human-Robot Interaction},
    booktitle = {in Proc. of the IEEE Conference on Systems, Man and Cybernetics},
    year = {2004}
}

@article{MurArtal2017ORBSLAM2AO,
  title={ORB-SLAM2: An Open-Source SLAM System for Monocular, Stereo, and RGB-D Cameras},
  author={Raul Mur-Artal and J. D. Tard{\'o}s},
  journal={IEEE Transactions on Robotics},
  year={2017},
  volume={33},
  pages={1255-1262}
}

@inproceedings{Guerra2019FlightGogglesAM,
  title={FlightGoggles: A Modular Framework for Photorealistic Camera, Exteroceptive Sensor, and Dynamics Simulation},
  author={Winter Guerra and E. Tal and Varun Murali and Gilhyun Ryou and S. Karaman},
  year={2019}
}

@article{chiou2021mixed,
  title={Mixed-Initiative variable autonomy for remotely operated mobile robots},
  author={Chiou, Manolis and Hawes, Nick and Stolkin, Rustam},
  journal={ACM Transactions on Human-Robot Interaction (THRI)},
  volume={10},
  number={4},
  pages={1--34},
  year={2021},
  publisher={ACM New York, NY, USA}
}

@inproceedings{manolisExperiment,
  author = {Chiou, Manolis and Stolkin, Rustam and Bieksaite, Goda and Hawes, Nick and Shapiro, Kimron and Harrison, Timothy},
  booktitle = {IEEE/RSJ International Conference on Intelligent Robots and Systems 2016},
  month = oct,
  note = {Shortlisted for best Cognitive Systems paper (5 from 825 papers)},
  title = {Experimental Analysis of a Variable Autonomy Framework for Controlling a Remotely Operating Mobile Robot},
  year = {2016}
}

@ARTICLE{AIinCAI,  author={Carbonell, Jaime R.},  journal={IEEE Transactions on Man-Machine Systems},   title={AI in CAI: An Artificial-Intelligence Approach to Computer-Assisted Instruction},   year={1970},  volume={11},  number={4},  pages={190-202},  doi={10.1109/TMMS.1970.299942}}

@ARTICLE{Mixed-Initiative,  author={Hong, Jin-Hyuk and Song, Youn-Suk and Cho, Sung-Bae},  journal={IEEE Transactions on Systems, Man, and Cybernetics - Part A: Systems and Humans},   title={Mixed-Initiative Human–Robot Interaction Using Hierarchical Bayesian Networks},   year={2007},  volume={37},  number={6},  pages={1158-1164},  doi={10.1109/TSMCA.2007.906570}}


@INPROCEEDINGS{MIsurvey,  author={Jiang, Shu and Arkin, Ronald C.},  booktitle={2015 IEEE International Conference on Systems, Man, and Cybernetics},   title={Mixed-Initiative Human-Robot Interaction: Definition, Taxonomy, and Survey},   year={2015},  volume={},  number={},  pages={954-961},  doi={10.1109/SMC.2015.174}}


@ARTICLE{Allen,  author={Allen, J.E. and Guinn, C.I. and Horvtz, E.},  journal={IEEE Intelligent Systems and their Applications},   title={Mixed-initiative interaction},   year={1999},  volume={14},  number={5},  pages={14-23},  doi={10.1109/5254.796083}}

@INPROCEEDINGS{Horvitz99principlesof,
    author = {Eric Horvitz},
    title = {Principles of Mixed-Initiative User Interfaces},
    booktitle = {},
    year = {1999},
    pages = {159--166},
    publisher = {ACM Press}
}

@INPROCEEDINGS{trustbase,  author={Saeidi, H. and McLane, F. and Sadrfaidpour, B. and Sand, E. and Fu, S. and Rodriguez, J. and Wagner, J. R. and Wang, Y.},  booktitle={2016 American Control Conference (ACC)},   title={Trust-based mixed-initiative teleoperation of mobile robots},   year={2016},  volume={},  number={},  pages={6177-6182},  doi={10.1109/ACC.2016.7526640}}

@misc{2020safe,
      title={Safe Handover in Mixed-Initiative Control for Cyber-Physical Systems}, 
      author={Frederik Wiehr and Anke Hirsch and Florian Daiber and Antonio Kruger and Alisa Kovtunova and Stefan Borgwardt and Ernie Chang and Vera Demberg and Marcel Steinmetz and Hoffmann Jorg},
      year={2020},
      eprint={2010.10967},
      archivePrefix={arXiv},
      primaryClass={cs.HC}
}

@MISC{Rosenthal_mixed-initiativelong-term,
    author = {Stephanie Rosenthal and Manuela Veloso},
    title = {Mixed-Initiative Long-Term Interactions with an All-Day-Companion Robot},
    year = {}
}

@Article{sensor2020,
AUTHOR = {Chanel, Caroline P. C. and Roy, Raphaëlle N. and Dehais, Frédéric and Drougard, Nicolas},
TITLE = {Towards Mixed-Initiative Human–Robot Interaction: Assessment of Discriminative Physiological and Behavioral Features for Performance Prediction},
JOURNAL = {Sensors},
VOLUME = {20},
YEAR = {2020},
NUMBER = {1},
ARTICLE-NUMBER = {296},
URL = {https://www.mdpi.com/1424-8220/20/1/296},
ISSN = {1424-8220},
DOI = {10.3390/s20010296}
}

@inproceedings{inproceedings,
author = {Nielsen, Curtis and Few, Douglas and Athey, Devin},
year = {2009},
month = {01},
pages = {195 - 200},
title = {Using mixed-initiative human-robot interaction to bound performance in a search task},
doi = {10.1109/ISSNIP.2008.4761986}
}

@INPROCEEDINGS{Bruemmer03mixed-initiativecontrol,
    author = {David J. Bruemmer and Julie L. Marble and Donald D. Dudenhoeffer and Matthew O. Anderson and Mark D. Mckay},
    title = {Mixed-Initiative Control for Remote Characterization of Hazardous Environments},
    booktitle = {In Proceedings of the Hawaii International Conference on System Sciences, Waikoloa},
    year = {2003}
}

@article{LessIsMore,
author = {Chipalkatty, Rahul and Droge, G. and Egerstedt, Magnus},
year = {2013},
month = {06},
pages = {695-703},
title = {Less Is More: Mixed-Initiative Model-Predictive Control With Human Inputs},
volume = {29},
journal = {Robotics, IEEE Transactions on},
doi = {10.1109/TRO.2013.2248551}
}

@incollection{TLX,
title = {Development of NASA-TLX (Task Load Index): Results of Empirical and Theoretical Research},
editor = {Peter A. Hancock and Najmedin Meshkati},
series = {Advances in Psychology},
publisher = {North-Holland},
volume = {52},
pages = {139-183},
year = {1988},
booktitle = {Human Mental Workload},
issn = {0166-4115},
doi = {https://doi.org/10.1016/S0166-4115(08)62386-9},
url = {https://www.sciencedirect.com/science/article/pii/S0166411508623869},
author = {Sandra G. Hart and Lowell E. Staveland},
}

@article{RAV,
author = {Dorneich, Michael and Letsu-Dake, E. and Singh, Sanjiv and Scherer, Sebastian and Chamberlain, Lyle and Bergerman, Marcel},
year = {2015},
month = {01},
pages = {38},
title = {Mixed-Initiative Control of a Roadable Air Vehicle for Non-Pilots},
volume = {4},
journal = {Journal of Human-Robot Interaction},
doi = {10.5898/JHRI.4.3.Dorneich}
}

@inproceedings{DHPonMI,
           pages = {1--6},
       booktitle = {IROS-2017 workshop on Human-Robot Interaction in Collaborative Manufacturing Environments (HRI-CME)},
            year = {2017},
           title = {Mixed-initiative mission planning considering human operator state estimation based on physiological sensors},
         address = {Vancouver, CA},
          author = {Nicolas Drougard and Caroline Ponzoni Carvalho Chanel and Rapha{\"e}lle N. Roy and Fr{\'e}d{\'e}ric Dehais},
        keywords = {Mixed-initiative - Human-robot interaction - POMDP},
}

@misc{humanerror,
  author = {Robin R. Murphy},
  title = {An expert on search and rescue robots explains the technologies used in disasters like the Florida condo collapse},
  howpublished = {\url{https://news.yahoo.com/expert-search-rescue-robots-explains-121441963.html}},
  year = 2021,
}


@misc{throw,
  author = {Dalvin Brown},
  title = {Throwable military robots sent to assist with Florida condo collapse},
  howpublished = {\url{https://www.washingtonpost.com/technology/2021/06/30/throwable-robot-florida-condo-collapse/}},
  year = 2021,
}


@article{bazi2021vision,
  title={Vision transformers for remote sensing image classification},
  author={Bazi, Yakoub and Bashmal, Laila and Rahhal, Mohamad M Al and Dayil, Reham Al and Ajlan, Naif Al},
  journal={Remote Sensing},
  volume={13},
  number={3},
  pages={516},
  year={2021},
  publisher={Multidisciplinary Digital Publishing Institute}
}



@article{lowe2004distinctive,
  title={Distinctive image features from scale-invariant keypoints},
  author={Lowe, David G},
  journal={International journal of computer vision},
  volume={60},
  number={2},
  pages={91--110},
  year={2004},
  publisher={Springer}
}

@inproceedings{sivic2003video,
  title={Video Google: A text retrieval approach to object matching in videos},
  author={Sivic, Josef and Zisserman, Andrew},
  booktitle={Computer Vision, IEEE International Conference on},
  volume={3},
  pages={1470--1470},
  year={2003},
  organization={IEEE Computer Society}
}

@inproceedings{bay2006surf,
  title={Surf: Speeded up robust features},
  author={Bay, Herbert and Tuytelaars, Tinne and Van Gool, Luc},
  booktitle={European conference on computer vision},
  pages={404--417},
  year={2006},
  organization={Springer}
}

@inproceedings{rublee2011orb,
  title={ORB: An efficient alternative to SIFT or SURF},
  author={Rublee, Ethan and Rabaud, Vincent and Konolige, Kurt and Bradski, Gary},
  booktitle={2011 International conference on computer vision},
  pages={2564--2571},
  year={2011},
  organization={Ieee}
}

@inproceedings{ramos2003using,
  title={Using tf-idf to determine word relevance in document queries},
  author={Ramos, Juan and others},
  booktitle={Proceedings of the first instructional conference on machine learning},
  volume={242},
  number={1},
  pages={29--48},
  year={2003},
  organization={Citeseer}
}

@inproceedings{le2014distributed,
  title={Distributed representations of sentences and documents},
  author={Le, Quoc and Mikolov, Tomas},
  booktitle={International conference on machine learning},
  pages={1188--1196},
  year={2014},
  organization={PMLR}
}

@article{mikolov2013efficient,
  title={Efficient estimation of word representations in vector space},
  author={Mikolov, Tomas and Chen, Kai and Corrado, Greg and Dean, Jeffrey},
  journal={arXiv preprint arXiv:1301.3781},
  year={2013}
}

@article{platt1998sequential,
  title={Sequential minimal optimization: A fast algorithm for training support vector machines},
  author={Platt, John},
  year={1998}
}

@inproceedings{rottmann2005semantic,
  title={Semantic place classification of indoor environments with mobile robots using boosting},
  author={Rottmann, Axel and Mozos, Oscar Martinez and Stachniss, Cyrill and Burgard, Wolfram},
  booktitle={AAAI},
  volume={5},
  pages={1306--1311},
  year={2005}
}

@article{lecun1998gradient,
  title={Gradient-based learning applied to document recognition},
  author={LeCun, Yann and Bottou, L{\'e}on and Bengio, Yoshua and Haffner, Patrick},
  journal={Proceedings of the IEEE},
  volume={86},
  number={11},
  pages={2278--2324},
  year={1998},
  publisher={Ieee}
}

@article{krizhevsky2012imagenet,
  title={Imagenet classification with deep convolutional neural networks},
  author={Krizhevsky, Alex and Sutskever, Ilya and Hinton, Geoffrey E},
  journal={Advances in neural information processing systems},
  volume={25},
  pages={1097--1105},
  year={2012}
}

@article{hinton2012deep,
  title={Deep neural networks for acoustic modeling in speech recognition: The shared views of four research groups},
  author={Hinton, Geoffrey and Deng, Li and Yu, Dong and Dahl, George E and Mohamed, Abdel-rahman and Jaitly, Navdeep and Senior, Andrew and Vanhoucke, Vincent and Nguyen, Patrick and Sainath, Tara N and others},
  journal={IEEE Signal processing magazine},
  volume={29},
  number={6},
  pages={82--97},
  year={2012},
  publisher={IEEE}
}

@inproceedings{chen2015deepdriving,
  title={Deepdriving: Learning affordance for direct perception in autonomous driving},
  author={Chen, Chenyi and Seff, Ari and Kornhauser, Alain and Xiao, Jianxiong},
  booktitle={Proceedings of the IEEE international conference on computer vision},
  pages={2722--2730},
  year={2015}
}

@article{devries2018deep,
  title={Deep learning of aftershock patterns following large earthquakes},
  author={DeVries, Phoebe MR and Vi{\'e}gas, Fernanda and Wattenberg, Martin and Meade, Brendan J},
  journal={Nature},
  volume={560},
  number={7720},
  pages={632--634},
  year={2018},
  publisher={Nature Publishing Group}
}

@article{esteva2017dermatologist,
  title={Dermatologist-level classification of skin cancer with deep neural networks},
  author={Esteva, Andre and Kuprel, Brett and Novoa, Roberto A and Ko, Justin and Swetter, Susan M and Blau, Helen M and Thrun, Sebastian},
  journal={nature},
  volume={542},
  number={7639},
  pages={115--118},
  year={2017},
  publisher={Nature Publishing Group}
}

@article{simonyan2014very,
  title={Very deep convolutional networks for large-scale image recognition},
  author={Simonyan, Karen and Zisserman, Andrew},
  journal={arXiv preprint arXiv:1409.1556},
  year={2014}
}

@inproceedings{szegedy2015going,
  title={Going deeper with convolutions},
  author={Szegedy, Christian and Liu, Wei and Jia, Yangqing and Sermanet, Pierre and Reed, Scott and Anguelov, Dragomir and Erhan, Dumitru and Vanhoucke, Vincent and Rabinovich, Andrew},
  booktitle={Proceedings of the IEEE conference on computer vision and pattern recognition},
  pages={1--9},
  year={2015}
}

@inproceedings{he2016deep,
  title={Deep residual learning for image recognition},
  author={He, Kaiming and Zhang, Xiangyu and Ren, Shaoqing and Sun, Jian},
  booktitle={Proceedings of the IEEE conference on computer vision and pattern recognition},
  pages={770--778},
  year={2016}
}

@inproceedings{vaswani2017attention,
  title={Attention is all you need},
  author={Vaswani, Ashish and Shazeer, Noam and Parmar, Niki and Uszkoreit, Jakob and Jones, Llion and Gomez, Aidan N and Kaiser, {\L}ukasz and Polosukhin, Illia},
  booktitle={Advances in neural information processing systems},
  pages={5998--6008},
  year={2017}
}

@article{lopez2020semantic,
  title={Semantic-aware scene recognition},
  author={L{\'o}pez-Cifuentes, Alejandro and Escudero-Vi{\~n}olo, Marcos and Besc{\'o}s, Jes{\'u}s and Garc{\'\i}a-Mart{\'\i}n, {\'A}lvaro},
  journal={Pattern Recognition},
  volume={102},
  pages={107256},
  year={2020},
  publisher={Elsevier}
}

@article{boutell2004learning,
  title={Learning multi-label scene classification},
  author={Boutell, Matthew R and Luo, Jiebo and Shen, Xipeng and Brown, Christopher M},
  journal={Pattern recognition},
  volume={37},
  number={9},
  pages={1757--1771},
  year={2004},
  publisher={Elsevier}
}

@incollection{turing2009computing,
  title={Computing machinery and intelligence},
  author={Turing, Alan M},
  booktitle={Parsing the turing test},
  pages={23--65},
  year={2009},
  publisher={Springer}
}

@article{quinlan1986induction,
  title={Induction of decision trees},
  author={Quinlan, J. Ross},
  journal={Machine learning},
  volume={1},
  number={1},
  pages={81--106},
  year={1986},
  publisher={Springer}
}

@article{zhou2021borm,
  title={BORM: Bayesian Object Relation Model for Indoor Scene Recognition},
  author={Zhou, Liguang and Cen, Jun and Wang, Xingchao and Sun, Zhenglong and Lam, Tin Lun and Xu, Yangsheng},
  journal={arXiv preprint arXiv:2108.00397},
  year={2021}
}

@article{aksoy2005learning,
  title={Learning Bayesian classifiers for scene classification with a visual grammar},
  author={Aksoy, Selim and Koperski, Krzysztof and Tusk, Carsten and Marchisio, Giovanni and Tilton, James C},
  journal={IEEE Transactions on geoscience and remote sensing},
  volume={43},
  number={3},
  pages={581--589},
  year={2005},
  publisher={IEEE}
}

@inproceedings{yan2003predicting,
  title={On predicting rare classes with SVM ensembles in scene classification},
  author={Yan, Rong and Liu, Yan and Jin, Rong and Hauptmann, Alex},
  booktitle={2003 IEEE International Conference on Acoustics, Speech, and Signal Processing, 2003. Proceedings.(ICASSP'03).},
  volume={3},
  pages={III--21},
  year={2003},
  organization={IEEE}
}

@inproceedings{mandhala2014scene,
  title={Scene classification using support vector machines},
  author={Mandhala, Venkata Naresh and Sujatha, V and Devi, B Renuka},
  booktitle={2014 IEEE International Conference on Advanced Communications, Control and Computing Technologies},
  pages={1807--1810},
  year={2014},
  organization={IEEE}
}

@article{serrano2004improved,
  title={Improved scene classification using efficient low-level features and semantic cues},
  author={Serrano, Navid and Savakis, Andreas E and Luo, Jiebo},
  journal={Pattern Recognition},
  volume={37},
  number={9},
  pages={1773--1784},
  year={2004},
  publisher={Elsevier}
}

@article{yin2015scene,
  title={Scene classification based on single-layer SAE and SVM},
  author={Yin, Hongpeng and Jiao, Xuguo and Chai, Yi and Fang, Bin},
  journal={Expert Systems with Applications},
  volume={42},
  number={7},
  pages={3368--3380},
  year={2015},
  publisher={Elsevier}
}

@inproceedings{zhu2008svm,
  title={SVM-based video scene classification and segmentation},
  author={Zhu, Yingying and Ming, Zhong},
  booktitle={2008 International Conference on Multimedia and Ubiquitous Engineering (mue 2008)},
  pages={407--412},
  year={2008},
  organization={IEEE}
}

@inproceedings{bharath2013scalable,
  title={Scalable scene understanding using saliency-guided object localization},
  author={Bharath, Ramesh and Nicholas, Lim Zhi Jian and Cheng, Xiang},
  booktitle={2013 10th IEEE International Conference on Control and Automation (ICCA)},
  pages={1503--1508},
  year={2013},
  organization={IEEE}
}

@inproceedings{wu2015harvesting,
  title={Harvesting discriminative meta objects with deep CNN features for scene classification},
  author={Wu, Ruobing and Wang, Baoyuan and Wang, Wenping and Yu, Yizhou},
  booktitle={Proceedings of the IEEE International Conference on Computer Vision},
  pages={1287--1295},
  year={2015}
}

@article{shawky2020remote,
  title={Remote sensing image scene classification using CNN-MLP with data augmentation},
  author={Shawky, Osama A and Hagag, Ahmed and El-Dahshan, El-Sayed A and Ismail, Manal A},
  journal={Optik},
  volume={221},
  pages={165356},
  year={2020},
  publisher={Elsevier}
}

@article{king2016scene,
  title={Scene classification with convolutional neural networks},
  author={King, Josh and Kishore, Vayu and Ranalli, Filippo},
  journal={cs231n. stanford. edu},
  year={2016}
}

@article{aiger2017large,
  title={Large-scale 3d scene classification with multi-view volumetric cnn},
  author={Aiger, Dror and Allen, Brett and Golovinskiy, Aleksey},
  journal={arXiv preprint arXiv:1712.09216},
  year={2017}
}

@inproceedings{quinlan1996bagging,
  title={Bagging, boosting, and C4. 5},
  author={Quinlan, J Ross and others},
  booktitle={Aaai/iaai, Vol. 1},
  pages={725--730},
  year={1996}
}

@article{DBLP:journals/corr/cs-AI-9603103,
  author    = {J. Ross Quinlan},
  title     = {Improved Use of Continuous Attributes in {C4.5}},
  journal   = {CoRR},
  volume    = {cs.AI/9603103},
  year      = {1996},
  url       = {https://arxiv.org/abs/cs/9603103},
  timestamp = {Fri, 10 Jan 2020 12:58:51 +0100},
  biburl    = {https://dblp.org/rec/journals/corr/cs-AI-9603103.bib},
  bibsource = {dblp computer science bibliography, https://dblp.org}
}

@book{breiman2017classification,
  title={Classification and regression trees},
  author={Breiman, Leo and Friedman, Jerome H and Olshen, Richard A and Stone, Charles J},
  year={2017},
  publisher={Routledge}
}

@article{breiman2001random,
  title={Random forests},
  author={Breiman, Leo},
  journal={Machine learning},
  volume={45},
  number={1},
  pages={5--32},
  year={2001},
  publisher={Springer}
}

@inproceedings{bosch2007image,
  title={Image classification using random forests and ferns},
  author={Bosch, Anna and Zisserman, Andrew and Munoz, Xavier},
  booktitle={2007 IEEE 11th international conference on computer vision},
  pages={1--8},
  year={2007},
  organization={Ieee}
}

@article{pessoa2019urban,
  title={URBAN SCENE CLASSIFICATION USING FEATURES EXTRACTED FROM PHOTOGRAMMETRIC POINT CLOUDS ACQUIRED BY UAV.},
  author={Pessoa, GG and Santos, RC and Carrilho, AC and Galo, M and Amorim, A},
  journal={International Archives of the Photogrammetry, Remote Sensing \& Spatial Information Sciences},
  year={2019}
}

@article{kim2011random,
  title={Random forests based multiple classifier system for power-line scene classification},
  author={Kim, HB and Sohn, G},
  journal={Int. Arch. Photogramm. Remote Sens. Spat. Inf. Sci},
  volume={38},
  pages={253--258},
  year={2011}
}

@article{yao2017sensing,
  title={Sensing urban land-use patterns by integrating Google Tensorflow and scene-classification models},
  author={Yao, Yao and Liang, Haolin and Li, Xia and Zhang, Jinbao and He, Jialv},
  journal={arXiv preprint arXiv:1708.01580},
  year={2017}
}

@article{yu2020efficient,
  title={An efficient and lightweight convolutional neural network for remote sensing image scene classification},
  author={Yu, Donghang and Xu, Qing and Guo, Haitao and Zhao, Chuan and Lin, Yuzhun and Li, Daoji},
  journal={Sensors},
  volume={20},
  number={7},
  pages={1999},
  year={2020},
  publisher={Multidisciplinary Digital Publishing Institute}
}

@inproceedings{yoo2015multi,
  title={Multi-scale pyramid pooling for deep convolutional representation},
  author={Yoo, Donggeun and Park, Sunggyun and Lee, Joon-Young and So Kweon, In},
  booktitle={Proceedings of the IEEE Conference on Computer Vision and Pattern Recognition Workshops},
  pages={71--80},
  year={2015}
}

@article{xiong2020msn,
  title={MSN: Modality separation networks for RGB-D scene recognition},
  author={Xiong, Zhitong and Yuan, Yuan and Wang, Qi},
  journal={Neurocomputing},
  volume={373},
  pages={81--89},
  year={2020},
  publisher={Elsevier}
}


@article{xiong2019rgb,
  title={RGB-D scene recognition via spatial-related multi-modal feature learning},
  author={Xiong, Zhitong and Yuan, Yuan and Wang, Qi},
  journal={IEEE Access},
  volume={7},
  pages={106739--106747},
  year={2019},
  publisher={IEEE}
}

@article{uijlings2013selective,
  title={Selective search for object recognition},
  author={Uijlings, Jasper RR and Van De Sande, Koen EA and Gevers, Theo and Smeulders, Arnold WM},
  journal={International journal of computer vision},
  volume={104},
  number={2},
  pages={154--171},
  year={2013},
  publisher={Springer}
}

@inproceedings{girshick2015fast,
  title={Fast r-cnn},
  author={Girshick, Ross},
  booktitle={Proceedings of the IEEE international conference on computer vision},
  pages={1440--1448},
  year={2015}
}

@inproceedings{liu2016ssd,
  title={Ssd: Single shot multibox detector},
  author={Liu, Wei and Anguelov, Dragomir and Erhan, Dumitru and Szegedy, Christian and Reed, Scott and Fu, Cheng-Yang and Berg, Alexander C},
  booktitle={European conference on computer vision},
  pages={21--37},
  year={2016},
  organization={Springer}
}

@inproceedings{redmon2016you,
  title={You only look once: Unified, real-time object detection},
  author={Redmon, Joseph and Divvala, Santosh and Girshick, Ross and Farhadi, Ali},
  booktitle={Proceedings of the IEEE conference on computer vision and pattern recognition},
  pages={779--788},
  year={2016}
}
@article{bird2018robot,
  title={A robot to monitor nuclear facilities: Using autonomous radiation-monitoring assistance to reduce risk and cost},
  author={Bird, Benjamin and Griffiths, Arron and Martin, Horatio and Codres, Eduardo and Jones, Jennifer and Stancu, Alexandru and Lennox, Barry and Watson, Simon and Poteau, Xavier},
  journal={IEEE Robotics \& Automation Magazine},
  volume={26},
  number={1},
  pages={35--43},
  year={2018},
  publisher={IEEE}
}

@article{cullinane2004personal,
  title={Personal effects and belongings as clues to victim identification at the World Trade Center disaster},
  author={Cullinane, Michael A and Brown, Kasey L and Greenberg, Marc A},
  journal={Journal of forensic sciences},
  volume={49},
  number={4},
  pages={764--773},
  year={2004},
  publisher={Wiley Online Library}
}

@article{brough2015basics,
  title={The basics of disaster victim identification},
  author={Brough, Alison L and Morgan, Biggs and Rutty, Guy Nathan},
  journal={Journal of Forensic Radiology and Imaging},
  volume={3},
  number={1},
  pages={29--37},
  year={2015},
  publisher={Elsevier}
}

@article{hussain2006disaster,
  title={Disaster victim identification--are we prepared?},
  author={Hussain, Safdar and Hafeez, Noureen and Munawar, Anjum Zia and Khalil, Inayatur Rehman},
  journal={Pakistan Armed Forces Medical Journal},
  volume={56},
  number={4},
  pages={418--424},
  year={2006}
}

@inproceedings{yolact-iccv2019,
  author    = {Daniel Bolya and Chong Zhou and Fanyi Xiao and Yong Jae Lee},
  title     = {YOLACT: {Real-time} Instance Segmentation},
  booktitle = {ICCV},
  year      = {2019},
}

@article{yolov3,
  title={YOLOv3: An Incremental Improvement},
  author={Redmon, Joseph and Farhadi, Ali},
  journal = {arXiv},
  year={2018}
}

@INPROCEEDINGS{1641019,  author={Lazebnik, S. and Schmid, C. and Ponce, J.},  booktitle={2006 IEEE Computer Society Conference on Computer Vision and Pattern Recognition (CVPR'06)},   title={Beyond Bags of Features: Spatial Pyramid Matching for Recognizing Natural Scene Categories},   year={2006},  volume={2},  number={},  pages={2169-2178},  doi={10.1109/CVPR.2006.68}}

@INPROCEEDINGS{5206537,
  author={Quattoni, Ariadna and Torralba, Antonio},
  booktitle={2009 IEEE Conference on Computer Vision and Pattern Recognition}, 
  title={Recognizing indoor scenes}, 
  year={2009},
  volume={},
  number={},
  pages={413-420},
  doi={10.1109/CVPR.2009.5206537}}
  
  @INPROCEEDINGS{5539970,
  author={Xiao, Jianxiong and Hays, James and Ehinger, Krista A. and Oliva, Aude and Torralba, Antonio},
  booktitle={2010 IEEE Computer Society Conference on Computer Vision and Pattern Recognition}, 
  title={SUN database: Large-scale scene recognition from abbey to zoo}, 
  year={2010},
  volume={},
  number={},
  pages={3485-3492},
  doi={10.1109/CVPR.2010.5539970}}
  
  @INPROCEEDINGS{1467486,
  author={Fei-Fei, L. and Perona, P.},
  booktitle={2005 IEEE Computer Society Conference on Computer Vision and Pattern Recognition (CVPR'05)}, 
  title={A Bayesian hierarchical model for learning natural scene categories}, 
  year={2005},
  volume={2},
  number={},
  pages={524-531 vol. 2},
  doi={10.1109/CVPR.2005.16}}
  
  
  @INPROCEEDINGS{5206848,
  author={Deng, Jia and Dong, Wei and Socher, Richard and Li, Li-Jia and Kai Li and Li Fei-Fei},
  booktitle={2009 IEEE Conference on Computer Vision and Pattern Recognition}, 
  title={ImageNet: A large-scale hierarchical image database}, 
  year={2009},
  volume={},
  number={},
  pages={248-255},
  doi={10.1109/CVPR.2009.5206848}}
  
  @article{zhou2017places,
  title={Places: A 10 million Image Database for Scene Recognition},
  author={Zhou, Bolei and Lapedriza, Agata and Khosla, Aditya and Oliva, Aude and Torralba, Antonio},
  journal={IEEE Transactions on Pattern Analysis and Machine Intelligence},
  year={2017},
  publisher={IEEE}
}

@misc{lin2015microsoft,
      title={Microsoft COCO: Common Objects in Context}, 
      author={Tsung-Yi Lin and Michael Maire and Serge Belongie and Lubomir Bourdev and Ross Girshick and James Hays and Pietro Perona and Deva Ramanan and C. Lawrence Zitnick and Piotr Dollár},
      year={2015},
      eprint={1405.0312},
      archivePrefix={arXiv},
      primaryClass={cs.CV}
}

@INPROCEEDINGS{5417404,
  author={Yamazaki, Fumio and Liu, Wen and Takasaki, Makiko},
  booktitle={2009 IEEE International Geoscience and Remote Sensing Symposium}, 
  title={Characteristics of shadow and removal of its effects for remote sensing imagery}, 
  year={2009},
  volume={4},
  number={},
  pages={IV-426-IV-429},
  doi={10.1109/IGARSS.2009.5417404}}
  
 @misc{thompson2020computational,
  title={The Computational Limits of Deep Learning}, 
  author={Neil C. Thompson and Kristjan Greenewald and Keeheon Lee and Gabriel F. Manso},
  year={2020},
  eprint={2007.05558},
  archivePrefix={arXiv},
  primaryClass={cs.LG}
}

@article{dargan2020survey,
  title={A survey of deep learning and its applications: a new paradigm to machine learning},
  author={Dargan, Shaveta and Kumar, Munish and Ayyagari, Maruthi Rohit and Kumar, Gulshan},
  journal={Archives of Computational Methods in Engineering},
  volume={27},
  number={4},
  pages={1071--1092},
  year={2020},
  publisher={Springer}
}

@article{zeng2021deep,
  title={Deep Learning for Scene Classification: A Survey},
  author={Zeng, Delu and Liao, Minyu and Tavakolian, Mohammad and Guo, Yulan and Zhou, Bolei and Hu, Dewen and Pietik{\"a}inen, Matti and Liu, Li},
  journal={arXiv preprint arXiv:2101.10531},
  year={2021}
}

@inproceedings{bart2005single,
  title={Single-example Learning of Novel Classes using Representation by Similarity.},
  author={Bart, Evgeniy and Ullman, Shimon},
  booktitle={BMVC},
  volume={1},
  pages={2},
  year={2005}
}

@article{Forgy1965ClusterAO,
  title={Cluster analysis of multivariate data : efficiency versus interpretability of classifications},
  author={E. W. Forgy},
  journal={Biometrics},
  year={1965},
  volume={21},
  pages={768-769}
}

@inproceedings{el2019rgb,
  title={Rgb and lidar fusion based 3d semantic segmentation for autonomous driving},
  author={El Madawi, Khaled and Rashed, Hazem and El Sallab, Ahmad and Nasr, Omar and Kamel, Hanan and Yogamani, Senthil},
  booktitle={2019 IEEE Intelligent Transportation Systems Conference (ITSC)},
  pages={7--12},
  year={2019},
  organization={IEEE}
}

@inproceedings{fei2021pillarsegnet,
  title={PillarSegNet: Pillar-based semantic grid map estimation using sparse LiDAR data},
  author={Fei, Juncong and Peng, Kunyu and Heidenreich, Philipp and Bieder, Frank and Stiller, Christoph},
  booktitle={2021 IEEE Intelligent Vehicles Symposium (IV)},
  pages={838--844},
  year={2021},
  organization={IEEE}
}

@article{peng2022mass,
  title={MASS: Multi-attentional semantic segmentation of LiDAR data for dense top-view understanding},
  author={Peng, Kunyu and Fei, Juncong and Yang, Kailun and Roitberg, Alina and Zhang, Jiaming and Bieder, Frank and Heidenreich, Philipp and Stiller, Christoph and Stiefelhagen, Rainer},
  journal={IEEE Transactions on Intelligent Transportation Systems},
  year={2022},
  publisher={IEEE}
}
@inproceedings{bae2016acoustic,
  title={Acoustic scene classification using parallel combination of LSTM and CNN},
  author={Bae, Soo Hyun and Choi, Inkyu and Kim, Nam Soo},
  booktitle={Proceedings of the detection and classification of acoustic scenes and events 2016 workshop (DCASE2016)},
  pages={11--15},
  year={2016}
}

@inproceedings{okutani2012outdoor,
  title={Outdoor auditory scene analysis using a moving microphone array embedded in a quadrocopter},
  author={Okutani, Keita and Yoshida, Takami and Nakamura, Keisuke and Nakadai, Kazuhiro},
  booktitle={2012 IEEE/RSJ International Conference on Intelligent Robots and Systems},
  pages={3288--3293},
  year={2012},
  organization={IEEE}
}

@article{battaglino2016acoustic,
  title={Acoustic scene classification using convolutional neural networks},
  author={Battaglino, Daniele and Lepauloux, Ludovick and Evans, Nicholas and Mougins, France and Biot, France},
  journal={IEEE AASP Challenge on Detec},
  year={2016}
}

@article{ren2018deep,
  title={Deep scalogram representations for acoustic scene classification},
  author={Ren, Zhao and Qian, Kun and Zhang, Zixing and Pandit, Vedhas and Baird, Alice and Schuller, Bjorn},
  journal={IEEE/CAA Journal of Automatica Sinica},
  volume={5},
  number={3},
  pages={662--669},
  year={2018},
  publisher={IEEE}
}

@article{leach2021data,
  title={Data Augmentation for Improving Deep Learning Models in Building Inspections or Postdisaster Evaluation},
  author={Leach, Samuel and Xue, Yunhe and Sridhar, Rahul and Paal, Stephanie and Wang, Zhangyang and Murphy, Robin},
  journal={Journal of Performance of Constructed Facilities},
  volume={35},
  number={4},
  pages={04021029},
  year={2021},
  publisher={American Society of Civil Engineers}
}

@article{gomez2016uav,
  title={UAV-based photogrammetry and geocomputing for hazards and disaster risk monitoring--a review},
  author={Gomez, Christopher and Purdie, Heather},
  journal={Geoenvironmental Disasters},
  volume={3},
  number={1},
  pages={1--11},
  year={2016},
  publisher={Springer}
}

@inproceedings{suzuki2008real,
  title={Real-time hazard map generation using small unmanned aerial vehicle},
  author={Suzuki, Taro and Miyoshi, Daichi and Meguro, Jun-ichi and Amano, Yoshiharu and Hashizume, Takumi and Sato, Koich and Takiguchi, Jun-ich},
  booktitle={2008 SICE Annual Conference},
  pages={443--446},
  year={2008},
  organization={IEEE}
}

@article{li2015unsupervised,
  title={Unsupervised detection of earthquake-triggered roof-holes from UAV images using joint color and shape features},
  author={Li, Shaodan and Tang, Hong and He, Shi and Shu, Yang and Mao, Ting and Li, Jing and Xu, Zhihua},
  journal={IEEE Geoscience and Remote Sensing Letters},
  volume={12},
  number={9},
  pages={1823--1827},
  year={2015},
  publisher={IEEE}
}


@inproceedings{cook2015unmanned,
  title={Unmanned aerial system for first responders},
  author={Cook, Zachary and Zhao, Lin and Lee, Jameson and Yim, Woosoon},
  booktitle={2015 12th international conference on ubiquitous robots and ambient intelligence (URAI)},
  pages={306--310},
  year={2015},
  organization={IEEE}
}

@inproceedings{gupta2019creating,
  title={Creating xBD: A dataset for assessing building damage from satellite imagery},
  author={Gupta, Ritwik and Goodman, Bryce and Patel, Nirav and Hosfelt, Ricky and Sajeev, Sandra and Heim, Eric and Doshi, Jigar and Lucas, Keane and Choset, Howie and Gaston, Matthew},
  booktitle={Proceedings of the IEEE/CVF conference on computer vision and pattern recognition workshops},
  pages={10--17},
  year={2019}
}

@inproceedings{zhang2020polarnet,
  title={Polarnet: An improved grid representation for online lidar point clouds semantic segmentation},
  author={Zhang, Yang and Zhou, Zixiang and David, Philip and Yue, Xiangyu and Xi, Zerong and Gong, Boqing and Foroosh, Hassan},
  booktitle={Proceedings of the IEEE/CVF Conference on Computer Vision and Pattern Recognition},
  pages={9601--9610},
  year={2020}
}

@inproceedings{bourdev2009poselets,
  title={Poselets: Body part detectors trained using 3d human pose annotations},
  author={Bourdev, Lubomir and Malik, Jitendra},
  booktitle={2009 IEEE 12th International Conference on Computer Vision},
  pages={1365--1372},
  year={2009},
  organization={IEEE}
}

@inproceedings{chowdhury2020comprehensive,
  title={Comprehensive semantic segmentation on high resolution uav imagery for natural disaster damage assessment},
  author={Chowdhury, Tashnim and Rahnemoonfar, Maryam and Murphy, Robin and Fernandes, Odair},
  booktitle={2020 IEEE International Conference on Big Data (Big Data)},
  pages={3904--3913},
  year={2020},
  organization={IEEE}
}

@article{pi2021detection,
  title={Detection and semantic segmentation of disaster damage in UAV footage},
  author={Pi, Yalong and Nath, Nipun D and Behzadan, Amir H},
  journal={Journal of Computing in Civil Engineering},
  volume={35},
  number={2},
  pages={04020063},
  year={2021},
  publisher={American Society of Civil Engineers}
}

@article{zheng2021building,
  title={Building damage assessment for rapid disaster response with a deep object-based semantic change detection framework: From natural disasters to man-made disasters},
  author={Zheng, Zhuo and Zhong, Yanfei and Wang, Junjue and Ma, Ailong and Zhang, Liangpei},
  journal={Remote Sensing of Environment},
  volume={265},
  pages={112636},
  year={2021},
  publisher={Elsevier}
}

@article{yajimafast,
  title={Fast Online Incremental Segmentation of 3D Point Clouds from Disaster Sites},
  author={Yajima, Yosuke and Kim, Seongyong and Chen, Jingdao and Cho, Yong K}
}

@incollection{foley2015feature,
  title={Feature Extraction in Content-Based Image Retrieval},
  author={Foley, Jacob John and Kwan, Paul},
  booktitle={Encyclopedia of Information Science and Technology, Third Edition},
  pages={5897--5905},
  year={2015},
  publisher={IGI Global}
}


@book{murphy2014disaster,
  title={Disaster robotics},
  author={Murphy, Robin R},
  year={2014},
  publisher={MIT press}
}


@book{mcentire2021disaster,
  title={Disaster response and recovery: strategies and tactics for resilience},
  author={McEntire, David A},
  year={2021},
  publisher={John Wiley \& Sons}
}

@inproceedings{de2014uas,
  title={UAS deployment and data processing during the Balkans flooding},
  author={De Cubber, Geert and Balta, Haris and Doroftei, Daniela and Baudoin, Yvan},
  booktitle={2014 IEEE International Symposium on Safety, Security, and Rescue Robotics (2014)},
  pages={1--4},
  year={2014},
  organization={IEEE}
}

@inproceedings{balta2015uas,
  title={UAS deployment and data processing during the Balkans flooding with the support to Mine Action},
  author={Balta, Haris and De Cubber, Geert and Baudoin, Yvan and Doroftei, Daniela},
  booktitle={8th IARP International Workshop on Robotics for Risky Environments; January; Lisbon. Portugal: IARP},
  year={2015},
  organization={Citeseer}
}

@inproceedings{murphy2016two,
  title={Two case studies and gaps analysis of flood assessment for emergency management with small unmanned aerial systems},
  author={Murphy, Robin and Dufek, Jan and Sarmiento, Traci and Wilde, Grant and Xiao, Xuesu and Braun, Jeff and Mullen, Lachlan and Smith, Richard and Allred, Sam and Adams, Justin and others},
  booktitle={2016 IEEE international symposium on safety, security, and rescue robotics (SSRR)},
  pages={54--61},
  year={2016},
  organization={IEEE}
}

@inproceedings{fernandes2019quantitative,
  title={Quantitative data analysis: Small unmanned aerial systems at hurricane michael},
  author={Fernandes, Odair and Murphy, Robin and Merrick, David and Adams, Justin and Hart, Laura and Broder, Jarrett},
  booktitle={2019 IEEE international symposium on safety, security, and rescue robotics (SSRR)},
  pages={116--117},
  year={2019},
  organization={IEEE}
}

@article{murphy2004trial,
  title={Trial by fire [rescue robots]},
  author={Murphy, Robin R},
  journal={IEEE Robotics \& Automation Magazine},
  volume={11},
  number={3},
  pages={50--61},
  year={2004},
  publisher={IEEE}
}


@inproceedings{surmann2021deployment,
  title={Deployment of Aerial Robots after a major fire of an industrial hall with hazardous substances, a report},
  author={Surmann, Hartmut and Slomma, Dominik and Grobelny, Stefan and Grafe, Robert},
  booktitle={2021 IEEE International Symposium on Safety, Security, and Rescue Robotics (SSRR)},
  pages={40--47},
  year={2021},
  organization={IEEE}
}

@inproceedings{kruijff2012rescue,
  title={Rescue robots at earthquake-hit Mirandola, Italy: A field report},
  author={Kruijff, Geert-Jan M and Pirri, Fiora and Gianni, Mario and Papadakis, Panagiotis and Pizzoli, Matia and Sinha, Arnab and Tretyakov, Viatcheslav and Linder, Thorsten and Pianese, Emanuele and Corrao, Salvatore and others},
  booktitle={2012 IEEE international symposium on safety, security, and rescue robotics (SSRR)},
  pages={1--8},
  year={2012},
  organization={IEEE}
}

@article{xu2014development,
  title={Development of an UAS for post-earthquake disaster surveying and its application in Ms7. 0 Lushan Earthquake, Sichuan, China},
  author={Xu, Zhiqiang and Yang, Jiansi and Peng, Chaoyong and Wu, Ying and Jiang, Xudong and Li, Rui and Zheng, Yu and Gao, Yu and Liu, Sha and Tian, Baofeng},
  journal={Computers \& Geosciences},
  volume={68},
  pages={22--30},
  year={2014},
  publisher={Elsevier}
}

@inproceedings{kruijff2016deployment,
  title={Deployment of ground and aerial robots in earthquake-struck amatrice in italy (brief report)},
  author={Kruijff-Korbayov{\'a}, Ivana and Freda, Luigi and Gianni, Mario and Ntouskos, Valsamis and Hlav{\'a}{\v{c}}, V{\'a}clav and Kubelka, Vladim{\'\i}r and Zimmermann, Erik and Surmann, Hartmut and Dulic, Kresimir and Rottner, Wolfgang and others},
  booktitle={2016 IEEE international symposium on safety, security, and rescue robotics (SSRR)},
  pages={278--279},
  year={2016},
  organization={IEEE}
}

@article{micire2008evolution,
  title={Evolution and field performance of a rescue robot},
  author={Micire, Mark J},
  journal={Journal of Field Robotics},
  volume={25},
  number={1-2},
  pages={17--30},
  year={2008},
  publisher={Wiley Online Library}
}

@inproceedings{fernandes2018quantitative,
  title={Quantitative data analysis: CRASAR small unmanned aerial systems at hurricane Harvey},
  author={Fernandes, Odair and Murphy, Robin and Adams, Justin and Merrick, David},
  booktitle={2018 IEEE International Symposium on Safety, Security, and Rescue Robotics (SSRR)},
  pages={1--6},
  year={2018},
  organization={IEEE}
}

@article{murphy2008rescue,
  title={Rescue robots for mudslides: A descriptive study of the 2005 La Conchita mudslide response},
  author={Murphy, Robin R and Stover, Sam},
  journal={Journal of Field Robotics},
  volume={25},
  number={1-2},
  pages={3--16},
  year={2008},
  publisher={Wiley Online Library}
}

@article{liu2015rapidly,
  title={Rapidly responding to landslides and debris flow events using a low-cost unmanned aerial vehicle},
  author={Liu, Cheng-Chien and Chen, Po-Li and Matsuo, Tomoya and Chen, Chen-Yu},
  journal={Journal of Applied Remote Sensing},
  volume={9},
  number={1},
  pages={096016},
  year={2015},
  publisher={International Society for Optics and Photonics}
}

@article{murphy2016use,
  title={Use of a Small Unmanned Aerial System for the SR-530 Mudslide Incident near Oso, Washington},
  author={Murphy, Robin R and Duncan, Brittany A and Collins, Tyler and Kendrick, Justin and Lohman, Patrick and Palmer, Tamara and Sanborn, Frank},
  journal={Journal of field Robotics},
  volume={33},
  number={4},
  pages={476--488},
  year={2016},
  publisher={Wiley Online Library}
}


@inproceedings{yoshida2014improvements,
  title={Improvements to the rescue robot quince toward future indoor surveillance missions in the Fukushima Daiichi nuclear power plant},
  author={Yoshida, Tomoaki and Nagatani, Keiji and Tadokoro, Satoshi and Nishimura, Takeshi and Koyanagi, Eiji},
  booktitle={Field and service robotics},
  pages={19--32},
  year={2014},
  organization={Springer}
}


@article{kawatsuma2017unitization,
  title={Unitization for portability of emergency response surveillance robot system: Experiences and lessons learned from the deployment of the JAEA-3 emergency response robot at the Fukushima Daiichi Nuclear Power Plants},
  author={Kawatsuma, Shinji and Mimura, Ryuji and Asama, Hajime},
  journal={Robomech Journal},
  volume={4},
  number={1},
  pages={1--7},
  year={2017},
  publisher={SpringerOpen}
}


@article{nagatani2013emergency,
  title={Emergency response to the nuclear accident at the Fukushima Daiichi Nuclear Power Plants using mobile rescue robots},
  author={Nagatani, Keiji and Kiribayashi, Seiga and Okada, Yoshito and Otake, Kazuki and Yoshida, Kazuya and Tadokoro, Satoshi and Nishimura, Takeshi and Yoshida, Tomoaki and Koyanagi, Eiji and Fukushima, Mineo and others},
  journal={Journal of Field Robotics},
  volume={30},
  number={1},
  pages={44--63},
  year={2013},
  publisher={Wiley Online Library}
}

@inproceedings{scerri2011flood,
  title={Flood disaster mitigation: A real-world challenge problem for multi-agent unmanned surface vehicles},
  author={Scerri, Paul and Kannan, Balajee and Velagapudi, Pras and Macarthur, Kate and Stone, Peter and Taylor, Matt and Dolan, John and Farinelli, Alessandro and Chapman, Archie and Dias, Bernadine and others},
  booktitle={International Conference on Autonomous Agents and Multiagent Systems},
  pages={252--269},
  year={2011},
  organization={Springer}
}


@article{tan2013fire,
  title={Fire fighting mobile robot: state of the art and recent development},
  author={Tan, Chee Fai and Liew, SM and Alkahari, MR and Ranjit, SSS and Said, MR and Chen, W and Sivakumar, D and others},
  year={2013},
  publisher={Citeseer}
}

@article{jeon2015human,
  title={Human detection based on the generation of a background image by using a far-infrared light camera},
  author={Jeon, Eun Som and Choi, Jong-Suk and Lee, Ji Hoon and Shin, Kwang Yong and Kim, Yeong Gon and Le, Toan Thanh and Park, Kang Ryoung},
  journal={Sensors},
  volume={15},
  number={3},
  pages={6763--6788},
  year={2015},
  publisher={Multidisciplinary Digital Publishing Institute}
}

@article{pozzer2021semantic,
  title={Semantic segmentation of defects in infrared thermographic images of highly damaged concrete structures},
  author={Pozzer, Sandra and Rezazadeh Azar, Ehsan and Dalla Rosa, Francisco and Chamberlain Pravia, Zacarias Martin},
  journal={Journal of Performance of Constructed Facilities},
  volume={35},
  number={1},
  pages={04020131},
  year={2021},
  publisher={American Society of Civil Engineers}
}

@article{sun2020fuseseg,
  title={FuseSeg: semantic segmentation of urban scenes based on RGB and thermal data fusion},
  author={Sun, Yuxiang and Zuo, Weixun and Yun, Peng and Wang, Hengli and Liu, Ming},
  journal={IEEE Transactions on Automation Science and Engineering},
  volume={18},
  number={3},
  pages={1000--1011},
  year={2020},
  publisher={IEEE}
}

@inproceedings{vertens2020heatnet,
  title={Heatnet: Bridging the day-night domain gap in semantic segmentation with thermal images},
  author={Vertens, Johan and Z{\"u}rn, Jannik and Burgard, Wolfram},
  booktitle={2020 IEEE/RSJ International Conference on Intelligent Robots and Systems (IROS)},
  pages={8461--8468},
  year={2020},
  organization={IEEE}
}


@article{sun2019rtfnet,
  title={Rtfnet: Rgb-thermal fusion network for semantic segmentation of urban scenes},
  author={Sun, Yuxiang and Zuo, Weixun and Liu, Ming},
  journal={IEEE Robotics and Automation Letters},
  volume={4},
  number={3},
  pages={2576--2583},
  year={2019},
  publisher={IEEE}
}

@book{schneider2015possible,
  title={Possible scenarios for radiation measurementsand sampling using unmanned systems: ERNCIP thematic group Radiological and nuclear threatsto critical infrastructure Task 3 deliverable 2},
  author={Schneider, Frank E and Gaspers, Bastian and Per{\"a}j{\"a}rvi, Kari and G{\aa}rdestig, Magnus},
  year={2015},
  publisher={Publications Office of the European Union}
}

@article{bird2018using,
  title={Using Autonomous Radiation-Monitoring Assistance to Reduce Risk and Cost},
  author={Bird, Benjamin and Griffiths, Arron and Martin, Horatio and Codres, Eduardo and Jones, Jennifer and Stancu, Alexandru and Lennox, Barry and Watson, Simon and Poteau, Xavier},
  journal={IEEE ROBOTICS \& AUTOMATION MAGAZINE},
  volume={1070},
  number={9932/18},
  year={2018}
}


@misc{semanticvision,
  author = {AIML},
  title = {Semantic vision},
  howpublished = {\url{https://www.adelaide.edu.au/aiml/our-research/robotic-vision/semantic-vision}},
  year = {2021}
}


@misc{SubT,
  author = {DARPA},
  title = {DARPA Subterranean (SubT) Challenge },
  howpublished = {\url{https://www.darpa.mil/program/darpa-subterranean-challenge}},
  year = {2022}
}


@article{krotkov2017darpa,
  title={The DARPA robotics challenge finals: Results and perspectives},
  author={Krotkov, Eric and Hackett, Douglas and Jackel, Larry and Perschbacher, Michael and Pippine, James and Strauss, Jesse and Pratt, Gill and Orlowski, Christopher},
  journal={Journal of Field Robotics},
  volume={34},
  number={2},
  pages={229--240},
  year={2017},
  publisher={Wiley Online Library}
}

@misc{colossus,
  author = {Lynne Peskoe-Yang},
  title = {Paris Firefighters Used This Remote-Controlled Robot to Extinguish the Notre Dame Blaze},
  howpublished = {\url{https://spectrum.ieee.org/colossus-the-firefighting-robot-that-helped-save-notre-dame}},
  year = {2019}
}

@inproceedings{Du2015WhatHA,
  title={What Happened at the DARPA Robotics Challenge , and Why ?},
  author={Ruixiang Du and Siyuan Feng and Perry Franklin and Michael A. Gennert and Joshua P. Graff and Peng He and Aaron Jaeger and J H Kim and Kevin Knoedler and L F Li and C. Liu and Xianchao Long and Taşkın Padır and Felipe Polido and G. G. Tighe and X. Xinjilefu},
  year={2015}
}

@manual{GBT29428,
  title={operation for earthquake search and rescue team Part 2: procedures and methods},
  author={China Earthquake Emergency Rescue Center},
  year={2014},
  publisher={General Administration of Quality Supervision, Inspection and Quarantine of the People's Republic of China, Standardization Administration of the People's Republic of China}
}


@article{devlin2018bert,
  title={Bert: Pre-training of deep bidirectional transformers for language understanding},
  author={Devlin, Jacob and Chang, Ming-Wei and Lee, Kenton and Toutanova, Kristina},
  journal={arXiv preprint arXiv:1810.04805},
  year={2018}
}

@article{jang2020detection,
  title={Detection of dangerous situations using deep learning model with relational inference},
  author={Jang, Sein and Battulga, Lkhagvadorj and Nasridinov, Aziz},
  journal={Journal of Multimedia Information System},
  volume={7},
  number={3},
  pages={205--214},
  year={2020},
  publisher={Korea Multimedia Society}
}

@inproceedings{simon2017hand,
  title={Hand keypoint detection in single images using multiview bootstrapping},
  author={Simon, Tomas and Joo, Hanbyul and Matthews, Iain and Sheikh, Yaser},
  booktitle={Proceedings of the IEEE conference on Computer Vision and Pattern Recognition},
  pages={1145--1153},
  year={2017}
}

@inproceedings{zhang2020distribution,
  title={Distribution-aware coordinate representation for human pose estimation},
  author={Zhang, Feng and Zhu, Xiatian and Dai, Hanbin and Ye, Mao and Zhu, Ce},
  booktitle={Proceedings of the IEEE/CVF conference on computer vision and pattern recognition},
  pages={7093--7102},
  year={2020}
}


@article{christie2017radiation,
  title={Radiation search operations using scene understanding with autonomous UAV and UGV},
  author={Christie, Gordon and Shoemaker, Adam and Kochersberger, Kevin and Tokekar, Pratap and McLean, Lance and Leonessa, Alexander},
  journal={Journal of Field Robotics},
  volume={34},
  number={8},
  pages={1450--1468},
  year={2017},
  publisher={Wiley Online Library}
}

@inproceedings{zhuang2021perception,
  title={Perception-aware Multi-sensor Fusion for 3D LiDAR Semantic Segmentation},
  author={Zhuang, Zhuangwei and Li, Rong and Jia, Kui and Wang, Qicheng and Li, Yuanqing and Tan, Mingkui},
  booktitle={Proceedings of the IEEE/CVF International Conference on Computer Vision},
  pages={16280--16290},
  year={2021}
}


@article{zang2020far,
  title={Far-infrared object segmentation focus on transmission of overall semantic information},
  author={Zang, Ying and Yu, Bo and Yu, Longjiao and Yang, Dongsheng and Liu, Qingshan},
  journal={IEEE Access},
  volume={8},
  pages={182564--182579},
  year={2020},
  publisher={IEEE}
}

@article{masouleh2019development,
  title={Development and evaluation of a deep learning model for real-time ground vehicle semantic segmentation from UAV-based thermal infrared imagery},
  author={Masouleh, Mehdi Khoshboresh and Shah-Hosseini, Reza},
  journal={ISPRS Journal of Photogrammetry and Remote Sensing},
  volume={155},
  pages={172--186},
  year={2019},
  publisher={Elsevier}
}

@article{zhu2020intelligent,
  title={Intelligent fire monitor for fire robot based on infrared image feedback control},
  author={Zhu, Jinsong and Li, Wei and Lin, Da and Cheng, Hengyu and Zhao, Ge},
  journal={Fire Technology},
  volume={56},
  number={5},
  pages={2089--2109},
  year={2020},
  publisher={Springer}
}

@article{zhang2020recognition,
  title={Recognition of high-risk scenarios in building construction based on image semantics},
  author={Zhang, Mingyuan and Zhu, Mi and Zhao, Xuefeng},
  journal={Journal of Computing in Civil Engineering},
  volume={34},
  number={4},
  pages={04020019},
  year={2020},
  publisher={American Society of Civil Engineers}
}


@article{casper2003human,
  title={Human-robot interactions during the robot-assisted urban search and rescue response at the world trade center},
  author={Casper, Jennifer and Murphy, Robin R.},
  journal={IEEE Transactions on Systems, Man, and Cybernetics, Part B (Cybernetics)},
  volume={33},
  number={3},
  pages={367--385},
  year={2003},
  publisher={IEEE}
}

@article{shi2021semantic,
  title={Semantic feature extraction based on subspace learning with temporal constraints for acoustic event recognition},
  author={Shi, Qiuying and Han, Jiqing},
  journal={Digital Signal Processing},
  volume={110},
  pages={102947},
  year={2021},
  publisher={Elsevier}
}

@article{wu2010emotion,
  title={Emotion recognition of affective speech based on multiple classifiers using acoustic-prosodic information and semantic labels},
  author={Wu, Chung-Hsien and Liang, Wei-Bin},
  journal={IEEE Transactions on Affective Computing},
  volume={2},
  number={1},
  pages={10--21},
  year={2010},
  publisher={IEEE}
}

@article{groves2021robotic,
  title={Robotic Exploration of an Unknown Nuclear Environment Using Radiation Informed Autonomous Navigation},
  author={Groves, Keir and Hernandez, Emili and West, Andrew and Wright, Thomas and Lennox, Barry},
  journal={Robotics},
  volume={10},
  number={2},
  pages={78},
  year={2021},
  publisher={Multidisciplinary Digital Publishing Institute}
}

@article{hellfeld2019real,
  title={Real-time free-moving active coded mask 3D gamma-ray imaging},
  author={Hellfeld, Daniel and Barton, Paul and Gunter, Donald and Haefner, Andrew and Mihailescu, Lucian and Vetter, Kai},
  journal={IEEE Transactions on Nuclear Science},
  volume={66},
  number={10},
  pages={2252--2260},
  year={2019},
  publisher={IEEE}
}

@article{vetter2018gamma,
  title={Gamma-Ray imaging for nuclear security and safety: Towards 3-D gamma-ray vision},
  author={Vetter, Kai and Barnowksi, Ross and Haefner, Andrew and Joshi, Tenzing HY and Pavlovsky, Ryan and Quiter, Brian J},
  journal={Nuclear Instruments and Methods in Physics Research Section A: Accelerators, Spectrometers, Detectors and Associated Equipment},
  volume={878},
  pages={159--168},
  year={2018},
  publisher={Elsevier}
}

@article{agha2021nebula,
  title={Nebula: Quest for robotic autonomy in challenging environments; team costar at the darpa subterranean challenge},
  author={Agha, Ali and Otsu, Kyohei and Morrell, Benjamin and Fan, David D and Thakker, Rohan and Santamaria-Navarro, Angel and Kim, Sung-Kyun and Bouman, Amanda and Lei, Xianmei and Edlund, Jeffrey and others},
  journal={arXiv preprint arXiv:2103.11470},
  year={2021}
}

@article{murphy2008cooperative,
  title={Cooperative use of unmanned sea surface and micro aerial vehicles at Hurricane Wilma},
  author={Murphy, Robin R and Steimle, Eric and Griffin, Chandler and Cullins, Charlie and Hall, Mike and Pratt, Kevin},
  journal={Journal of Field Robotics},
  volume={25},
  number={3},
  pages={164--180},
  year={2008},
  publisher={Wiley Online Library}
}

@inproceedings{boukhechba2015online,
  title={Online recognition of people's activities from raw GPS data: Semantic Trajectory Data Analysis},
  author={Boukhechba, Mehdi and Bouzouane, Abdenour and Bouchard, Bruno and Gouin-Vallerand, Charles and Giroux, Sylvain},
  booktitle={Proceedings of the 8th ACM International Conference on Pervasive Technologies Related to Assistive Environments},
  pages={1--8},
  year={2015}
}

@article{cao2010mining,
  title={Mining significant semantic locations from GPS data},
  author={Cao, Xin and Cong, Gao and Jensen, Christian S},
  journal={Proceedings of the VLDB Endowment},
  volume={3},
  number={1-2},
  pages={1009--1020},
  year={2010},
  publisher={VLDB Endowment}
}

@article{barbieri2010deductive,
  title={Deductive and inductive stream reasoning for semantic social media analytics},
  author={Barbieri, Davide and Braga, Daniele and Ceri, Stefano and Della Valle, Emanuele and Huang, Yi and Tresp, Volker and Rettinger, Achim and Wermser, Hendrik},
  journal={IEEE Intelligent Systems},
  volume={25},
  number={6},
  pages={32--41},
  year={2010},
  publisher={IEEE}
}

@article{berners2001semantic,
  title={The semantic web},
  author={Berners-Lee, Tim and Hendler, James and Lassila, Ora},
  journal={Scientific american},
  volume={284},
  number={5},
  pages={34--43},
  year={2001},
  publisher={JSTOR}
}

@inproceedings{ConnorAdata,
title = "A Data Processing Workflow for Drone-based Radiation Mapping in the Chernobyl Exclusion Zone (CEZ) - 20119",
author = "Connor, {Dean T} and Martin, {Peter George} and Verbelen, {Yannick S R} and Kieran Wood and Sevda Goren and Megson-Smith, {Dave A} and Nick Smith and Scott, {Thomas Bligh}",
year = "2020",
month = mar,
day = "8",
language = "English",
booktitle = "Proceedings of the Waste Management Symposia 2020. Phoenix, Arizona, USA.",
}

@misc{chernobyluav,
  author = {Flyability},
  title = {ELIOS 2 TESTED AT THE CHERNOBYL NUCLEAR POWER PLANT},
  howpublished = {\url{https://www.flyability.com/news/chernobyl-mission}},
  year = 2020,
}

@inproceedings{milioto2019rangenet++,
  title={Rangenet++: Fast and accurate lidar semantic segmentation},
  author={Milioto, Andres and Vizzo, Ignacio and Behley, Jens and Stachniss, Cyrill},
  booktitle={2019 IEEE/RSJ International Conference on Intelligent Robots and Systems (IROS)},
  pages={4213--4220},
  year={2019},
  organization={IEEE}
}

@inproceedings{murphy2005up,
  title={Up from the rubble: Lessons learned about HRI from search and rescue},
  author={Murphy, Robin R and Burke, Jennifer L},
  booktitle={Proceedings of the Human Factors and Ergonomics Society Annual Meeting},
  volume={49},
  number={3},
  pages={437--441},
  year={2005},
  organization={SAGE Publications Sage CA: Los Angeles, CA}
}


@article{smith2013human,
  title={Human error analysis of the Macondo well blowout},
  author={Smith, Patrick and Kincannon, Haley and Lehnert, Ryan and Wang, Qingsheng and D. Larra{\~n}aga, Michael},
  journal={Process Safety Progress},
  volume={32},
  number={2},
  pages={217--221},
  year={2013},
  publisher={Wiley Online Library}
}

@article{rustam2023status,
  title={Status, Barriers and Cost-Benefits of Robotic and Remote Systems Applications in Nuclear Decommissioning and Radioactive Waste Management},
  author={Stolkin, Rustam and Molitor, Norbert and Berben, Peter and Verbeek, Jens and Reedman, Tim and Burtin, Hugues and Velnom, Laurent-Herve and Garrec, Philippe and Van Den Bosch, Joël and Braunroth, Thomas and Knaack, Michael and Wernke, Alena and Kawatsuma, Shinji and Yamamoto, Yoichi and Szoke, István and Dalyaev, Igor and Lopota, Alexander and Nikitin, Eduard and Tribunsky, Aleksey and Labba, Anders and Picca, Paolo and Tellam, Ian and Reid, Richard},
  year={2023},
  number={NEA/RWM/R(2022)1},
  publisher={OECD Publishing}
}

@inproceedings{RameshBraunRothfuss2023_1000159207,
    author = {Ramesh, Aniketh and Braun, Christian A. and Ruan, Tianshu and Rothfuß, Simon and Hohmann, Sören and Stolkin, Rustam and Chiou, Manolis},
    year = {2023},
    title = {Experimental Evaluation of Model Predictive Mixed-Initiative Variable Autonomy Systems Applied to Human-Robot Teams},
    eventtitle= {IEEE International Conference on Systems, Man, and Cybernetics},
    eventtitleaddon = {SMC 2023},
    eventdate    = {2023-10-01/2023-10-04},
    venue= {Maui, Hawaii},
    booktitle= {2023 IEEE International Conference on Systems, Man, and Cybernetics (SMC), October 1-4, 2023, Hyatt Maui, Hawaii, USA},
    publisher = {IEEE},
    language = {english}
}




@inproceedings{sidnev2021efficient,
  title={Efficient grouping for keypoint detection},
  author={Sidnev, Alexey and Krasikova, Ekaterina and Kazakov, Maxim},
  booktitle={2020 25th International Conference on Pattern Recognition (ICPR)},
  pages={10712--10719},
  year={2021},
  organization={IEEE}
}

@article{sharifi2020deephazmat,
  title={DeepHAZMAT: Hazardous materials sign detection and segmentation with restricted computational resources},
  author={Sharifi, Amir and Zibaei, Ahmadreza and Rezaei, Mahdi},
  journal={Available at SSRN 3649600},
  year={2020}
}

@inproceedings{yamazaki2019victim,
  title={Victim detection using UAV with on-board voice recognition system},
  author={Yamazaki, Yuki and Tamaki, Masaya and Premachandra, Chinthaka and Perera, CJ and Sumathipala, Sagara and Sudantha, BH},
  booktitle={2019 Third IEEE International Conference on Robotic Computing (IRC)},
  pages={555--559},
  year={2019},
  organization={IEEE}
}

@article{stanton2017state,
  title={State-of-science: situation awareness in individuals, teams and systems},
  author={Stanton, Neville A and Salmon, Paul M and Walker, Guy H and Salas, Eduardo and Hancock, Peter A},
  journal={Ergonomics},
  volume={60},
  number={4},
  pages={449--466},
  year={2017},
  publisher={Taylor \& Francis}
}

@article{endsley1995measurement,
  title={Measurement of situation awareness in dynamic systems},
  author={Endsley, Mica R},
  journal={Human factors},
  volume={37},
  number={1},
  pages={65--84},
  year={1995},
  publisher={SAGE Publications Sage CA: Los Angeles, CA}
}

@incollection{taylor2017situational,
  title={Situational awareness rating technique (SART): The development of a tool for aircrew systems design},
  author={Taylor, Richard M},
  booktitle={Situational awareness},
  pages={111--128},
  year={2017},
  publisher={Routledge}
}

@inproceedings{ghezala2014rsaw,
  title={RSAW: A situation awareness system for autonomous robots},
  author={Ghezala, Mohamed Walid Ben and Bouzeghoub, Amel and Leroux, Christophe},
  booktitle={2014 13th International Conference on Control Automation Robotics \& Vision (ICARCV)},
  pages={450--455},
  year={2014},
  organization={IEEE}
}

@inproceedings{ginesi2020autonomous,
  title={Autonomous task planning and situation awareness in robotic surgery},
  author={Ginesi, Michele and Meli, Daniele and Roberti, Andrea and Sansonetto, Nicola and Fiorini, Paolo},
  booktitle={2020 IEEE/RSJ International Conference on Intelligent Robots and Systems (IROS)},
  pages={3144--3150},
  year={2020},
  organization={IEEE}
}

@inproceedings{majumdar2020should,
  title={How should a robot assess risk? towards an axiomatic theory of risk in robotics},
  author={Majumdar, Anirudha and Pavone, Marco},
  booktitle={Robotics Research: The 18th International Symposium ISRR},
  pages={75--84},
  year={2020},
  organization={Springer}
}

@inproceedings{endsley1988situation,
  title={Situation awareness global assessment technique (SAGAT)},
  author={Endsley, Mica R},
  booktitle={Proceedings of the IEEE 1988 national aerospace and electronics conference},
  pages={789--795},
  year={1988},
  organization={IEEE}
}


@article{tenorth2017representations,
  title={Representations for robot knowledge in the KnowRob framework},
  author={Tenorth, Moritz and Beetz, Michael},
  journal={Artificial Intelligence},
  volume={247},
  pages={151--169},
  year={2017},
  publisher={Elsevier}
}

@inproceedings{chang2020ontology,
  title={Ontology-based knowledge model for human-robot interactive services},
  author={Chang, Doo Soo and Cho, Gun Hee and Choi, Yong Suk},
  booktitle={Proceedings of the 35th Annual ACM Symposium on Applied Computing},
  pages={2029--2038},
  year={2020}
}

@inproceedings{hulsen2011traffic,
  title={Traffic intersection situation description ontology for advanced driver assistance},
  author={H{\"u}lsen, Michael and Z{\"o}llner, J Marius and Weiss, Christian},
  booktitle={2011 IEEE Intelligent Vehicles Symposium (IV)},
  pages={993--999},
  year={2011},
  organization={IEEE}
}

@incollection{endsley2017toward,
  title={Toward a theory of situation awareness in dynamic systems},
  author={Endsley, Mica R},
  booktitle={Situational awareness},
  pages={9--42},
  year={2017},
  publisher={Routledge}
}


@inproceedings{shuang2014quantitative,
  title={A quantitative situational awareness model of pilot},
  author={Shuang, Liu and Xiaoru, Wanyan and Damin, Zhuang},
  booktitle={Proceedings of the International Symposium on Human Factors and Ergonomics in Health Care},
  volume={3},
  number={1},
  pages={117--122},
  year={2014},
  organization={SAGE Publications Sage CA: Los Angeles, CA}
}

@inproceedings{hooey2011modeling,
  title={Modeling pilot situation awareness},
  author={Hooey, Becky L and Gore, Brian F and Wickens, Christopher D and Scott-Nash, Shelly and Socash, Connie and Salud, Ellen and Foyle, David C},
  booktitle={Human modelling in assisted transportation: Models, tools and risk methods},
  pages={207--213},
  year={2011},
  organization={Springer}
}


@inproceedings{armand2014ontology,
  title={Ontology-based context awareness for driving assistance systems},
  author={Armand, Alexandre and Filliat, David and Iba{\~n}ez-Guzman, Javier},
  booktitle={2014 IEEE intelligent vehicles symposium proceedings},
  pages={227--233},
  year={2014},
  organization={IEEE}
}


@inproceedings{huang2019ontology,
  title={Ontology-based driving scene modeling, situation assessment and decision making for autonomous vehicles},
  author={Huang, Lu and Liang, Huawei and Yu, Biao and Li, Bichun and Zhu, Hui},
  booktitle={2019 4th Asia-Pacific Conference on Intelligent Robot Systems (ACIRS)},
  pages={57--62},
  year={2019},
  organization={IEEE}
}

@article{queralta2020collaborative,
  title={Collaborative multi-robot search and rescue: Planning, coordination, perception, and active vision},
  author={Queralta, Jorge Pena and Taipalmaa, Jussi and Pullinen, Bilge Can and Sarker, Victor Kathan and Gia, Tuan Nguyen and Tenhunen, Hannu and Gabbouj, Moncef and Raitoharju, Jenni and Westerlund, Tomi},
  journal={Ieee Access},
  volume={8},
  pages={191617--191643},
  year={2020},
  publisher={IEEE}
}

@article{chen2019scene,
  title={Scene classification in indoor environments for robots using context based word embeddings},
  author={Chen, Bao Xin and Sahdev, Raghavender and Wu, Dekun and Zhao, Xing and Papagelis, Manos and Tsotsos, John K},
  journal={arXiv preprint arXiv:1908.06422},
  year={2019}
}

@article{chavez2018learning,
  title={Learning ground traversability from simulations},
  author={Chavez-Garcia, R Omar and Guzzi, J{\'e}r{\^o}me and Gambardella, Luca M and Giusti, Alessandro},
  journal={IEEE Robotics and Automation letters},
  volume={3},
  number={3},
  pages={1695--1702},
  year={2018},
  publisher={IEEE}
}

@inproceedings{sock2016probabilistic,
  title={Probabilistic traversability map generation using 3D-LIDAR and camera},
  author={Sock, Juil and Kim, Jun and Min, Jihong and Kwak, Kiho},
  booktitle={2016 IEEE International Conference on Robotics and Automation (ICRA)},
  pages={5631--5637},
  year={2016},
  organization={IEEE}
}

@inproceedings{andriluka2010vision,
  title={Vision based victim detection from unmanned aerial vehicles},
  author={Andriluka, Mykhaylo and Schnitzspan, Paul and Meyer, Johannes and Kohlbrecher, Stefan and Petersen, Karen and Von Stryk, Oskar and Roth, Stefan and Schiele, Bernt},
  booktitle={2010 IEEE/RSJ International Conference on Intelligent Robots and Systems},
  pages={1740--1747},
  year={2010},
  organization={IEEE}
}

@misc{context,
  author = {Marriam-Webster},
  title = {context noun},
  howpublished = {\url{https://www.merriam-webster.com/dictionary/context}},
  year = 2022,
}

@inproceedings{bruemmer2003mixed,
  title={Mixed-initiative control for remote characterization of hazardous environments},
  author={Bruemmer, David J and Marble, Julie L and Dudenhoeffer, Donald D and Anderson, M and McKay, Mark D},
  booktitle={36th Annual Hawaii International Conference on System Sciences, 2003. Proceedings of the},
  pages={9--pp},
  year={2003},
  organization={IEEE}
}

@article{ma2016local,
  title={A local-global coupled-layer puppet model for robust online human pose tracking},
  author={Ma, Miao and Marturi, Naresh and Li, Yibin and Stolkin, Rustam and Leonardis, Ales},
  journal={Computer Vision and Image Understanding},
  volume={153},
  pages={163--178},
  year={2016},
  publisher={Elsevier}
}

@article{wang2022yolov7,
  title={YOLOv7: Trainable bag-of-freebies sets new state-of-the-art for real-time object detectors},
  author={Wang, Chien-Yao and Bochkovskiy, Alexey and Liao, Hong-Yuan Mark},
  journal={arXiv preprint arXiv:2207.02696},
  year={2022}
}

@article{mcaree2018quantifying,
  title={Quantifying situation awareness for small unmanned aircraft: Towards routine Beyond Visual Line of Sight operations},
  author={McAree, O and Aitken, JM and Veres, SM},
  journal={The Aeronautical Journal},
  volume={122},
  number={1251},
  pages={733--746},
  year={2018},
  publisher={Cambridge University Press}
}

@article{nguyen2019review,
  title={A review of situation awareness assessment approaches in aviation environments},
  author={Nguyen, Thanh and Lim, Chee Peng and Nguyen, Ngoc Duy and Gordon-Brown, Lee and Nahavandi, Saeid},
  journal={IEEE Systems Journal},
  volume={13},
  number={3},
  pages={3590--3603},
  year={2019},
  publisher={IEEE}
}

@article{sobol2001global,
  title={Global sensitivity indices for nonlinear mathematical models and their Monte Carlo estimates},
  author={Sobol, Ilya M},
  journal={Mathematics and computers in simulation},
  volume={55},
  number={1-3},
  pages={271--280},
  year={2001},
  publisher={Elsevier}
}


@inproceedings{yatskar2016situation,
  title={Situation recognition: Visual semantic role labeling for image understanding},
  author={Yatskar, Mark and Zettlemoyer, Luke and Farhadi, Ali},
  booktitle={Proceedings of the IEEE conference on computer vision and pattern recognition},
  pages={5534--5542},
  year={2016}
}

@inproceedings{li2017situation,
  title={Situation recognition with graph neural networks},
  author={Li, Ruiyu and Tapaswi, Makarand and Liao, Renjie and Jia, Jiaya and Urtasun, Raquel and Fidler, Sanja},
  booktitle={Proceedings of the IEEE international conference on computer vision},
  pages={4173--4182},
  year={2017}
}

@article{xiao2020robot,
  title={Robot risk-awareness by formal risk reasoning and planning},
  author={Xiao, Xuesu and Dufek, Jan and Murphy, Robin R},
  journal={IEEE Robotics and Automation Letters},
  volume={5},
  number={2},
  pages={2856--2863},
  year={2020},
  publisher={IEEE}
}

@article{soltani2004fuzzy,
  title={A fuzzy based multi-objective path planning of construction sites},
  author={Soltani, AR and Fernando, T},
  journal={Automation in construction},
  volume={13},
  number={6},
  pages={717--734},
  year={2004},
  publisher={Elsevier}
}

@article{ramesh2022robot,
  title={Robot vitals and robot health: Towards systematically quantifying runtime performance degradation in robots under adverse conditions},
  author={Ramesh, Aniketh and Stolkin, Rustam and Chiou, Manolis},
  journal={IEEE Robotics and Automation Letters},
  volume={7},
  number={4},
  pages={10729--10736},
  year={2022},
  publisher={IEEE}
}

@article{yan2019meteorological,
  title={Meteorological factors affecting pan evaporation in the Haihe River Basin, China},
  author={Yan, Zhihong and Wang, Shuqian and Ma, Ding and Liu, Bin and Lin, Hong and Li, Su},
  journal={Water},
  volume={11},
  number={2},
  pages={317},
  year={2019},
  publisher={MDPI}
}

@inproceedings{riley2004hunt,
  title={The hunt for situation awareness: Human-robot interaction in search and rescue},
  author={Riley, Jennifer M and Endsley, Mica R},
  booktitle={Proceedings of the Human Factors and Ergonomics Society Annual Meeting},
  volume={48},
  number={3},
  pages={693--697},
  year={2004},
  organization={SAGE Publications Sage CA: Los Angeles, CA}
}


@article{ackerman2022robots,
  title={Robots conquer the underground: What darpa's subterranean challenge means for the future of autonomous robots},
  author={Ackerman, Evan},
  journal={IEEE Spectrum},
  volume={59},
  number={5},
  pages={30--37},
  year={2022},
  publisher={IEEE}
}

@INPROCEEDINGS{10018727,
  author={Ruan, Tianshu and Wang, Hao and Stolkin, Rustam and Chiou, Manolis},
  booktitle={2022 IEEE International Symposium on Safety, Security, and Rescue Robotics (SSRR)}, 
  title={A Taxonomy of Semantic Information in Robot-Assisted Disaster Response}, 
  year={2022},
  volume={},
  number={},
  pages={285-292},
  doi={10.1109/SSRR56537.2022.10018727}}

@article{yangvisual,
  title={Visual Semantic Navigation using Scene Priors},
  author={Yang, Wei and Wang, Xiaolong and Farhadi, Ali and Gupta, Abhinav and Mottaghi, Roozbeh}
}

@article{bavle2021slam,
  title={From SLAM to Situational Awareness: Challenges and Survey},
  author={Bavle, Hriday and Sanchez Lopez, Jose Luis and Schmidt F, Eduardo and Voos, Holger},
  year={2021}
}



@article{zhu2015building,
  title={Building a large-scale multimodal knowledge base system for answering visual queries},
  author={Zhu, Yuke and Zhang, Ce and R{\'e}, Christopher and Fei-Fei, Li},
  journal={arXiv preprint arXiv:1507.05670},
  year={2015}
}

@inproceedings{dini2017measurement,
  title={Measurement and prediction of situation awareness in human-robot interaction based on a framework of probabilistic attention},
  author={Dini, Amir and Murko, Cornelia and Yahyanejad, Saeed and Augsd{\"o}rfer, Ursula and Hofbaur, Michael and Paletta, Lucas},
  booktitle={2017 IEEE/RSJ International Conference on Intelligent Robots and Systems (IROS)},
  pages={4354--4361},
  year={2017},
  organization={IEEE}
}

@inproceedings{zhu2017visual,
  title={Visual semantic planning using deep successor representations},
  author={Zhu, Yuke and Gordon, Daniel and Kolve, Eric and Fox, Dieter and Fei-Fei, Li and Gupta, Abhinav and Mottaghi, Roozbeh and Farhadi, Ali},
  booktitle={Proceedings of the IEEE international conference on computer vision},
  pages={483--492},
  year={2017}
}



@article{ma2018region,
  title={Region-sequence based six-stream CNN features for general and fine-grained human action recognition in videos},
  author={Ma, Miao and Marturi, Naresh and Li, Yibin and Leonardis, Ales and Stolkin, Rustam},
  journal={Pattern Recognition},
  volume={76},
  pages={506--521},
  year={2018},
  publisher={Elsevier}
}

@inproceedings{zhao2017fully,
  title={A fully end-to-end deep learning approach for real-time simultaneous 3D reconstruction and material recognition},
  author={Zhao, Cheng and Sun, Li and Stolkin, Rustam},
  booktitle={2017 18th International Conference on Advanced Robotics (ICAR)},
  pages={75--82},
  year={2017},
  organization={IEEE}
}

@article{sevastopoulos2022survey,
  title={A survey of traversability estimation for mobile robots},
  author={Sevastopoulos, Christos and Konstantopoulos, Stasinos},
  journal={IEEE Access},
  year={2022},
  publisher={IEEE}
}


@article{sharifi2021deep,
  title={A deep learning based hazardous materials (HAZMAT) sign detection robot with restricted computational resources},
  author={Sharifi, Amir and Zibaei, Ahmadreza and Rezaei, Mahdi},
  journal={Machine Learning with Applications},
  volume={6},
  pages={100104},
  year={2021},
  publisher={Elsevier}
}


@inproceedings{stolkin2007probabilistic,
  title={Probabilistic analysis of a passive acoustic diver detection system for optimal sensor placement and extensions to localization and tracking},
  author={Stolkin, Rustam and Florescu, Ionut},
  booktitle={OCEANS 2007},
  pages={1--6},
  year={2007},
  organization={IEEE}
}

@inproceedings{stolkin2006feature,
  title={Feature based passive acoustic detection of underwater threats},
  author={Stolkin, Rustam and Sutin, Alexander and Radhakrishnan, Sreeram and Bruno, Michael and Fullerton, Brian and Ekimov, Alexander and Raftery, Michael},
  booktitle={Photonics for Port and Harbor Security II},
  volume={6204},
  pages={40--49},
  year={2006},
  organization={SPIE}
}

@inproceedings{stolkin2007passive,
  title={Passive acoustic detection of modulated underwater sounds from biological and anthropogenic sources},
  author={Stolkin, Rustam and Radhakrishnan, Sreeram and Sutin, Alexander and Rountree, Rodney},
  booktitle={OCEANS 2007},
  pages={1--8},
  year={2007},
  organization={IEEE}
}

@article{rosinol2021kimera,
  title={Kimera: From SLAM to spatial perception with 3D dynamic scene graphs},
  author={Rosinol, Antoni and Violette, Andrew and Abate, Marcus and Hughes, Nathan and Chang, Yun and Shi, Jingnan and Gupta, Arjun and Carlone, Luca},
  journal={The International Journal of Robotics Research},
  volume={40},
  number={12-14},
  pages={1510--1546},
  year={2021},
  publisher={SAGE Publications Sage UK: London, England}
}

@article{ruan2022taxonomy,
  title={A Taxonomy of Semantic Information in Robot-Assisted Disaster Response},
  author={Ruan, Tianshu and Wang, Hao and Stolkin, Rustam and Chiou, Manolis},
  journal={arXiv preprint arXiv:2210.00125},
  year={2022}
}


@article{schober2018correlation,
  title={Correlation coefficients: appropriate use and interpretation},
  author={Schober, Patrick and Boer, Christa and Schwarte, Lothar A},
  journal={Anesthesia \& analgesia},
  volume={126},
  number={5},
  pages={1763--1768},
  year={2018},
  publisher={Wolters Kluwer}
}

@phdthesis{chok2010pearson,
  title={Pearson's versus Spearman's and Kendall's correlation coefficients for continuous data},
  author={Chok, Nian Shong},
  year={2010},
  school={University of Pittsburgh}
}

@article{chen2020trust,
  title={Trust-aware decision making for human-robot collaboration: Model learning and planning},
  author={Chen, Min and Nikolaidis, Stefanos and Soh, Harold and Hsu, David and Srinivasa, Siddhartha},
  journal={ACM Transactions on Human-Robot Interaction (THRI)},
  volume={9},
  number={2},
  pages={1--23},
  year={2020},
  publisher={ACM New York, NY, USA}
}

@article{reinmund2024variable,
  title={Variable Autonomy through Responsible Robotics: Design Guidelines and Research Agenda},
  author={Reinmund, Tyler and Salvini, Pericle and Kunze, Lars and Jirotka, Marina and Winfield, Alan FT},
  journal={ACM Transactions on Human-Robot Interaction},
  volume={13},
  number={1},
  pages={1--36},
  year={2024},
  publisher={ACM New York, NY}
}

@article{methnani2024s,
  title={Who’s in charge here? A survey on Trustworthy AI in Variable Autonomy Robotic Systems},
  author={Methnani, Leila and Chiou, Manolis and Dignum, Virginia and Theodorou, Andreas},
  journal={ACM Computing Surveys},
  year={2024},
  publisher={ACM New York, NY}
}

@inproceedings{pappas2020vfh+,
  title={Vfh+ based shared control for remotely operated mobile robots},
  author={Pappas, Pantelis and Chiou, Manolis and Epsimos, Georgios-Theofanis and Nikolaou, Grigoris and Stolkin, Rustam},
  booktitle={2020 IEEE International Symposium on Safety, Security, and Rescue Robotics (SSRR)},
  pages={366--373},
  year={2020},
  organization={IEEE}
}

@article{voudoukis2017inverse,
  title={Inverse square law for light and radiation: A unifying educational approach},
  author={Voudoukis, Nikolaos and Oikonomidis, Sarantos},
  journal={European Journal of Engineering and Technology Research},
  volume={2},
  number={11},
  pages={23--27},
  year={2017}
}