@inproceedings{armand2014ontology,
  title={Ontology-based context awareness for driving assistance systems},
  author={Armand, Alexandre and Filliat, David and Iba{\~n}ez-Guzman, Javier},
  booktitle={2014 IEEE intelligent vehicles symposium proceedings},
  pages={227--233},
  year={2014},
  organization={IEEE}
}

@inproceedings{dini2017measurement,
  title={Measurement and prediction of situation awareness in human-robot interaction based on a framework of probabilistic attention},
  author={Dini, Amir and Murko, Cornelia and Yahyanejad, Saeed and Augsd{\"o}rfer, Ursula and Hofbaur, Michael and Paletta, Lucas},
  booktitle={2017 IEEE/RSJ International Conference on Intelligent Robots and Systems (IROS)},
  pages={4354--4361},
  year={2017},
  organization={IEEE}
}

@inproceedings{endsley1988situation,
  title={Situation awareness global assessment technique (SAGAT)},
  author={Endsley, Mica R},
  booktitle={Proceedings of the IEEE 1988 national aerospace and electronics conference},
  pages={789--795},
  year={1988},
  organization={IEEE}
}

@article{endsley1995measurement,
  title={Measurement of situation awareness in dynamic systems},
  author={Endsley, Mica R},
  journal={Human factors},
  volume={37},
  number={1},
  pages={65--84},
  year={1995},
  publisher={SAGE Publications Sage CA: Los Angeles, CA}
}

@inproceedings{gao2020uav,
  title={UAV security situation awareness method based on semantic analysis},
  author={Gao, Xijun and Jia, Hongxia and Chen, Zili and Yuan, Guogang and Yang, Sen},
  booktitle={2020 IEEE International Conference on Power, Intelligent Computing and Systems (ICPICS)},
  pages={272--276},
  year={2020},
  organization={IEEE}
}

@inproceedings{ghezala2014rsaw,
  title={RSAW: A situation awareness system for autonomous robots},
  author={Ghezala, Mohamed Walid Ben and Bouzeghoub, Amel and Leroux, Christophe},
  booktitle={2014 13th International Conference on Control Automation Robotics \& Vision (ICARCV)},
  pages={450--455},
  year={2014},
  organization={IEEE}
}

@inproceedings{ginesi2020autonomous,
  title={Autonomous task planning and situation awareness in robotic surgery},
  author={Ginesi, Michele and Meli, Daniele and Roberti, Andrea and Sansonetto, Nicola and Fiorini, Paolo},
  booktitle={2020 IEEE/RSJ International Conference on Intelligent Robots and Systems (IROS)},
  pages={3144--3150},
  year={2020},
  organization={IEEE}
}

@inproceedings{hooey2011modeling,
  title={Modeling pilot situation awareness},
  author={Hooey, Becky L and Gore, Brian F and Wickens, Christopher D and Scott-Nash, Shelly and Socash, Connie and Salud, Ellen and Foyle, David C},
  booktitle={Human modelling in assisted transportation: Models, tools and risk methods},
  pages={207--213},
  year={2011},
  organization={Springer}
}

@inproceedings{huang2019ontology,
  title={Ontology-based driving scene modeling, situation assessment and decision making for autonomous vehicles},
  author={Huang, Lu and Liang, Huawei and Yu, Biao and Li, Bichun and Zhu, Hui},
  booktitle={2019 4th Asia-Pacific Conference on Intelligent Robot Systems (ACIRS)},
  pages={57--62},
  year={2019},
  organization={IEEE}
}

@article{mcaree2018quantifying,
  title={Quantifying situation awareness for small unmanned aircraft: Towards routine Beyond Visual Line of Sight operations},
  author={McAree, O and Aitken, JM and Veres, SM},
  journal={The Aeronautical Journal},
  volume={122},
  number={1251},
  pages={733--746},
  year={2018},
  publisher={Cambridge University Press}
}

@article{nguyen2019review,
  title={A review of situation awareness assessment approaches in aviation environments},
  author={Nguyen, Thanh and Lim, Chee Peng and Nguyen, Ngoc Duy and Gordon-Brown, Lee and Nahavandi, Saeid},
  journal={IEEE Systems Journal},
  volume={13},
  number={3},
  pages={3590--3603},
  year={2019},
  publisher={IEEE}
}

@inproceedings{shuang2014quantitative,
  title={A quantitative situational awareness model of pilot},
  author={Shuang, Liu and Xiaoru, Wanyan and Damin, Zhuang},
  booktitle={Proceedings of the International Symposium on Human Factors and Ergonomics in Health Care},
  volume={3},
  number={1},
  pages={117--122},
  year={2014},
  organization={SAGE Publications Sage CA: Los Angeles, CA}
}

@article{stanton2017state,
  title={State-of-science: situation awareness in individuals, teams and systems},
  author={Stanton, Neville A and Salmon, Paul M and Walker, Guy H and Salas, Eduardo and Hancock, Peter A},
  journal={Ergonomics},
  volume={60},
  number={4},
  pages={449--466},
  year={2017},
  publisher={Taylor \& Francis}
}

@incollection{taylor2017situational,
  title={Situational awareness rating technique (SART): The development of a tool for aircrew systems design},
  author={Taylor, Richard M},
  booktitle={Situational awareness},
  pages={111--128},
  year={2017},
  publisher={Routledge}
}

@article{tenorth2017representations,
  title={Representations for robot knowledge in the KnowRob framework},
  author={Tenorth, Moritz and Beetz, Michael},
  journal={Artificial Intelligence},
  volume={247},
  pages={151--169},
  year={2017},
  publisher={Elsevier}
}

