@article{baek2024researchagent,
  title={Researchagent: Iterative research idea generation over scientific literature with large language models},
  author={Baek, Jinheon and Jauhar, Sujay Kumar and Cucerzan, Silviu and Hwang, Sung Ju},
  journal={arXiv preprint arXiv:2404.07738},
  year={2024}
}

@inproceedings{besta2024graph,
  title={Graph of thoughts: Solving elaborate problems with large language models},
  author={Besta, Maciej and Blach, Nils and Kubicek, Ales and Gerstenberger, Robert and Podstawski, Michal and Gianinazzi, Lukas and Gajda, Joanna and Lehmann, Tomasz and Niewiadomski, Hubert and Nyczyk, Piotr and others},
  booktitle={Proceedings of the AAAI Conference on Artificial Intelligence},
  volume={38},
  number={16},
  pages={17682--17690},
  year={2024}
}

@article{chi2024sela,
  title={SELA: Tree-Search Enhanced LLM Agents for Automated Machine Learning},
  author={Chi, Yizhou and Lin, Yizhang and Hong, Sirui and Pan, Duyi and Fei, Yaying and Mei, Guanghao and Liu, Bangbang and Pang, Tianqi and Kwok, Jacky and Zhang, Ceyao and others},
  journal={arXiv preprint arXiv:2410.17238},
  year={2024}
}

@article{grosnit2024large,
  title={Large Language Models Orchestrating Structured Reasoning Achieve Kaggle Grandmaster Level},
  author={Grosnit, Antoine and Maraval, Alexandre and Doran, James and Paolo, Giuseppe and Thomas, Albert and Beevi, Refinath Shahul Hameed Nabeezath and Gonzalez, Jonas and Khandelwal, Khyati and Iacobacci, Ignacio and Benechehab, Abdelhakim and others},
  journal={arXiv preprint arXiv:2411.03562},
  year={2024}
}

@article{guo2024ds,
  title={DS-Agent: Automated Data Science by Empowering Large Language Models with Case-Based Reasoning},
  author={Guo, Siyuan and Deng, Cheng and Wen, Ying and Chen, Hechang and Chang, Yi and Wang, Jun},
  journal={arXiv preprint arXiv:2402.17453},
  year={2024}
}

@article{hong2024data,
  title={Data interpreter: An llm agent for data science},
  author={Hong, Sirui and Lin, Yizhang and Liu, Bang and Liu, Bangbang and Wu, Binhao and Zhang, Ceyao and Wei, Chenxing and Li, Danyang and Chen, Jiaqi and Zhang, Jiayi and others},
  journal={arXiv preprint arXiv:2402.18679},
  year={2024}
}

@article{liu2024drugagent,
  title={DrugAgent: Automating AI-aided Drug Discovery Programming through LLM Multi-Agent Collaboration},
  author={Liu, Sizhe and Lu, Yizhou and Chen, Siyu and Hu, Xiyang and Zhao, Jieyu and Fu, Tianfan and Zhao, Yue},
  journal={arXiv preprint arXiv:2411.15692},
  year={2024}
}

@article{wu2023autogen,
  title={Autogen: Enabling next-gen llm applications via multi-agent conversation framework},
  author={Wu, Qingyun and Bansal, Gagan and Zhang, Jieyu and Wu, Yiran and Zhang, Shaokun and Zhu, Erkang and Li, Beibin and Jiang, Li and Zhang, Xiaoyun and Wang, Chi},
  journal={arXiv preprint arXiv:2308.08155},
  year={2023}
}

