@article{guo2024ds,
  title={DS-Agent: Automated Data Science by Empowering Large Language Models with Case-Based Reasoning},
  author={Guo, Siyuan and Deng, Cheng and Wen, Ying and Chen, Hechang and Chang, Yi and Wang, Jun},
  journal={arXiv preprint arXiv:2402.17453},
  year={2024}
}

@article{yu2024exact,
  title={ExACT: Teaching AI Agents to Explore with Reflective-MCTS and Exploratory Learning},
  author={Yu, Xiao and Peng, Baolin and Vajipey, Vineeth and Cheng, Hao and Galley, Michel and Gao, Jianfeng and Yu, Zhou},
  journal={arXiv preprint arXiv:2410.02052},
  year={2024}
}

@article{li2024chain,
  title={Chain of Ideas: Revolutionizing Research Via Novel Idea Development with LLM Agents},
  author={Li, Long and Xu, Weiwen and Guo, Jiayan and Zhao, Ruochen and Li, Xingxuan and Yuan, Yuqian and Zhang, Boqiang and Jiang, Yuming and Xin, Yifei and Dang, Ronghao and others},
  journal={arXiv preprint arXiv:2410.13185},
  year={2024}
}

@article{grosnit2024large,
  title={Large Language Models Orchestrating Structured Reasoning Achieve Kaggle Grandmaster Level},
  author={Grosnit, Antoine and Maraval, Alexandre and Doran, James and Paolo, Giuseppe and Thomas, Albert and Beevi, Refinath Shahul Hameed Nabeezath and Gonzalez, Jonas and Khandelwal, Khyati and Iacobacci, Ignacio and Benechehab, Abdelhakim and others},
  journal={arXiv preprint arXiv:2411.03562},
  year={2024}
}

@article{yao2024tree,
  title={Tree of thoughts: Deliberate problem solving with large language models},
  author={Yao, Shunyu and Yu, Dian and Zhao, Jeffrey and Shafran, Izhak and Griffiths, Tom and Cao, Yuan and Narasimhan, Karthik},
  journal={Advances in Neural Information Processing Systems},
  volume={36},
  year={2024}
}

@article{wei2022chain,
  title={Chain-of-thought prompting elicits reasoning in large language models},
  author={Wei, Jason and Wang, Xuezhi and Schuurmans, Dale and Bosma, Maarten and Xia, Fei and Chi, Ed and Le, Quoc V and Zhou, Denny and others},
  journal={Advances in neural information processing systems},
  volume={35},
  pages={24824--24837},
  year={2022}
}

@software{Significant_Gravitas_AutoGPT,
author = {{Significant Gravitas}},
license = {MIT},
title = {{AutoGPT}},
url = {https://github.com/Significant-Gravitas/AutoGPT}
}

@software{Chase_LangChain_2022,
author = {Chase, Harrison},
month = oct,
title = {{LangChain}},
url = {https://github.com/langchain-ai/langchain},
year = {2022}
}

@article{baek2024researchagent,
  title={Researchagent: Iterative research idea generation over scientific literature with large language models},
  author={Baek, Jinheon and Jauhar, Sujay Kumar and Cucerzan, Silviu and Hwang, Sung Ju},
  journal={arXiv preprint arXiv:2404.07738},
  year={2024}
}

@inproceedings{huang2023benchmarking,
  title={Benchmarking large language models as ai research agents},
  author={Huang, Qian and Vora, Jian and Liang, Percy and Leskovec, Jure},
  booktitle={NeurIPS 2023 Foundation Models for Decision Making Workshop},
  year={2023}
}

@inproceedings{carta2023grounding,
  title={Grounding large language models in interactive environments with online reinforcement learning},
  author={Carta, Thomas and Romac, Cl{\'e}ment and Wolf, Thomas and Lamprier, Sylvain and Sigaud, Olivier and Oudeyer, Pierre-Yves},
  booktitle={International Conference on Machine Learning},
  pages={3676--3713},
  year={2023},
  organization={PMLR}
}

@article{christianos2023pangu,
  title={Pangu-agent: A fine-tunable generalist agent with structured reasoning},
  author={Christianos, Filippos and Papoudakis, Georgios and Zimmer, Matthieu and Coste, Thomas and Wu, Zhihao and Chen, Jingxuan and Khandelwal, Khyati and Doran, James and Feng, Xidong and Liu, Jiacheng and others},
  journal={arXiv preprint arXiv:2312.14878},
  year={2023}
}

@misc{o1-openai,
  title = {Learning to Reason with LLMs},
author={OpenAI},
  howpublished = {\url{https://openai.com/index/learning-to-reason-with-llms/}},
  note = {Accessed: 2024-11-26}
}

@article{scikit-learn,
  title={Scikit-learn: Machine Learning in {P}ython},
  author={Pedregosa, F. and Varoquaux, G. and Gramfort, A. and Michel, V.
          and Thirion, B. and Grisel, O. and Blondel, M. and Prettenhofer, P.
          and Weiss, R. and Dubourg, V. and Vanderplas, J. and Passos, A. and
          Cournapeau, D. and Brucher, M. and Perrot, M. and Duchesnay, E.},
  journal={Journal of Machine Learning Research},
  volume={12},
  pages={2825--2830},
  year={2011}
}

@article{kolodner1992introduction,
  title={An introduction to case-based reasoning},
  author={Kolodner, Janet L},
  journal={Artificial intelligence review},
  volume={6},
  number={1},
  pages={3--34},
  year={1992},
  publisher={Springer}
}

@article{Huang2021tdc,
  title={Therapeutics Data Commons: Machine Learning Datasets and Tasks for Drug Discovery and Development},
  author={Huang, Kexin and Fu, Tianfan and Gao, Wenhao and Zhao, Yue and Roohani, Yusuf and Leskovec, Jure and Coley, 
          Connor W and Xiao, Cao and Sun, Jimeng and Zitnik, Marinka},
  journal={Proceedings of Neural Information Processing Systems, NeurIPS Datasets and Benchmarks},
  year={2021}
}

@incollection{chafe2017language,
  title={Language and the flow of thought},
  author={Chafe, Wallace},
  booktitle={The new psychology of language},
  pages={93--111},
  year={2017},
  publisher={Routledge}
}

@article{graves2012sequence,
  title={Sequence transduction with recurrent neural networks},
  author={Graves, Alex},
  journal={arXiv preprint arXiv:1211.3711},
  year={2012}
}

@article{franceschelli2024creative,
  title={Creative Beam Search},
  author={Franceschelli, Giorgio and Musolesi, Mirco},
  journal={arXiv preprint arXiv:2405.00099},
  year={2024}
}

@article{loschen2018perception,
  title={Perception of Chemical Bonds via Machine Learning},
  author={Loschen, Christoph},
    journal={Chemrxiv},
  year={2018}
}

@article{wu2023autogen,
  title={Autogen: Enabling next-gen llm applications via multi-agent conversation framework},
  author={Wu, Qingyun and Bansal, Gagan and Zhang, Jieyu and Wu, Yiran and Zhang, Shaokun and Zhu, Erkang and Li, Beibin and Jiang, Li and Zhang, Xiaoyun and Wang, Chi},
  journal={arXiv preprint arXiv:2308.08155},
  year={2023}
}

@article{lake2017building,
  title={Building machines that learn and think like people},
  author={Lake, Brenden M and Ullman, Tomer D and Tenenbaum, Joshua B and Gershman, Samuel J},
  journal={Behavioral and brain sciences},
  volume={40},
  pages={e253},
  year={2017},
  publisher={Cambridge University Press}
}


@misc{autogen-web,
  title = {LLM Reflection},
author={Microsoft},
  howpublished = {\url{https://microsoft.github.io/autogen/0.2/docs/topics/prompting-and-reasoning/reflection/}},
  note = {Accessed: 2024-04-12}
}

@article{gpt-4o,
  title={Gpt-4o system card},
  author={Hurst, Aaron and Lerer, Adam and Goucher, Adam P and Perelman, Adam and Ramesh, Aditya and Clark, Aidan and Ostrow, AJ and Welihinda, Akila and Hayes, Alan and Radford, Alec and others},
  journal={arXiv preprint arXiv:2410.21276},
  year={2024}
}

@inproceedings{coreset,
  title={Deepcore: A comprehensive library for coreset selection in deep learning},
  author={Guo, Chengcheng and Zhao, Bo and Bai, Yanbing},
  booktitle={International Conference on Database and Expert Systems Applications},
  pages={181--195},
  year={2022},
  organization={Springer}
}

@article{brockman2016openai,
  title={OpenAI Gym},
  author={Brockman, G},
  journal={arXiv preprint arXiv:1606.01540},
  year={2016}
}

@inproceedings{zhang2021sample,
  title={Sample efficient reinforcement learning with REINFORCE},
  author={Zhang, Junzi and Kim, Jongho and O'Donoghue, Brendan and Boyd, Stephen},
  booktitle={Proceedings of the AAAI conference on artificial intelligence},
  volume={35},
  number={12},
  pages={10887--10895},
  year={2021}
}

@article{correia2024deepmol,
  title={DeepMol: An Automated Machine and Deep Learning Framework for Computational Chemistry},
  author={Correia, Joao and Capela, Joao and Rocha, Miguel},
  journal={bioRxiv},
  pages={2024--05},
  year={2024},
  publisher={Cold Spring Harbor Laboratory}
}

@article{liu2024drugagent,
  title={DrugAgent: Automating AI-aided Drug Discovery Programming through LLM Multi-Agent Collaboration},
  author={Liu, Sizhe and Lu, Yizhou and Chen, Siyu and Hu, Xiyang and Zhao, Jieyu and Fu, Tianfan and Zhao, Yue},
  journal={arXiv preprint arXiv:2411.15692},
  year={2024}
}

@article{li2023chain,
  title={Chain of code: Reasoning with a language model-augmented code emulator},
  author={Li, Chengshu and Liang, Jacky and Zeng, Andy and Chen, Xinyun and Hausman, Karol and Sadigh, Dorsa and Levine, Sergey and Fei-Fei, Li and Xia, Fei and Ichter, Brian},
  journal={arXiv preprint arXiv:2312.04474},
  year={2023}
}

@article{li2023structured,
  title={Structured chain-of-thought prompting for code generation},
  author={Lio, Jia and Li, Ge and Li, Yongmin and Jin, Zhi},
  journal={ACM Transactions on Software Engineering and Methodology},
  year={2023},
  publisher={ACM New York, NY}
}

@inproceedings{besta2024graph,
  title={Graph of thoughts: Solving elaborate problems with large language models},
  author={Besta, Maciej and Blach, Nils and Kubicek, Ales and Gerstenberger, Robert and Podstawski, Michal and Gianinazzi, Lukas and Gajda, Joanna and Lehmann, Tomasz and Niewiadomski, Hubert and Nyczyk, Piotr and others},
  booktitle={Proceedings of the AAAI Conference on Artificial Intelligence},
  volume={38},
  number={16},
  pages={17682--17690},
  year={2024}
}

@article{hong2024data,
  title={Data interpreter: An llm agent for data science},
  author={Hong, Sirui and Lin, Yizhang and Liu, Bang and Liu, Bangbang and Wu, Binhao and Zhang, Ceyao and Wei, Chenxing and Li, Danyang and Chen, Jiaqi and Zhang, Jiayi and others},
  journal={arXiv preprint arXiv:2402.18679},
  year={2024}
}

@book{hutter2019automated,
  title={Automated machine learning: methods, systems, challenges},
  author={Hutter, Frank and Kotthoff, Lars and Vanschoren, Joaquin},
  year={2019},
  publisher={Springer Nature}
}

@article{erickson2020autogluon,
  title={Autogluon-tabular: Robust and accurate automl for structured data},
  author={Erickson, Nick and Mueller, Jonas and Shirkov, Alexander and Zhang, Hang and Larroy, Pedro and Li, Mu and Smola, Alexander},
  journal={arXiv preprint arXiv:2003.06505},
  year={2020}
}

@article{chi2024sela,
  title={SELA: Tree-Search Enhanced LLM Agents for Automated Machine Learning},
  author={Chi, Yizhou and Lin, Yizhang and Hong, Sirui and Pan, Duyi and Fei, Yaying and Mei, Guanghao and Liu, Bangbang and Pang, Tianqi and Kwok, Jacky and Zhang, Ceyao and others},
  journal={arXiv preprint arXiv:2410.17238},
  year={2024}
}

@article{warnat2020scalable,
  title={Scalable prediction of acute myeloid leukemia using high-dimensional machine learning and blood transcriptomics},
  author={Warnat-Herresthal, Stefanie and Perrakis, Konstantinos and Taschler, Bernd and Becker, Matthias and Ba{\ss}ler, Kevin and Beyer, Marc and G{\"u}nther, Patrick and Schulte-Schrepping, Jonas and Seep, Lea and Klee, Kathrin and others},
  journal={Iscience},
  volume={23},
  number={1},
  year={2020},
  publisher={Elsevier}
}

@article{tiedemann2022democratizing,
  title={Democratizing machine translation with opus-mt},
  author={Tiedemann, J{\"o}rg and Aulamo, Mikko and Bakshandaeva, Daria and Boggia, Michele and Gr{\"o}nroos, Stig-Arne and Nieminen, Tommi and Raganato, Alessandro and Scherrer, Yves and Vazquez, Raul and Virpioja, Sami},
  journal={arXiv preprint arXiv:2212.01936},
  year={2022}
}

@article{roberts2019exploring,
  title={Exploring the limits of transfer learning with a unified text-to-text transformer},
  author={Roberts, Adam and Raffel, Colin and Lee, Katherine and Matena, Michael and Shazeer, Noam and Liu, Peter J and Narang, Sharan and Li, Wei and Zhou, Yanqi},
  journal={Google, Tech. Rep.},
  year={2019}
}

@article{shmoys1990analyzing,
  title={Analyzing the Held-Karp TSP bound: A monotonicity property with application},
  author={Shmoys, David B and Williamson, David P},
  journal={Information Processing Letters},
  volume={35},
  number={6},
  pages={281--285},
  year={1990},
  publisher={Elsevier}
}

@misc{aml_cluster,
  title = {Clustering techniques with Gene Expression Data for Acute Myeloid Leukemia},
author={Salvatore Raieli},
  howpublished = {\url{https://medium.com/leukemiaairesearch/clustering-techniques-with-gene-expression-data-4b35a04f87d5}},
  note = {Accessed: 2024-12-16}
}

@misc{metagpt-github,
  title = {MetaGPT},
author={DeepWisdom},
  howpublished = {\url{https://github.com/geekan/MetaGPT}},
  note = {Accessed: 2024-12-22}
}

@misc{di-prompts,
  title = {MetaGPT},
author={DeepWisdom},
  howpublished = {\url{https://github.com/geekan/MetaGPT/blob/main/metagpt/prompts/task_type.py}},
  note = {Accessed: 2025-01-09}
}

@article{junczys2018marian,
  title={Marian: Fast neural machine translation in C++},
  author={Junczys-Dowmunt, Marcin and Grundkiewicz, Roman and Dwojak, Tomasz and Hoang, Hieu and Heafield, Kenneth and Neckermann, Tom and Seide, Frank and Germann, Ulrich and Aji, Alham Fikri and Bogoychev, Nikolay and others},
  journal={arXiv preprint arXiv:1804.00344},
  year={2018}
}

@article{gu2024survey,
  title={A Survey on LLM-as-a-Judge},
  author={Gu, Jiawei and Jiang, Xuhui and Shi, Zhichao and Tan, Hexiang and Zhai, Xuehao and Xu, Chengjin and Li, Wei and Shen, Yinghan and Ma, Shengjie and Liu, Honghao and others},
  journal={arXiv preprint arXiv:2411.15594},
  year={2024}
}

@article{chae2024language,
  title={Language models as compilers: Simulating pseudocode execution improves algorithmic reasoning in language models},
  author={Chae, Hyungjoo and Kim, Yeonghyeon and Kim, Seungone and Ong, Kai Tzu-iunn and Kwak, Beong-woo and Kim, Moohyeon and Kim, Seonghwan and Kwon, Taeyoon and Chung, Jiwan and Yu, Youngjae and others},
  journal={arXiv preprint arXiv:2404.02575},
  year={2024}
}