@article{1982kalaibalanced,
  title={Generalized network problems yielding totally balanced games},
  author={E Kalai and E Zemel},
  journal={Operations Research},
  volume={30},
  number={5},
  pages={998--1008},
  year={1982},
  publisher={INFORMS}
}

@article{2023vvv,
  title={LP-duality theory and the cores of games},
  author={Vazirani, Vijay V},
  journal={ArXiv},
  volume={2302},
  number={07627},
  year={2023},
  publisher={ArXiv}
}

@article{Deng2009nucleolus,
  title={Finding nucleolus of flow game},
  author={Deng, X. and Fang, Q. and Sun, X.},
  journal={Journal of Combinatorial Optimization},
  volume={18},
  number={1},
  pages={64--86},
  year={2009}
}

@article{Kalai1982,
  title={Totally Balanced Games and Games of Flow},
  author={Ehud Kalai and Eitan Zemel},
  journal={Mathematics of Operations Research},
  volume={7(3)},
  pages={476-478},
  year={1982},
  publisher={INFORMS}
}

@article{Kern2009morflow,
  title={On the core and f-nucleolus of flow games},
  author={Kern, W. and Paulusma, D.},
  journal={Mathematics of Operations Research},
  volume={34},
  number={4},
  pages={981--991},
  year={2009}
}

@article{agarwal2008mechanism,
  title={Mechanism design for a multicommodity flow game in service network alliances},
  author={Agarwal, Richa and Ergun, {\"O}zlem},
  journal={Operations Research Letters},
  volume={36},
  number={5},
  pages={520--524},
  year={2008},
  publisher={Elsevier}
}

@inproceedings{archer2001truthful,
  title={Truthful mechanisms for one-parameter agents},
  author={Archer, Aaron and Tardos, {\'E}va},
  booktitle={Proceedings 42nd IEEE Symposium on Foundations of Computer Science},
  pages={482--491},
  year={2001},
  organization={IEEE}
}

@article{derks1985stable,
  title={Stable outcomes for multicommodity flow games},
  author={Derks, JJM and Tijs, SH and others},
  journal={Methods of Operations Research},
  volume={50},
  pages={493--504},
  year={1985}
}

@article{lavi2011truthful,
  title={Truthful and near-optimal mechanism design via linear programming},
  author={Lavi, Ron and Swamy, Chaitanya},
  journal={Journal of the ACM (JACM)},
  volume={58},
  number={6},
  pages={1--24},
  year={2011},
  publisher={ACM New York, NY, USA}
}

@inproceedings{liu2014mechanism,
  title={Mechanism design for route allocation in multiple-commodity network.},
  author={Liu, Qipeng and Liu, Yicheng and Tang, Pingzhong},
  booktitle={AAMAS},
  pages={1607--1608},
  year={2014}
}

@inproceedings{markakis2003core,
  title={On the core of the multicommodity flow game},
  author={Markakis, Evangelos and Saberi, Amin},
  booktitle={Proceedings of the 4th ACM conference on Electronic Commerce},
  pages={93--97},
  year={2003}
}

@article{mor2024,
  title={Flow Allocation Games},
  author={Bertschinger, N. and Hoefer, M. and Schmand, D.},
  journal={Mathematics of Operations Research},
  year={2024}
}

@inproceedings{papadimitriou2001algorithms,
  title={Algorithms, games, and the internet},
  author={Papadimitriou, Christos},
  booktitle={Proceedings of the thirty-third annual ACM Symposium on Theory of Computing},
  pages={749--753},
  year={2001}
}

@article{potters2006nucleolus,
  title={The nucleolus of balanced simple flow networks},
  author={Potters, Jos and Reijnierse, Hans and Biswas, Amit},
  journal={Games and Economic Behavior},
  volume={54},
  number={1},
  pages={205--225},
  year={2006},
  publisher={Elsevier}
}

@article{vvv2024,
  title={The Flow Game: Leximin and Leximax Core Imputations},
  author={Gangam, R. R. and Garg, N. and Shahkar, P. and Vazirani, V. V.},
  journal={arXiv preprint arXiv:2403.06037},
  year={2024}
}

