@article{Young1985,
  title={Monotonic solutions of cooperative games},
  author={Young, H. P.},
  journal={International Journal of Game Theory},
  volume={14},
  number={2},
  pages={65--72},
  year={1985}
}


@incollection{deng2008algorithmic,
  author = {Deng, Xiaotie and Fang, Qizhi},
  title = {Algorithmic Cooperative Game Theory},
  booktitle = {Pareto Optimality, Game Theory and Equilibria},
  pages = {159--185},
  year = {2008},
  publisher = {Springer},
  editor = {Patriksson, Michael and Wynter, Laura},
  doi = {10.1007/978-0-387-77247-9_7}
}

@article{vohra2012optimization,
  title={Optimization and mechanism design},
  author={Vohra, Rakesh V},
  journal={Mathematical programming},
  volume={134},
  pages={283--303},
  year={2012},
  publisher={Springer}
}

@article{candogan2021competitive,
  author = {Candogan, Ozan and Epitropou, Markos and Vohra, Rakesh V.},
  title = {Competitive Equilibrium and Trading Networks: A Network Flow Approach},
  journal = {Operations Research},
  volume = {69},
  number = {1},
  pages = {114--147},
  year = {2021},
  publisher = {INFORMS},
  doi = {10.1287/opre.2020.2011}
}


@inproceedings{archer2001truthful,
  title={Truthful mechanisms for one-parameter agents},
  author={Archer, Aaron and Tardos, {\'E}va},
  booktitle={Proceedings 42nd IEEE Symposium on Foundations of Computer Science},
  pages={482--491},
  year={2001},
  organization={IEEE}
}


@inproceedings{papadimitriou2001algorithms,
  title={Algorithms, games, and the internet},
  author={Papadimitriou, Christos},
  booktitle={Proceedings of the thirty-third annual ACM Symposium on Theory of Computing},
  pages={749--753},
  year={2001}
}


@inproceedings{liu2014mechanism,
  title={Mechanism design for route allocation in multiple-commodity network.},
  author={Liu, Qipeng and Liu, Yicheng and Tang, Pingzhong},
  booktitle={AAMAS},
  pages={1607--1608},
  year={2014}
}


@article{agarwal2008mechanism,
  title={Mechanism design for a multicommodity flow game in service network alliances},
  author={Agarwal, Richa and Ergun, {\"O}zlem},
  journal={Operations Research Letters},
  volume={36},
  number={5},
  pages={520--524},
  year={2008},
  publisher={Elsevier}
}

@article{derks1985stable,
  title={Stable outcomes for multicommodity flow games},
  author={Derks, JJM and Tijs, SH and others},
  journal={Methods of Operations Research},
  volume={50},
  pages={493--504},
  year={1985}
}

@inproceedings{markakis2003core,
  title={On the core of the multicommodity flow game},
  author={Markakis, Evangelos and Saberi, Amin},
  booktitle={Proceedings of the 4th ACM conference on Electronic Commerce},
  pages={93--97},
  year={2003}
}

@article{lavi2011truthful,
  title={Truthful and near-optimal mechanism design via linear programming},
  author={Lavi, Ron and Swamy, Chaitanya},
  journal={Journal of the ACM (JACM)},
  volume={58},
  number={6},
  pages={1--24},
  year={2011},
  publisher={ACM New York, NY, USA}
}


@book{sargent2024economic,
author = {Sargent, Thomas J. and Stachurski, John},
title = {Economic Networks: Theory and Computation},
publisher = {Cambridge University Press},
year = {2024},
volume = {53},
address = {Cambridge}

}

@article{Ford_Fulkerson_1956, title={Maximal Flow Through a Network}, volume={8}, DOI={10.4153/CJM-1956-045-5}, journal={Canadian Journal of Mathematics}, author={Ford, L. R. and Fulkerson, D. R.}, year={1956}, pages={399–404}} <div></div>

@article{kalai1982totally,
  title={Totally balanced games and games of flow},
  author={Kalai, Ehud and Zemel, Eitan},
  journal={Mathematics of Operations Research},
  volume={7},
  number={3},
  pages={476--478},
  year={1982},
  publisher={INFORMS}
}

@article{Kern2009morflow,
  title={On the core and f-nucleolus of flow games},
  author={Kern, W. and Paulusma, D.},
  journal={Mathematics of Operations Research},
  volume={34},
  number={4},
  pages={981--991},
  year={2009}
}



@article{potters2006nucleolus,
  title={The nucleolus of balanced simple flow networks},
  author={Potters, Jos and Reijnierse, Hans and Biswas, Amit},
  journal={Games and Economic Behavior},
  volume={54},
  number={1},
  pages={205--225},
  year={2006},
  publisher={Elsevier}
}

@article{milchtaich2006network,
  title={Network topology and the efficiency of equilibrium},
  author={Milchtaich, Igal},
  journal={Games and Economic Behavior},
  volume={57},
  number={2},
  pages={321--346},
  year={2006},
  publisher={Elsevier}
}

@article{chen2016network,
  title={Network characterizations for excluding Braess’s paradox},
  author={Chen, Xujin and Diao, Zhuo and Hu, Xiaodong},
  journal={Theory of Computing Systems},
  volume={59},
  pages={747--780},
  year={2016},
  publisher={Springer}
}

@article{Deng2009nucleolus,
  title={Finding nucleolus of flow game},
  author={Deng, X. and Fang, Q. and Sun, X.},
  journal={Journal of Combinatorial Optimization},
  volume={18},
  number={1},
  pages={64--86},
  year={2009}
}

@article{geb2006flownucleolus,
  title={The nucleolus of balanced simple flow networks},
  author={Potters, J. and Reijnierse, H. and Biswas, A.},
  journal={Games and Economic Behavior},
  volume={54},
  number={1},
  pages={205--225},
  year={2006}
}

@article{vvv2024,
  title={The Flow Game: Leximin and Leximax Core Imputations},
  author={Gangam, R. R. and Garg, N. and Shahkar, P. and Vazirani, V. V.},
  journal={arXiv preprint arXiv:2403.06037},
  year={2024}
}

@article{mor2024,
  title={Flow Allocation Games},
  author={Bertschinger, N. and Hoefer, M. and Schmand, D.},
  journal={Mathematics of Operations Research},
  year={2024}
}

@article{Benda2018,
  title={Renewable energy sharing among base stations as a min-cost-max-flow optimization problem},
  author={Benda, Doris and others},
  journal={IEEE Transactions on Green Communications and Networking},
  volume={3},
  number={1},
  pages={67--78},
  year={2018}
}

@article{Jensen2022,
  title={Review of serial and parallel min-cut/max-flow algorithms for computer vision},
  author={Jensen, P. M. and Jeppesen, N. and Dahl, A. B. and Dahl, V. A.},
  journal={IEEE Transactions on Pattern Analysis and Machine Intelligence},
  volume={45},
  number={2},
  pages={2310--2329},
  year={2022}
}

@article{Cao2021or,
  title={Atomic dynamic flow games: Adaptive vs. nonadaptive agents},
  author={Cao, Z. and Chen, B. and Chen, X. and Wang, C.},
  journal={Operations Research},
  volume={69},
  number={6},
  pages={1680--1695},
  year={2021}
}

@article{multicommodity2022or,
  title={The multicommodity network flow problem: state of the art classification, applications, and solution methods},
  author={Salimifard, K. and Bigharaz, S.},
  journal={Operational Research},
  volume={22},
  number={1},
  pages={1--47},
  year={2022}
}

@article{2015ejornetworkflow,
  title={Incremental network design with maximum flows},
  author={Kalinowski Thomas, Dmytro Matsypura, and Martin WP Savelsbergh},
  journal={European Journal of Operational Research},
  volume={242},
  number={1},
  page={51-62},
  year={2015},
  publisher={Springer}
}

@article{ashlagi2010monotonicity,
  title={Monotonicity and implementability},
  author={Ashlagi, Itai and Braverman, Mark and Hassidim, Avinatan and Monderer, Dov},
  journal={Econometrica},
  volume={78},
  number={5},
  pages={1749--1772},
  year={2010},
  publisher={Wiley Online Library}
}


@article{2002MPflowtransportation,
  title={On the history of the transportation and maximum flow problems},
  author={Schrijver Alexander},
  journal={Mathematical programming},
  volume={91},
  page={437-445},
  year={2002},
  publisher={Springer}
}

@book{Algorithmiccooperativegametheory,
  title={Algorithmic cooperative game theory},
  author={Xiaotie Deng  and  Qqizhi Fang},
  volume={26},
  pages={159--185},
  year={2008},
  publisher={Pareto Optimality, Game Theory And Equilibria}
}

@article{2023vvv,
  title={LP-duality theory and the cores of games},
  author={Vazirani, Vijay V},
  journal={ArXiv},
  volume={2302},
  number={07627},
  year={2023},
  publisher={ArXiv}
}

@article{1982kalaibalanced,
  title={Generalized network problems yielding totally balanced games},
  author={E Kalai and E Zemel},
  journal={Operations Research},
  volume={30},
  number={5},
  pages={998--1008},
  year={1982},
  publisher={INFORMS}
}

@article{a00,
  title={On a characterization of stable matchings},
  author={Adachi, Hiroyuki},
  journal={Economics Letters},
  volume={68},
  number={1},
  pages={43--49},
  year={2000},
  publisher={Elsevier}
}

@article{shapley1971cores,
  title={Cores of convex games},
  author={Shapley, Lloyd S},
  journal={International Journal of Game Theory},
  volume={1},
  number={1},
  pages={11--26},
  year={1971},
  publisher={Springer}
}


@book{bilbao2000cooperative,
  title={Cooperative games on combinatorial structures},
  author={Bilbao, Jes{\'u}s Mario},
  volume={26},
  year={2000},
  publisher={ Kluwer Academic Publishers}
}

@book{milgrom2004putting,
  title={Putting auction theory to work},
  author={Milgrom, Paul Robert},
  year={2004},
  publisher={Cambridge University Press}
}

@book{martello1990knapsack,
  title={Knapsack problems: algorithms and computer implementations},
  author={Martello, Silvano and Toth, Paolo},
  year={1990},
  publisher={John Wiley \& Sons, Inc.}
}

@article{vickrey1961counterspeculation,
  title={Counterspeculation, auctions, and competitive sealed tenders},
  author={Vickrey, William},
  journal={The Journal of Finance},
  volume={16},
  number={1},
  pages={8--37},
  year={1961},
  publisher={Wiley Online Library}
}



@article{ausubel2002ascending,
  title={Ascending auctions with package bidding},
  author={Ausubel, Lawrence M and Milgrom, Paul R},
  journal={Advances in Theoretical Economics},
  volume={1},
  number={1},
  year={2002}
}


@article{demange1986multi,
  title={Multi-item auctions},
  author={Demange, Gabrielle and Gale, David and Sotomayor, Marilda},
  journal={The Journal of Political Economy},
volume={94},
number={4},
  pages={863--872},
  year={1986},
  publisher={JSTOR}
}

@article{lucas1968game,
  title={A game with no solution},
  author={Lucas, WF},
  journal={Bulletin of the American Mathematical Society},
  volume={74},
  number={2},
  pages={237--239},
  year={1968}
}

@misc{shubik1984game,
  title={A game-theoretical approach to political economy},
  author={Shubik, Martin},
  year={1984},
  publisher={MIT Press}
}

@article{nunez2013neumann,
  title={Von Neumann--Morgenstern solutions in the assignment market},
  author={N{\'u}{\~n}ez, Marina and Rafels, Carles},
  journal={Journal of Economic Theory},
  volume={148},
  number={3},
  pages={1282--1291},
  year={2013},
  publisher={Elsevier}
}


@article{shapley1969market,
  title={On market games},
  author={Shapley, Lloyd S and Shubik, Martin},
  journal={Journal of Economic Theory},
  volume={1},
  number={1},
  pages={9--25},
  year={1969},
  publisher={Elsevier}
}

@article{monderer1996,
  title={Potential games},
  author={Monderer, Dov and Shapley, Lloyd S},
  journal={Games and Economic Behavior},
  volume={14},
  number={1},
  pages={124--143},
  year={1996},
  publisher={Elsevier}
}

@article{demange1982strategyproofness,
  title={Strategyproofness in the assignment market game},
  author={Demange, Gabrielle},
  journal={Labratorie d'Econometrie de l'Ecole Polytechnique, Paris},
  year={1982}
}

@article{leonard1983elicitation,
  title={Elicitation of honest preferences for the assignment of individuals to positions},
  author={Leonard, Herman B},
  journal={The Journal of Political Economy},
volume={91},
number={3},
  pages={461--479},
  year={1983},
  publisher={JSTOR}
}


@article{roth2008deferred,
  title={Deferred acceptance algorithms: History, theory, practice, and open questions},
  author={Roth, Alvin E},
  journal={International Journal of Game Theory},
  volume={36},
  number={3-4},
  pages={537--569},
  year={2008},
  publisher={Springer}
}

@article{bondareva1963some,
  title={Some applications of linear programming methods to the theory of cooperative games},
  author={Bondareva, Olga N},
  journal={Problemy kibernetiki},
  volume={10},
  pages={119--139},
  year={1963}
}

@book{fujishige2005submodular,
  title={Submodular functions and optimization},
  author={Fujishige, Satoru},
  year={2005},
  publisher={Elsevier}
}

@article{shapley1962complements,
  title={Complements and substitutes in the optimal assignment problem},
  author={Shapley, Lloyd S},
  journal={Naval Research Logistics Quarterly},
  volume={9},
  number={1},
  pages={45--48},
  year={1962},
  publisher={Wiley Online Library}
}

@book{roth1990two,
  title={Two-sided matching: A study in game-theoretic modeling and analysis},
  author={Roth, Alvin E and Sotomayor, Marilda A Oliveira},
    year={1990},
  publisher={Cambridge University Press}
}


@article{sotomayor1999lattice,
  title={The lattice structure of the set of stable outcomes of the multiple partners assignment game},
  author={Sotomayor, Marilda},
  journal={International Journal of Game Theory},
  volume={28},
  number={4},
  pages={567--583},
  year={1999},
  publisher={Springer}
}


@article{sotomayor1992multiple,
  title={The multiple partners game},
  author={Sotomayor, Marilda},
  journal={Equilibrium and dynamics: essays in honour of David Gale, Macmillan},
  pages={322--336},
  year={1992}
}

@article{duffin1965sp,
  title={Topology of Series-Parallel Networks},
  author={R.J.Duffin},
  journal={Journal of Mathematical Analysis and Applications},
  pages={303--318},
  year={1965}
}


@article{gale1981C/S,
  title={Substitutes and complments in network flow problems},
  author={David Gale},
  journal={Discrete Applied Mathematic},
  pages={175--186},
  year={1981}
}


@article{shapley1967balanced,
  title={On balanced sets and cores},
  author={Shapley, Lloyd S},
  journal={Naval Research Logistics Quarterly},
  volume={14},
  number={4},
  pages={453--460},
  year={1967},
  publisher={Wiley Online Library}
}


@article{shapley1971cores,
  title={Cores of convex games},
  author={Shapley, Lloyd S},
  journal={International Journal of Game Theory},
  volume={1},
  number={1},
  pages={11--26},
  year={1971},
  publisher={Springer}
}

@article{papadimitriou1994complexity,
  title={On the complexity of the parity argument and other inefficient proofs of existence},
  author={Papadimitriou, Christos H},
  journal={Journal of Computer and System Sciences},
  volume={48},
  number={3},
  pages={498--532},
  year={1994},
  publisher={Elsevier}
}


@article{blume2015introduction,
  title={Introduction to computer science and economic theory},
  author={Blume, Lawrence and Easley, David and Kleinberg, Jon and Kleinberg, Robert and Tardos, {\'E}va},
  journal={Journal of Economic Theory},
  volume={156},
  pages={1--13},
  year={2015},
  publisher={Elsevier}
}


@book{simchi2013logic,
  title={The logic of logistics: theory, algorithms, and applications for logistics management},
  author={Simchi-Levi, David and Chen, Xin and Bramel, Julien},
  year={2013},
  publisher={Springer Science \& Business Media}
}

@article{blume2000coordination,
  title={Coordination and learning with a partial language},
  author={Blume, Andreas},
  journal={Journal of Economic Theory},
  volume={95},
  number={1},
  pages={1--36},
  year={2000},
  publisher={Elsevier}
}


@article{cao2015dual,
  title={Dual-supermodular games},
  author={Cao, Zhigang and  Chen,  Xujin and Qin, Chengzhong and Wang, Changjun and Yang, Xiaoguang},
  journal={Manuscript},
year={2015}
  }


@article{Echenique200461,
title = "Mixed equilibria are unstable in games of strategic complements ",
journal = "Journal of Economic Theory ",
volume = "118",
number = "1",
pages = "61 - 79",
year = "2004",
author = "Federico Echenique and Aaron Edlin",
}


@article{echenique2003mixed,
  title={Mixed equilibria in games of strategic complementarities},
  author={Echenique, Federico},
  journal={Economic Theory},
  volume={22},
  number={1},
  pages={33--44},
  year={2003},
  publisher={Springer}
}



@inproceedings{ryan2010computing,
  title={Computing pure strategy Nash equilibria in compact symmetric games},
  author={Ryan, Christopher Thomas and Jiang, Albert Xin and Leyton-Brown, Kevin},
  booktitle={Proceedings of the 11th ACM conference on Electronic commerce},
  pages={63--72},
  year={2010},
  organization={ACM}
}

@article{jiang2011action,
  title={Action-graph games},
  author={Jiang, Albert Xin and Leyton-Brown, Kevin and Bhat, Navin AR},
  journal={Games and Economic Behavior},
  volume={71},
  number={1},
  pages={141--173},
  year={2011},
  publisher={Elsevier}
}


@article{matsuyama2004financial,
  title={Financial Market Globalization, Symmetry-Breaking, and Endogenous Inequality of Nations},
  author={Matsuyama, Kiminori},
  journal={Econometrica},
  volume={72},
  number={3},
  pages={853--884},
  year={2004},
  publisher={Wiley Online Library}
}


@article{matsuyama2002explaining,
  title={Explaining diversity: symmetry-breaking in complementarity games},
  author={Matsuyama, Kiminori},
  journal={American Economic Review},
volume={92},
number={2},
  pages={241--246},
  year={2002},
  publisher={JSTOR}
}

@article{isbell1960homogeneous,
  title={Homogeneous games: {II}},
  author={Isbell, JR},
  journal={Proceedings of the American Mathematical Society},
  volume={11},
  number={2},
  pages={159--161},
  year={1960},
  publisher={American Mathematical Society}
}

@inproceedings{cameron2011lectures,
  title={Lectures on derangements},
  author={Cameron, Peter J},
  booktitle={Pretty Structures Conference in Paris},
  year={2011}
}

@article{kubena2013symmetries,
  title={Symmetries of Quasi-Values},
  author={Kubena, Ales A and Franek, Peter},
  journal={SAGT'13},
  pages={159--170},
  year={2013},
  publisher={Springer Berlin Heidelberg}
}

@article{sudholter2000canonical,
  title={The canonical extensive form of a game form: {P}art {II}-Representation},
  author={Sudh{\"o}lter, Peter and Rosenm{\"u}ller, Joachim and Peleg, Bezalel},
  journal={Journal of Mathematical Economics},
  volume={33},
  number={3},
  pages={299--338},
  year={2000},
  publisher={Elsevier}
}

@article{casajus2000focal,
  title={Focal points in framed strategic forms},
  author={Casajus, Andr{\'e}},
  journal={Games and Economic Behavior},
  volume={32},
  number={2},
  pages={263--291},
  year={2000},
  publisher={Elsevier}
}

@book{casajus2001focal,
  title={Focal points in framed games: Breaking the symmetry},
  author={Casajus, Andr{\'e}},
   year={2001},
  publisher={Springer Science \& Business Media}
}

@article{blonski2000characterization,
  title={Characterization of pure strategy equilibria in finite anonymous games},
  author={Blonski, Matthias},
  journal={Journal of Mathematical Economics},
  volume={34},
  number={2},
  pages={225--233},
  year={2000},
  publisher={Elsevier}
}

@article{stein2013exchangeable,
  title={Exchangeable Equilibria, Part {I}: Symmetric Bimatrix Games},
  author={Stein, Noah D and Ozdaglar, Asuman and Parrilo, Pablo A},
  journal={arXiv preprint arXiv:1307.3586},
  year={2013}
}

@article{brown1950solutions,
  title={Solutions of Games by Differential Equations},
  author={Brown, George W and von Neumann, John},
  year={1950},
pages={P-142},
  journal={RAND Corporation},
}

@article{stein2010partial,
  title={A partial proof of {N}ash's Theorem via exchangeable equilibria},
  author={Stein, Noah D and Parrilo, Pablo A and Ozdaglar, Asuman},
  journal={arXiv preprint arXiv:1005.3045},
  year={2010}
}


@article{zemlyachenko1985graph,
  title={Graph isomorphism problem},
  author={Zemlyachenko, Viktor N and Korneenko, Nikolai M and Tyshkevich, Regina I},
  journal={Journal of Soviet Mathematics},
  volume={29},
  number={4},
  pages={1426--1481},
  year={1985},
  publisher={Springer}
}

@techreport{cao2011remarks,
  title={Remarks on Bargaining and Cooperation in Strategic Form Games},
  author={Cao, Zhigang},
  year={2011},
  institution={The Federmann Center for the Study of Rationality, the Hebrew University, Jerusalem}
}

@article{dhillon1996perfect,
  title={Perfect correlated equilibria},
  author={Dhillon, Amrita and Mertens, Jean Fran{\c{c}}ois},
  journal={Journal of Economic Theory},
  volume={68},
  number={2},
  pages={279--302},
  year={1996},
  publisher={Elsevier}
}

@article{hart2010bargaining,
  title={Bargaining and cooperation in strategic form games},
  author={Hart, Sergiu and Mas-Colell, Andreu},
  journal={Journal of the European Economic Association},
  volume={8},
  number={1},
  pages={7--33},
  year={2010},
  publisher={Wiley Online Library}
}

@article{cao2013bargaining,
  title={Bargaining and cooperation in strategic form games with suspended realizations of threats},
  author={Cao, Zhigang},
  journal={Social Choice and Welfare},
  volume={41},
  number={2},
  pages={337--358},
  year={2013},
  publisher={Springer}
}

@article{aumann1974subjectivity,
  title={Subjectivity and correlation in randomized strategies},
  author={Aumann, Robert J},
  journal={Journal of mathematical Economics},
  volume={1},
  number={1},
  pages={67--96},
  year={1974},
  publisher={Elsevier}
}


@article{hofbauer2002differential,
  title={A differential game approach to evolutionary equilibrium selection},
  author={Hofbauer, Josef and Sorger, Gerhard},
  journal={International Game Theory Review},
  volume={4},
  number={01},
  pages={17--31},
  year={2002},
  publisher={World Scientific}
}

@book{scitovsky1986human,
  title={Human desire and economic satisfaction: {E}ssays on the frontiers of economics},
  author={Scitovsky, Tibor},
  year={1986},
  publisher={Wheatsheaf Books}
}


@article{yildiz2013binary,
  title={Binary opinion dynamics with stubborn agents},
  author={Yildiz, Ercan and Ozdaglar, Asuman and Acemoglu, Daron and Saberi, Amin and Scaglione, Anna},
  journal={ACM Transactions on Economics and Computation},
  volume={1},
  number={4},
  pages={19},
  year={2013},
  publisher={ACM}
}

@article{yildiz2013binary,
  title={Binary opinion dynamics with stubborn agents},
  author={Yildiz, Ercan and Ozdaglar, Asuman and Acemoglu, Daron and Saberi, Amin and Scaglione, Anna},
  journal={ACM Transactions on Economics and Computation},
  volume={1},
  number={4},
  pages={19},
  year={2013},
  publisher={ACM}
}

@article{berninghaus1996conventions,
  title={Conventions, local interaction, and automata networks},
  author={Berninghaus, Siegfried K and Schwalbe, Ulrich},
  journal={Journal of Evolutionary Economics},
  volume={6},
  number={3},
  pages={297--312},
  year={1996},
  publisher={Springer}
}

@article{bagwell1996veblen,
  title={Veblen effects in a theory of conspicuous consumption},
  author={Bagwell, Laurie Simon and Bernheim, B Douglas},
  journal={The American Economic Review},
  pages={349--373},
  year={1996},
  volume={86},
  number={3},
  publisher={JSTOR}
}


@article{ohtsuki2006simple,
  title={A simple rule for the evolution of cooperation on graphs and social networks},
  author={Ohtsuki, Hisashi and Hauert, Christoph and Lieberman, Erez and Nowak, Martin A},
  journal={Nature},
  volume={441},
  number={7092},
  pages={502--505},
  year={2006},
  publisher={Nature Publishing Group}
}

@book{cooper2000prospects,
  title={Prospects for household appliances},
  author={Cooper, Tim and Mayers, Kieren},
  year={2000},
  publisher={Sheffield Hallam University}
}

@book{slade2006made,
  title={Made to Break: Technology and Obsolescence in America},
  author={Slade, Giles},
  year={2006},
  publisher={Harvard University Press}
}



@incollection{van2010understanding,
	author	= {van Nes, N},
	editor	= {Tim,Cooper},
	title	= {Understanding replacement behaviour and exploring design solutions},
        booktitle={Longer lasting products: alternatives to the throwaway society},
	chapter	= {5},
	pages	= {107--131},
	publisher = {Gower},
	year	= {2010},
	}


@incollection{young2001dynamics,
  title={The dynamics of conformity},
  author={Young, H Peyton}, 
  editor={Durlauf, Steven N and Young, H Peyton},
  booktitle={Social dynamics},
  pages={133--153},
  year={2001},
  publisher={Brookings Institution Press: Washington, DC}
}




@incollection{stahel2010durability,
	author	= {Stahel, Walter},
	editor	= {Tim,Cooper},
	title	= {Durability, Function and Performance},
        booktitle={Longer lasting products: {A}lternatives to the throwaway society},
	chapter	= {7},
	pages	= {157--180},
	publisher = {Gower},
	year	= {2010},
	}



@article{blumer1969fashion,
  title={Fashion: From class differentiation to collective selection},
  author={Blumer, Herbert},
  journal={The Sociological Quarterly},
  volume={10},
  number={3},
  pages={275--291},
  year={1969},
  publisher={Wiley Online Library}
}


@article{pesendorfer1995design,
  title={Design innovation and fashion cycles},
  author={Pesendorfer, Wolfgang},
  journal={The American Economic Review},
volume={85},
number={4},
  pages={771--792},
  year={1995},
  publisher={JSTOR}
}

@book{young2001individual,
  title={Individual strategy and social structure: An evolutionary theory of institutions},
  author={Young, H Peyton},
  year={1998},
  publisher={Princeton University Press}
}

@article{yoganarasimhan2012cloak,
  title={Cloak or flaunt? {T}he fashion dilemma},
  author={Yoganarasimhan, Hema},
  journal={Marketing Science},
  volume={31},
  number={1},
  pages={74--95},
  year={2012},
  publisher={INFORMS}
}

@article{simmel1904fashion,
  title={Fashion},
  author={Simmel, Georg},
journal={International Quarterly},
pages={130--155},
year={1904},
note={ Reprinted by American Journal of
Sociology 62(6) (1957): 541-558. The initial German version was published in 1895},
}  



@article{yoganarasimhan2014identifying,
  title={Identifying the presence and cause of fashion cycles in the choice of given names},
  author={Yoganarasimhan, Hema},
  journal={Available at SSRN 2178211},
  year={2014}
}

@article{schweitzer2008epidemics,
  title={The epidemics of donations: {L}ogistic growth and power-laws},
  author={Schweitzer, Frank and Mach, Robert},
  journal={PLoS ONE},
  volume={3},
  number={1},
  pages={e1458},
  year={2008},
  publisher={Public Library of Science}
}



@article{wei2013scientists,
  title={Do scientists trace hot topics?},
  author={Wei, Tian and Wu, Jinshan and Wu, Chensheng and Yan, XiaoYong and Fan, Ying and Li, Menghui and Di, Zengru},
  journal={Scientific Reports},
  volume={3},
   pages={2207},
  year={2013}
}





@incollection{jackson2014games,
	author	= {Jackson, Matthew O and Zenou, Yves},
	editor	= {Peyton, Young and Zamir, Shmuel},
	title	= {Games on networks},
        booktitle={Handbook of Game Theory},
	chapter	= {3},
	pages	= {95--164},
	publisher = {Elsevier Science},
	volume	= {4},	
	year	= {2014},
	}

@article{anderson1999recycle,
  title={Recycle, reuse, bury or burn},
  author={Anderson, C},
  journal={Sofa Project},
  year={1999}
}

@article{kivela2014multilayer,
  title={Multilayer networks},
  author={Kivel{\"a}, Mikko and Arenas, Alex and Barthelemy, Marc and Gleeson, James P and Moreno, Yamir and Porter, Mason A},
  journal={Journal of Complex Networks},
  volume={2},
  number={3},
  pages={203--271},
  year={2014},
  publisher={Oxford University Press}
}



@article{belhaj2014network,
  title={Network games under strategic complementarities},
  author={Belhaj, Mohamed and Bramoull{\'e}, Yann and Dero{\"\i}an, Fr{\'e}d{\'e}ric},
  journal={Games and Economic Behavior},
  volume={88},
  pages={310--319},
  year={2014},
  publisher={Elsevier}
}

@book{vandammebook91,
  title={Stability and Perfection of Nash Equilibria},
  author={van Damme, Eric},
  volume={},
  year={1987},
address={Berlin},
  publisher={Springer}
}

@article{weyl2014price,
  title={Price Theory: A Short Summary},
  author={Weyl, E Glen},
  journal={Journal of Economic Literature, Forthcoming},
  year={2014}
}

@book{harsanyi1988general,
  title={A general theory of equilibrium selection in games},
  author={Harsanyi, John C and Selten, Reinhard},
  year={1988},
  publisher = {The MIT Press},
 address = {Cambridge, Massachusetts},
}

@article{gabarro2011complexity,
  title={The complexity of game isomorphism},
  author={Gabarr{\'o}, Joaquim and Garc{\'\i}a, Alina and Serna, Maria},
  journal={Theoretical Computer Science},
  volume={412},
  number={48},
  pages={6675--6695},
  year={2011},
  publisher={Elsevier}
}



@book{osborne94,
 author = {Martin J. Osborne and Ariel Rubinstein},
 title = {A Course in Game Theory},
 year = {1994},
 isbn = {0-262-65040-1},
 publisher = {The MIT Press},
 address = {Cambridge, Massachusetts},
}

@book{menache2011network,
  title={Network games: Theory, models, and dynamics},
  author={Menache, Ishai and Ozdaglar, Asuman},
  year={2011},
  publisher={Morgan \& Claypool Publishers}
}

@article{bk07,
title = "Public goods in networks ",
journal = "Journal of Economic Theory ",
volume = "135",
number = "1",
pages = "478 - 494",
year = "2007",
note = "",
issn = "0022-0531",
author = "Yann Bramoull{\'e} and Rachel Kranton",
}



@inproceedings{Bhalgat:2012:MAP:2229012.2229029,
 author = {Bhalgat, Anand and Gollapudi, Sreenivas and Munagala, Kamesh},
 title = {Mechanisms and Allocations with Positive Network Externalities},
 booktitle = {Proceedings of the 13th ACM Conference on Electronic Commerce},
 series = {EC '12},
 year = {2012},
 isbn = {978-1-4503-1415-2},
 location = {Valencia, Spain},
 pages = {179--196},
 numpages = {18},
 url = {http://doi.acm.org/10.1145/2229012.2229029},
 doi = {10.1145/2229012.2229029},
 acmid = {2229029},
 publisher = {ACM},
 address = {New York, NY, USA},
 keywords = {approximation algorithms, mechanism design},
}


@inproceedings{Bhattacharya2011,
 author = {Bhattacharya, Sayan and Kulkarni, Janardhan and Munagala, Kamesh and Xu, Xiaoming},
 title = {On Allocations with Negative Externalities},
 booktitle = {Proceedings of the 7th International Conference on Internet and Network Economics},
 series = {WINE'11},
 year = {2011},
 isbn = {978-3-642-25509-0},
 location = {Singapore},
 pages = {25--36},
 numpages = {12},
 url = {http://dx.doi.org/10.1007/978-3-642-25510-6_3},
 doi = {10.1007/978-3-642-25510-6_3},
 acmid = {2188747},
 publisher = {Springer-Verlag},
 address = {Berlin, Heidelberg},
}

@inproceedings{Akhlaghpour10,
  author    = {Hessameddin Akhlaghpour and
               Mohammad Ghodsi and
               Nima Haghpanah and
               Vahab S. Mirrokni and
               Hamid Mahini and
               Afshin Nikzad},
  title     = {Optimal Iterative Pricing over Social Networks (Extended
               Abstract)},
  booktitle = {WINE},
  year      = {2010},
  pages     = {415-423},
  ee        = {http://dx.doi.org/10.1007/978-3-642-17572-5_34},
  crossref  = {DBLP:conf/wine/2010},
  bibsource = {DBLP, http://dblp.uni-trier.de}
}

@inproceedings{amt13,
  title={Differential Pricing with inequity aversion in social networks},
  author={Alon, Noga and Mansour, Yishay and Tenneholtz, Moshe},
  booktitle={Proceedings of the fourteenth ACM conference on Electronic commerce},
  pages={9--24},
  year={2013},
  organization={ACM}
}

@incollection{am11,
  title={Diffusion in social networks with competing products},
  author={Apt, Krzysztof R and Markakis, Evangelos},
  booktitle={Algorithmic Game Theory},
  pages={212--223},
  year={2011},
  publisher={Springer}
}

@article{ba99,
  title={Emergence of scaling in random networks},
  author={Barab{\'a}si, Albert-L{\'a}szl{\'o} and Albert, R{\'e}ka},
  journal={Science},
  volume={286},
  number={5439},
  pages={509--512},
  year={1999},
  publisher={American Association for the Advancement of Science}
  }

@article{bdk05,
 author = {Berman, Piotr and DasGupta, Bhaskar and Kao, Ming-Yang},
 title = {Tight approximability results for test set problems in bioinformatics},
 journal = {J. Comput. Syst. Sci.},
 issue_date = {August 2005},
 volume = {71},
 number = {2},
 month = aug,
 year = {2005},
 issn = {0022-0000},
 pages = {145--162},
 numpages = {18},
 url = {http://dx.doi.org/10.1016/j.jcss.2005.02.001},
 doi = {10.1016/j.jcss.2005.02.001},
 acmid = {1096290},
 publisher = {Academic Press, Inc.},
 address = {Orlando, FL, USA},
 keywords = {Approximation algorithms, Lower Bounds, Minimum cost probe set problems, String Barcoding, Test set problems},
}


@article{bq13,
title = "Pricing in social networks ",
journal = "Games and Economic Behavior ",
volume = "80",
pages = "243-261",
year = "2013",
note = "",
issn = "0899-8256",
doi = "http://dx.doi.org/10.1016/j.geb.2013.03.006",
author = "Francis Bloch and Nicolas Qu\'{e}rou",
keywords = "Social networks",
keywords = "Monopoly pricing",
keywords = "Network externalities",
keywords = "Reference price",
keywords = "Centrality measures "
}



@article{brst01,
  title={The degree sequence of a scale-free random graph process},
  author={Bollob{\'a}s, B{\'e}la and Riordan, Oliver and Spencer, Joel and Tusn{\'a}dy, G{\'a}bor},
  journal={Random Structures \& Algorithms},
  volume={18},
  number={3},
  pages={279--290},
  year={2001},
  publisher={Wiley Online Library}
}

@article{bramoulle2014strategic,
  title={Strategic interaction and networks},
  author={Bramoull{\'e}, Yann and Kranton, Rachel and D'amours, Martin},
  journal={The American Economic Review},
  volume={104},
  number={3},
  pages={898--930},
  year={2014},
  publisher={American Economic Association}
}



@book{bls99,
 author = {Brandst\"{a}dt, Andreas and Le, Van Bang and Spinrad, Jeremy P.},
 title = {Graph Classes: A Survey},
 year = {1999},
 isbn = {0-89871-432-X},
 publisher = {Society for Industrial and Applied Mathematics},
 address = {Philadelphia, PA, USA},
}

@article{cjmppsw07,
 author = {C\'{a}ceres, Jos\'{e} and Hernando, Carmen and Mora, Merc\'{e} and Pelayo, Ignacio M. and Puertas, Mar\'{i}a L. and Seara, Carlos and Wood, David R.},
 title = {On the Metric Dimension of Cartesian Products of Graphs},
 journal = {SIAM J. Discret. Math.},
 issue_date = {April 2007},
 volume = {21},
 number = {2},
 month = apr,
 year = {2007},
 issn = {0895-4801},
 pages = {423--441},
 numpages = {19},
 url = {http://dx.doi.org/10.1137/050641867},
 doi = {10.1137/050641867},
 acmid = {1328606},
 publisher = {Society for Industrial and Applied Mathematics},
 address = {Philadelphia, PA, USA},
 keywords = {Djokovic\'{}-Winkler relation, Hamming graph, Mastermind, cartesian product, coin weighing, distance, graph, metric basis, metric dimension, resolving set},
}

@article{cbo12,
  title={Optimal pricing in networks with externalities},
  author={Candogan, Ozan and Bimpikis, Kostas and Ozdaglar, Asuman},
  journal={Operations Research},
  volume={60},
  number={4},
  pages={883--905},
  year={2012},
  publisher={INFORMS}
}

@article{ckks13,
author = {{\v{C}}angalovi\'{c}, Mirjana and Kratica, Jozef and Kova\v{c}evi\'{c}-Vuj\v{c}i\'{c}, Vera and Stojanovi\'{c}, Milica},
title = {Minimal doubly resolving sets of prism graphs},
journal = {Optimization},
volume = {},
number = {},
pages = {},
year = {2013, doi: 10.1080/02331934.2013.772999},
doi = {10.1080/02331934.2013.772999},
URL = {http://www.tandfonline.com/doi/abs/10.1080/02331934.2013.772999},
eprint = {http://www.tandfonline.com/doi/pdf/10.1080/02331934.2013.772999}
}

@article{ccw14,
title = "Schedules for marketing products with negative externalities ",
journal = "Theoretical Computer Science ",
volume = "",
number = "",
pages = "",
year = "2014",
note = "http://dx.doi.org/10.1016/j.tcs.2014.01.008",
issn = "0304-3975",
doi = "http://dx.doi.org/10.1016/j.tcs.2014.01.008",
url = "http://www.sciencedirect.com/science/article/pii/S0304397514000255",
author = "Zhigang Cao and Xujin Chen and Changjun Wang",
keywords = "Negative externality",
keywords = "Social network",
keywords = "Efficient algorithm",
keywords = "Marketing schedule",
keywords = "Regret-proof schedule "
}

@article{b07,
  title={Anti-coordination and social interactions},
  author={Bramoull{\'e}, Yann},
  journal={Games and Economic Behavior},
  volume={58},
  number={1},
  pages={30--49},
  year={2007},
  publisher={Elsevier}
}

@article{c09,
  title={On the approximability of influence in social networks},
  author={Chen, Ning},
  journal={SIAM Journal on Discrete Mathematics},
  volume={23},
  number={3},
  pages={1400--1415},
  year={2009},
  publisher={SIAM}
}

@incollection{clstwz11,
  title={Optimal pricing in social networks with incomplete information},
  author={Chen, Wei and Lu, Pinyan and Sun, Xiaorui and Tang, Bo and Wang, Yajun and Zhu, Zeyuan Allen},
  booktitle={WINE'11},
  pages={49--60},
  year={2011},
  publisher={Springer}
}

@article{bramoulle2015games,
  title={Games Played on Networks},
  author={Bramoull{\'e}, Yann and Kranton, Rachel},
  year={2015},
journal={To appear in The Oxford Handbook on the Economics of Networks},
}

@inproceedings{ckp12,
  title={How to schedule a cascade in an arbitrary graph},
  author={Chierichetti, Flavio and Kleinberg, Jon and Panconesi, Alessandro},
  booktitle={Proceedings of the 13th ACM Conference on Electronic Commerce},
  pages={355--368},
  year={2012},
  organization={ACM}
}

@inproceedings{elw12,
 author = {Epstein, Leah and Levin, Asaf and Woeginger, Gerhard J.},
 title = {The (weighted) metric dimension of graphs: hard and easy cases},
 booktitle = {Proceedings of the 38th international conference on Graph-Theoretic Concepts in Computer Science},
 series = {WG'12},
 year = {2012},
 isbn = {978-3-642-34610-1},
 location = {Jerusalem, Israel},
 pages = {114--125},
 numpages = {12},
 url = {http://dx.doi.org/10.1007/978-3-642-34611-8_14},
 doi = {10.1007/978-3-642-34611-8_14},
 acmid = {2427853},
 publisher = {Springer-Verlag},
 address = {Berlin, Heidelberg},
}
@article{cc08,
 author = {Chleb\'{\i}k, M. and Chleb\'{\i}kov\'{a}, J.},
 title = {Approximation hardness of dominating set problems in bounded degree graphs},
 journal = {Inf. Comput.},
 issue_date = {November, 2008},
 volume = {206},
 number = {11},
 month = nov,
 year = {2008},
 issn = {0890-5401},
 pages = {1264--1275},
 numpages = {12},
 url = {http://dx.doi.org/10.1016/j.ic.2008.07.003},
 doi = {10.1016/j.ic.2008.07.003},
 acmid = {1453393},
 publisher = {Academic Press, Inc.},
 address = {Duluth, MN, USA},
}

@article{ckk10,
 author = {Christodoulou, George and Koutsoupias, Elias and Kov\'{a}cs, Annam\'{a}ria},
 title = {Mechanism design for fractional scheduling on unrelated machines},
 journal = {ACM Trans. Algorithms},
 issue_date = {March 2010},
 volume = {6},
 number = {2},
 month = apr,
 year = {2010},
 issn = {1549-6325},
 pages = {38:1--38:18},
 articleno = {38},
 numpages = {18},
 url = {http://doi.acm.org/10.1145/1721837.1721854},
 doi = {10.1145/1721837.1721854},
 acmid = {1721854},
 publisher = {ACM},
 address = {New York, NY, USA},
 keywords = {Truthful mechanisms, scheduling, unrelated machines},
}

@inproceedings{ckv08,
 author = {Christodoulou, George and Koutsoupias, Elias and Vidali, Angelina},
 title = {A Characterization of 2-Player Mechanisms for Scheduling},
 booktitle = {Proceedings of the 16th annual European symposium on Algorithms},
 series = {ESA '08},
 year = {2008},
 isbn = {978-3-540-87743-1},
 location = {Karlsruhe, Germany},
 pages = {297--307},
 numpages = {11},
 url = {http://dx.doi.org/10.1007/978-3-540-87744-8_25},
 doi = {10.1007/978-3-540-87744-8_25},
 acmid = {1431035},
 publisher = {Springer-Verlag},
 address = {Berlin, Heidelberg},
}

@article{cmr00,
  title={Linear time solvable optimization problems on graphs of bounded clique-width},
  author={Courcelle, Bruno and Makowsky, Johann A and Rotics, Udi},
  journal={Theory of Computing Systems},
  volume={33},
  number={2},
  pages={125--150},
  year={2000},
  publisher={Springer}
}


@article{reny1999existence,
  title={On the existence of pure and mixed strategy {N}ash equilibria in discontinuous games},
  author={Reny, Philip J},
  journal={Econometrica},
  volume={67},
  number={5},
  pages={1029--1056},
  year={1999},
  publisher={Wiley Online Library}
}
@Article{dm86,
  author={Dasgupta, Partha and Maskin, Eric},
  title={{The existence of equilibrium in discontinuous economic games I: Theory}},
  journal={Review of Economic Studies},
  year=1986,
  volume={53},
  number={1},
  pages={1-26},
  month={January},
  keywords={},
  abstract={No abstract is available for this item.},
  }


@inproceedings{ds08,
 author = {Dobzinski, Shahar and Sundararajan, Mukund},
 title = {On characterizations of truthful mechanisms for combinatorial auctions and scheduling},
 booktitle = {Proceedings of the 9th ACM conference on Electronic commerce},
 series = {EC '08},
 year = {2008},
 isbn = {978-1-60558-169-9},
 location = {Chicago, Il, USA},
 pages = {38--47},
 numpages = {10},
 url = {http://doi.acm.org/10.1145/1386790.1386798},
 doi = {10.1145/1386790.1386798},
 acmid = {1386798},
 publisher = {ACM},
 address = {New York, NY, USA},
 keywords = {characterizations, combinatorial auctions, incentive compatibility, scheduling},
}

@inproceedings{dpsvl12,
 author = {D\'{\i}az, Josep and Pottonen, Olli and Serna, Maria and van Leeuwen, Erik Jan},
 title = {On the complexity of metric dimension},
 booktitle = {Proceedings of the 20th Annual European conference on Algorithms},
 series = {ESA'12},
 year = {2012},
 isbn = {978-3-642-33089-6},
 location = {Ljubljana, Slovenia},
 pages = {419--430},
 numpages = {12},
 url = {http://dx.doi.org/10.1007/978-3-642-33090-2_37},
 doi = {10.1007/978-3-642-33090-2_37},
 acmid = {2404197},
 publisher = {Springer-Verlag},
 address = {Berlin, Heidelberg},
}

@inproceedings{elw12,
 author = {Epstein, Leah and Levin, Asaf and Woeginger, Gerhard J.},
 title = {The (weighted) metric dimension of graphs: hard and easy cases},
 booktitle = {Proceedings of the 38th international conference on Graph-Theoretic Concepts in Computer Science},
 series = {WG'12},
 year = {2012},
 isbn = {978-3-642-34610-1},
 location = {Jerusalem, Israel},
 pages = {114--125},
 numpages = {12},
 url = {http://dx.doi.org/10.1007/978-3-642-34611-8_14},
 doi = {10.1007/978-3-642-34611-8_14},
 acmid = {2427853},
 publisher = {Springer-Verlag},
 address = {Berlin, Heidelberg},
}

@inproceedings{fklp13,
  title={Pricing public goods for private sale},
  author={Feldman, Michal and Kempe, David and Lucier, Brendan and Paes Leme, Renato},
  booktitle={Proceedings of the fourteenth ACM conference on Electronic commerce},
  pages={417--434},
  year={2013},
  organization={ACM}
}

@article{gs62,
  title={College admissions and the stability of marriage},
  author={Gale, David and Shapley, Lloyd S},
  journal={The American Mathematical Monthly},
  volume={69},
  number={1},
  pages={9--15},
  year={1962},
  publisher={JSTOR}
}

@inproceedings{gk12,
  title={Competitive contagion in networks},
  author={Goyal, Sanjeev and Kearns, Michael},
  booktitle={Proceedings of the 44th symposium on Theory of Computing},
  pages={759--774},
  year={2012},
  organization={ACM}
}

@article{gls81,
  title={The ellipsoid method and its consequences in combinatorial optimization},
  author={Gr{\"o}tschel, Martin and Lov{\'a}sz, L{\'a}szl{\'o} and Schrijver, Alexander},
  journal={Combinatorica},
  volume={1},
  number={2},
  pages={169--197},
  year={1981},
  publisher={Springer}
}

@inproceedings{hms08,
  title={Optimal marketing strategies over social networks},
  author={Hartline, Jason and Mirrokni, Vahab and Sundararajan, Mukund},
  booktitle={Proceedings of the 17th international conference on World Wide Web},
  pages={189--198},
  year={2008},
  organization={ACM}
}

@article{hsv12,
 author = {Hauptmann, Mathias and Schmied, Richard and Viehmann, Claus},
 title = {Approximation complexity of Metric Dimension problem},
 journal = {Journal of Discrete Algorithms},
 issue_date = {July, 2012},
 volume = {14},
 month = jul,
 year = {2012},
 issn = {1570-8667},
 pages = {214--222},
 numpages = {9},
 url = {http://dx.doi.org/10.1016/j.jda.2011.12.010},
 doi = {10.1016/j.jda.2011.12.010},
 acmid = {2215180},
 publisher = {Elsevier Science Publishers B. V.},
 address = {Amsterdam, The Netherlands, The Netherlands},
 keywords = {Approximation algorithms, Approximation lower bounds, Bounded degree instances, Dense instances, Metric Dimension},
}

@article{cz03,
 author = {Chartrand, Gary  and Zhang, Ping},
 title = {The theory and applications of resolvability in graphs: A survey},
 journal = {Congressus Numerantium},
 issue_date = {},
 volume = {160},
 month = jul,
 year = {2003},
 issn = {},
 pages = {47--68},
 numpages = {},
 url = {},
 doi = {},
 publisher = {},
 address = {},
 keywords = {},
}



@article{cejo00,
 author = {Chartrand, Gary and Eroh, Linda and Johnson, Mark A. and Oellermann, Ortrud R.},
 title = {Resolvability in graphs and the metric dimension of a graph},
 journal = {Discrete Appl. Math.},
 issue_date = {Oct. 15, 2000},
 volume = {105},
 number = {1-3},
 month = oct,
 year = {2000},
 issn = {0166-218X},
 pages = {99--113},
 numpages = {15},
 url = {http://dx.doi.org/10.1016/S0166-218X(00)00198-0},
 doi = {10.1016/S0166-218X(00)00198-0},
 acmid = {354264},
 publisher = {Elsevier Science Publishers B. V.},
 address = {Amsterdam, The Netherlands, The Netherlands},
 keywords = {basis, distance, metric dimension},
}

@article{f98,
 author = {Feige, Uriel},
 title = {A threshold of ln n for approximating set cover},
 journal = {J. ACM},
 issue_date = {July 1998},
 volume = {45},
 number = {4},
 month = jul,
 year = {1998},
 issn = {0004-5411},
 pages = {634--652},
 numpages = {19},
 url = {http://doi.acm.org/10.1145/285055.285059},
 doi = {10.1145/285055.285059},
 acmid = {285059},
 publisher = {ACM},
 address = {New York, NY, USA},
 keywords = {approximation ratio, set cover},
}

@inproceedings{glk10,
 author = {Gomez Rodriguez, Manuel and Leskovec, Jure and Krause, Andreas},
 title = {Inferring networks of diffusion and influence},
 booktitle = {Proceedings of the 16th ACM SIGKDD international conference on Knowledge discovery and data mining},
 series = {KDD '10},
 year = {2010},
 isbn = {978-1-4503-0055-1},
 location = {Washington, DC, USA},
 pages = {1019--1028},
 numpages = {10},
 url = {http://doi.acm.org/10.1145/1835804.1835933},
 doi = {10.1145/1835804.1835933},
 acmid = {1835933},
 publisher = {ACM},
 address = {New York, NY, USA},
 keywords = {blogs, information cascades, meme-tracking, networks of diffusion, news media, social networks},
}

@book{gj79,
 author = {Garey, Michael R. and Johnson, David S.},
 title = {Computers and Intractability; A Guide to the Theory of NP-Completeness},
 year = {1990},
 isbn = {0716710455},
 publisher = {W. H. Freeman \& Co.},
 address = {New York, NY, USA},
}

@article{hl06,
 author = {Hochbaum, Dorit S. and Levin, Asaf},
 title = {Optimizing over Consecutive 1's and Circular 1's Constraints},
 journal = {SIAM J. on Optimization},
 issue_date = {2006},
 volume = {17},
 number = {2},
 month = feb,
 year = {2006},
 issn = {1052-6234},
 pages = {311--330},
 numpages = {20},
 url = {http://dx.doi.org/10.1137/040603048},
 doi = {10.1137/040603048},
 acmid = {1136616},
 publisher = {Society for Industrial and Applied Mathematics},
 address = {Philadelphia, PA, USA},
 keywords = {circular scheduling problems, consecutive 1's constraints, parametric optimization, parametric shortest path},
}






@book{jackson2008social,
  author    = {Jackson, Matthew O},
  title     = {Social and Economic Networks},
  publisher = {Princeton University Press},
  year      = 2008
}


@inproceedings{kkt03,
  title={Maximizing the spread of influence through a social network},
  author={Kempe, David and Kleinberg, Jon and Tardos, {\'E}va},
  booktitle={Proceedings of the ninth ACM SIGKDD international conference on Knowledge discovery and data mining},
  pages={137--146},
  year={2003},
  organization={ACM}
}

@article{k76,
author = {D. Knuth},
title={Marriages Stables},
journal={Les Presses de l¡¯Universite de Montreal},
year={1976}
}

@article{kck09,
 author = {Kratica, Jozef and \v{C}ngalovi\'{c}, Mirjana and Kova\v{c}evi\'{c}-Vuj\v{c}i\'{c}, Vera},
 title = {Computing minimal doubly resolving sets of graphs},
 journal = {Comput. Oper. Res.},
 issue_date = {July, 2009},
 volume = {36},
 number = {7},
 month = jul,
 year = {2009},
 issn = {0305-0548},
 pages = {2149--2159},
 numpages = {11},
 url = {http://dx.doi.org/10.1016/j.cor.2008.08.002},
 doi = {10.1016/j.cor.2008.08.002},
 acmid = {1480405},
 publisher = {Elsevier Science Ltd.},
 address = {Oxford, UK, UK},
 keywords = {Evolutionary approach, Genetic algorithms, Hypercubes, Metric dimension, Minimal doubly resolving sets},
}

@article{kkcs12,
 author = {Kratica, Jozef and  Kova\v{c}evi\'{c}-Vuj\v{c}i\'{c}, Vera and \v{C}ngalovi\'{c}, Mirjana and  Stojanovi\'{c}, Milica},
 title = {Minimal doubly resolving sets and the strong metric dimension of Hamming graphs},
 journal = {Applicable Analysis and Discrete Mathematics},
 issue_date = {},
 volume = {6},
 number = {1},
 year = {2012},
 issn = {},
 pages = {63--71},
 numpages = {},
 url = {http://dx.doi.org/10.1016/j.cor.2008.08.002},
 doi = {10.1016/j.cor.2008.08.002},
 acmid = {1480405},
 publisher = {Elsevier Science Ltd.},
 address = {Oxford, UK, UK},
 keywords = {Evolutionary approach, Genetic algorithms, Hypercubes, Metric dimension, Minimal doubly resolving sets},
}

@article{kkcs2012,
 author = {Kratica, Jozef and  Kova\v{c}evi\'{c}-Vuj\v{c}i\'{c}, Vera and \v{C}ngalovi\'{c}, Mirjana and  Stojanovi\'{c}, Milica},
title = "Minimal doubly resolving sets and the strong metric dimension of some convex polytopes ",
journal = "Applied Mathematics and Computation ",
volume = "218",
number = "19",
pages = "9790 - 9801",
year = "2012",
note = "",
issn = "0096-3003",
doi = "10.1016/j.amc.2012.03.047",
url = "http://www.sciencedirect.com/science/article/pii/S0096300312002792",
keywords = "Minimal doubly resolving set",
keywords = "Strong metric dimension",
keywords = "Convex polytopes ",
}


@article{chai2007fashion,
  title={Fashion, growth and welfare: An evolutionary approach},
  author={Chai, Andreas and Earl, Peter E and Potts, Jason},
  year={2007},
pages={187-207},
  publisher={Emerald Group Publishing}
}


@article{lk08,
author = {Liben-Nowell, David and Kleinberg, Jon},
title = {Tracing information flow on a global scale using Internet chain-letter data},
volume = {105},
number = {12},
pages = {4633-4638},
year = {2008},
doi = {10.1073/pnas.0708471105},
URL = {http://www.pnas.org/content/105/12/4633.abstract},
eprint = {http://www.pnas.org/content/105/12/4633.full.pdf+html},
journal = {Proceedings of the National Academy of Sciences}
}

@article{mkkm12,
title = "Variable neighborhood search for metric dimension and minimal doubly resolving set problems ",
journal = "European Journal of Operational Research ",
volume = "220",
number = "2",
pages = "328 - 337",
year = "2012",
note = "",
issn = "0377-2217",
doi = "10.1016/j.ejor.2012.02.019",
url = "http://www.sciencedirect.com/science/article/pii/S0377221712001361",
author = "Nenad Mladenovi\'{c} and Jozef Kratica and Vera Kova\v{c}evi\'{c}-Vuj\v{c}i\'{c} and Mirjana \v{C}ngalovi\'{c}",
keywords = "Metaheuristics",
keywords = "Combinatorial optimization",
keywords = "Variable neighborhood search",
keywords = "Metric dimension",
keywords = "Minimal doubly resolving set "
}

@inproceedings{kp99,
  author    = {E. Koutsoupias and
               C. H. Papadimitriou},
  title     = {Worst-case equilibria.},
  booktitle = {Proc. of the 16th Annual Symposium on Theoretical Aspects of
               Computer Science (STACS'99)},
  year      = {1999},
  pages     = {404-413},
}

@inproceedings{mr07,
  title={On the submodularity of influence in social networks},
  author={Mossel, Elchanan and Roch, Sebastien},
  booktitle={Proceedings of the thirty-ninth annual ACM symposium on Theory of computing},
  pages={128--134},
  year={2007},
  organization={ACM}
}

@article{ptv12,
  title = {Locating the Source of Diffusion in Large-Scale Networks},
  author = {Pinto, Pedro C. and Thiran, Patrick and Vetterli, Martin},
  journal = {Phys. Rev. Lett.},
  volume = {109},
  issue = {6},
  pages = {068702},
  numpages = {5},
  year = {2012},
  month = {Aug},
  doi = {10.1103/PhysRevLett.109.068702},
  url = {http://link.aps.org/doi/10.1103/PhysRevLett.109.068702},
  publisher = {American Physical Society}
}

@article{st04,
 author = {Seb\~{o}, Andr\'{a}s and Tannier, Eric},
 title = {On Metric Generators of Graphs},
 journal = {Math. Oper. Res.},
 issue_date = {May 2004},
 volume = {29},
 number = {2},
 month = may,
 year = {2004},
 issn = {0364-765X},
 pages = {383--393},
 numpages = {11},
 url = {http://dx.doi.org/10.1287/moor.1030.0070},
 doi = {10.1287/moor.1030.0070},
 acmid = {1014267},
 publisher = {INFORMS},
 address = {Institute for Operations Research and the Management Sciences (INFORMS), Linthicum, Maryland, USA},
 keywords = {Combinatorial search, False coins, Isometric embedding of graphs, Join, Metric space, T-join},
}

@inproceedings{sy05,
 author = {Saks, Michael and Yu, Lan},
 title = {Weak monotonicity suffices for truthfulness on convex domains},
 booktitle = {Proceedings of the 6th ACM conference on Electronic commerce},
 series = {EC '05},
 year = {2005},
 isbn = {1-59593-049-3},
 location = {Vancouver, BC, Canada},
 pages = {286--293},
 numpages = {8},
 url = {http://doi.acm.org/10.1145/1064009.1064040},
 doi = {10.1145/1064009.1064040},
 acmid = {1064040},
 publisher = {ACM},
 address = {New York, NY, USA},
 keywords = {dominant strategy, mechanism design, strategyproof, truthful, weak monotonicity},
}


@article{kp09,
  author    = {E. Koutsoupias and
               C. H. Papadimitriou},
  title     = {Worst-case equilibria.},
  journal = {Computer Science Review},
  year      = {2009},
  pages     = {65-69},
  volume = 3
}

@article{CV07,
  author    = {A. Czumaj and
               B. V{\"o}cking},
  title     = {Tight bounds for worst-case equilibria.},
  journal   = {ACM Transactions on Algorithms},
  volume    = {3},
  number    = {1},
  year      = {2007},
}

@inproceedings{EFM07,
title="Strong equilibrium in cost-sharing connection games",
author="A. Epstein and M. Feldman and Y. Mansour",
booktitle="Proc. of the 8th ACM Conference on Electronic Commerce (EC'07)",
pages="84-92",
year="2007",
}

@inproceedings{AFM07,
title="Strong price of anarchy",
author="N. Andelman and M. Feldman and Y. Mansour",
booktitle="Proc. of the 18th ACM-SIAM Symposium on Discrete Algorithms (SODA'07)",
pages="189-198",
year="2007",
}

@article{AFM09,
title="Strong price of anarchy",
author="N. Andelman and M. Feldman and Y. Mansour",
journal="Games and Economic Behavior",
volume=65,
number=2,
pages="289-317",
year="2009"
}

@inproceedings{FKLO07,
title="Strong price of anarchy for machine load balancing",
author="A. Fiat and H. Kaplan and M. Levy and S. Olonetsky",
booktitle="Proc. of the 34th International
Colloquium on Automata, Languages and Programming (ICALP2007)",
pages="583-594",
year="2007",
}

@inproceedings{adktwr,
	Author = {Elliot Anshelevich and Anirban Dasgupta and Jon M. Kleinberg and {\'E}va Tardos and Tom Wexler and Tim Roughgarden},
	Booktitle = {45th Symposium on Foundations of Computer Science (FOCS)},
	Date-Added = {2009-04-07 11:49:47 +0200},
	Date-Modified = {2009-04-07 11:50:15 +0200},
	Pages = {295-304},
	Title = {The Price of Stability for Network Design with Fair Cost Allocation.},
	Year = {2004}}

@inproceedings{AART03,
  author    = {B. Awerbuch and
               Y. Azar and
               Y. Richter and
               D. Tsur},
  title     = {Tradeoffs in worst-case equilibria},
  booktitle = {Proc. of the 1st International
               Workshop on Approximation and Online Algorithms (WAOA 2003)},
  year      = {2003},
  pages     = {41-52},
}

@article{AART06,
  author    = {B. Awerbuch and
               Y. Azar and
               Y. Richter and
               D. Tsur},
  title     = {Tradeoffs in worst-case equilibria},
journal="Thoeretical Computer Science",
  year      = {2006},
  volume="361",
number="2-3",
  pages     = {200-209},
}

@article{FH79,
author="G. Finn and E. Horowitz",
title="A linear time approximation algorithm for multiprocessor scheduling",
journal="BIT Numerical Mathematics",
volume ="19",
number ="3",
year="1979",
pages="312-320",
}


@InProceedings{ly2008-stacs,
  author =	{Pinyan Lu and Changyuan Yu},
  title =	{An Improved Randomized Truthful Mechanism for Scheduling Unrelated Machines},
  booktitle =	{25th International Symposium on Theoretical Aspects of Computer Science (STACS 2008)},
  pages =	{527--538},
  series =	{Leibniz International Proceedings in Informatics (LIPIcs)},
  ISBN =	{978-3-939897-06-4},
  ISSN =	{1868-8969},
  year =	{2008},
  volume =	{1},
  editor =	{Susanne Albers and Pascal Weil},
  publisher =	{Schloss Dagstuhl--Leibniz-Zentrum fuer Informatik},
  address =	{Dagstuhl, Germany},
  URL =		{http://drops.dagstuhl.de/opus/volltexte/2008/1314},
  URN =		{urn:nbn:de:0030-drops-13146},
  doi =		{http://dx.doi.org/10.4230/LIPIcs.STACS.2008.1314},
  annote =	{Keywords: Truthful mechanism, scheduling}
}

@article{SV07,
author="P. Schuurman and T. Vredeveld",
title="Performance guarantees of local search for multiprocessor scheduling",
journal="Informs Journal on Computing",
volume ="19",
number ="1",
pages="52-63",
year="2007",
}

@article{Nash,
author="J. Nash",
title="Non-cooperative games",
journal="Annals of Mathematics",
volume="54",
number="2",
pages="286-295",
year="1951",}

@article{HLY97,
author="R. Holzman and N. Law-Yone",
title="Strong equilibrium in congestion games",
journal="Games and Economic Behavior",
volume="21",
number="1-2",
pages="85-101",
year="1997",}

@inproceedings{TR06,
author="M. Tennenholtz and O. Rozenfeld",
title="Strong and correlated strong equilibria in monotone congestion
games",
booktitle="Proc. of the 2nd
International Workshop on Internet and Network Economics (WINE2006)",
pages="74-86",
year="2006",}

@inproceedings{FGLMR03,
  author    = {R. Feldmann and
               M. Gairing and
               T. L{\"u}cking and
               B. Monien and
               M. Rode},
  title     = {Nashification and the
  coordination ratio for a selfish routing
               game.},
booktitle="Proc. of the 30th International
Colloquium on Automata, Languages and Programming (ICALP2003)",
  year      = {2003},
  pages     = {514-526},
}

@article{t79,
  title={Equilibrium points in nonzero-sum n-person submodular games},
  author={Topkis, Donald M},
  journal={SIAM Journal on Control and Optimization},
  volume={17},
  number={6},
  pages={773--787},
  year={1979},
  publisher={SIAM}
}

@book{t98,
  title={Supermodularity and complementarity},
  author={Topkis, Donald M},
  year={1998},
  publisher={Princeton University Press}
}

@unpublished{HMU07,
title="Games and mechanism design in machine scheduling - an
introduction",
author="B. Heydenreich and R. M{\"u}ller and M. Uetz",
note="To appear in {\it
Production and Operations Management}",
year="2007",}

@incollection{AUM,
title="Acceptable Points in General Cooperative n-Person Games",
author="R. J. Aumann",
booktitle="Contributions to the Theory of Games IV,
Annals of Mathematics Study 40",
editor="A. W. Tucker and R. D. Luce",
publisher="Princeton University Press",
year="1959",
pages="287-324",}


@inproceedings{FKKMS02,
  author    = {D. Fotakis and
               S. C. Kontogiannis and
               E. Koutsoupias and
               M. Mavronicolas and
               P. G. Spirakis},
  title     = {The structure and complexity of Nash equilibria for a selfish
               routing game},
  booktitle = {Proc. of the 29th International
               Colloquium on
               Automata, Languages and Programming (ICALP2002)},
  year      = {2002},
  pages     = {123-134},
}

@inproceedings{FKS06,
  author    = {D. Fotakis and
               S. C. Kontogiannis and
               P. G. Spirakis},
  title     = {Atomic congestion games among coalitions},
  booktitle = {Proc. of the 33rd International
               Colloquium on
               Automata, Languages and Programming (ICALP2006) Part I},
  year      = {2006},
  pages     = {572-583},
 }

@book{Rough,
author="T. Roughgarden",
title="Selfish routing and the price of anarchy",
publisher="MIT Press",
year="2005",}

@unpublished{Levy07,
author="M.~Levy",
year="2007",
note="Private communication",
}

@inproceedings{MS01,
  author    = {M. Mavronicolas and
               P. G. Spirakis},
  title     = {The price of selfish routing},
  booktitle = {Proc. of the 33rd Annual ACM Symposium on Theory of Computing (STOC2001)},
  year      = {2001},
  pages     = {510-519},
}

@inproceedings{EKM03,
  author    = {E. Even-Dar and
               A. Kesselman and
               Y. Mansour},
  title     = {Convergence time to Nash equilibria},
 booktitle = {Proc. of the 30th International
               Colloquium on
               Automata, Languages and Programming (ICALP2003)},
  year      = {2003},
  pages     = {502-513},
}

@inproceedings{ck05,
  author    = {George Christodoulou and
               Elias Koutsoupias},
  title     = {The price of anarchy of finite congestion games},
 booktitle = {Proc. of the 37th ACM Symposium on Theory of Computing (STOC2005)},
  year      = {2005},
  pages     = {67-73},
}




@incollection{papa07,
author="C.H. Papadimitriou",
title="The Complexity of Finding {N}ash Equilibria",
chapter="2",
booktitle="Algorithmic Game Theory",
editor="N. Nisan, T. Roughgarden, E. Tardos, V. Vazirani",
publisher="Cambridge University Press",
year="2007",}

@article{BFN01,
    author = "A. Bar-Noy and A. Freund and J. Naor",
    title = "On-line load balancing in a hierarchical server topology",
        JOURNAL = "SIAM Journal on Computing",
        VOLUME = 31,
        number="2",
        YEAR = 2001,
        PAGES = "527-549",
    }

@article{KMS03,
  author    = {E. Koutsoupias and
               M. Mavronicolas and
               P. G. Spirakis},
  title     = {Approximate equilibria and ball fusion},
  journal   = {Theory of Computing Systems},
  volume    = {36},
  number    = {6},
  year      = {2003},
  pages     = {683-693},
}

@article{GLMM06,
  author    = {M. Gairing and
               T. L{\"u}cking and
               M. Mavronicolas and
               B. Monien},
  title     = {The price of anarchy for restricted parallel links},
  journal   = {Parallel Processing Letters},
  volume    = {16},
  number    = {1},
  year      = {2006},
  pages     = {117-132},
}

@article{nr01,
title="Algorithmic mechanism design",
journal="Games and Economic Behavior",
volume="35", year="2001", pages="166-196",
author="N. Nisan and A. Ronen",}

@article{RT02,
  author    = {T. Roughgarden and
               {\'E}. Tardos},
  title     = {How bad is selfish routing?},
  journal   = {Journal of the ACM},
  volume    = {49},
  number    = {2},
  year      = {2002},
  pages     = {236-259},
}

@article{ChChHu10,
  author    = {Bo Chen and
               Xujin Chen and
               Xiaodong Hu},
  title     = {The price of atomic selfish ring routing},
  journal   = {J. Comb. Optim.},
  volume    = {19},
  number    = {3},
  year      = {2010},
  pages     = {258-278},
  ee        = {http://dx.doi.org/10.1007/s10878-008-9171-z},
  bibsource = {DBLP, http://dblp.uni-trier.de}
}

@incollection{l09,
   author = {Lu, Pinyan},
   affiliation = {Microsoft Research Asia},
   title = {On 2-Player Randomized Mechanisms for Scheduling},
   booktitle = {Internet and Network Economics},
   series = {Lecture Notes in Computer Science},
   editor = {Leonardi, Stefano},
   publisher = {Springer Berlin / Heidelberg},
   isbn = {978-3-642-10840-2},
   keyword = {Computer Science},
   pages = {30-41},
   volume = {5929},
   url = {http://dx.doi.org/10.1007/978-3-642-10841-9_5},
   year = {2009}
}

@InProceedings{ly08-stacs,
  author =	{Pinyan Lu and Changyuan Yu},
  title =	{An Improved Randomized Truthful Mechanism for Scheduling Unrelated Machines},
  booktitle =	{25th International Symposium on Theoretical Aspects of Computer Science (STACS 2008)},
  pages =	{527--538},
  series =	{Leibniz International Proceedings in Informatics (LIPIcs)},
  ISBN =	{978-3-939897-06-4},
  ISSN =	{1868-8969},
  year =	{2008},
  volume =	{1},
  editor =	{Susanne Albers and Pascal Weil},
  publisher =	{Schloss Dagstuhl--Leibniz-Zentrum fuer Informatik},
  address =	{Dagstuhl, Germany},
  URL =		{http://drops.dagstuhl.de/opus/volltexte/2008/1314},
  URN =		{urn:nbn:de:0030-drops-13146},
  doi =		{http://dx.doi.org/10.4230/LIPIcs.STACS.2008.1314},
  annote =	{Keywords: Truthful mechanism, scheduling}
}


@inproceedings{ly2008,
 author = {Lu, Pinyan and Yu, Changyuan},
 title = {Randomized Truthful Mechanisms for Scheduling Unrelated Machines},
 booktitle = {Proceedings of the 4th International Workshop on Internet and Network Economics},
 series = {WINE '08},
 year = {2008},
 isbn = {978-3-540-92184-4},
 location = {Shanghai, China},
 pages = {402--413},
 numpages = {12},
 acmid = {1504998},
 publisher = {Springer-Verlag},
 address = {Berlin, Heidelberg},
}

@INCOLLECTION{r79,
     author = {Roberts, Kevin},
     editor = {Laffont, Jean-Jacques},
      title = {The characterization of implementable social choice rules},
  booktitle = {Aggregation and Revelation of Preferences},
       year = {1979},
  publisher = {North-Holland},
    address = {Amsterdam}}

@article{r73,
  author    = {Robert W. Rosenthal},
  title     = {A class of games possessing pure-strategy
Nash equilibira},
  journal   = {Internat. J. Game Theory},
  volume    = {2},
  number    = {1},
  year      = {1973},
  pages     = {65-67},
  ee        = {http://dx.doi.org/10.1007/BF01737559},

}

@article{css07,
  author    = {Jos\'e R. Correa and
               Andreas S. Schulz  and
               Nicol\'as E. Stier-Moses},
  title     = {Fast, fair, and efficient flows in networks},
  journal   = {Oper. Res.},
  volume    = {55},
  number    = {2},
  year      = {2007},
  pages     = {215-225},
  ee        = {http://or.journal.informs.org/content/55/2/215.short}
}

\bibitem{css07} J.R. Correa, A.S. Schulz,  N.E. Stier-Moses, ,


@unpublished{ChChHH11,
  author    = {Bo Chen and
               Xujin Chen and Jie Hu and
               Xiaodong Hu},
  title     = {Stability vs. Optimality in Selfish ring routing},
  year      = {2011},
  note = "Manuscript. http://people.gucas.ac.cn/upload/UserFiles/File/20120203115847609411.pdf"
}

@unpublished{lrtw11,
  author    = {Henry Lin and
               Tim Roughgarden and
               {\'E}va Tardos and
               Asher Walkover},
  title     = {Stronger bounds on Braess's paradox and the maximum latency of selfish routing},
  year      = {2011},
  note = "Manuscript. http://theory.stanford.edu/ $\tilde{}$ tim/papers/mcbp.pdf"
}



@article{AnsZha08,
  author    = {Elliot Anshelevich and
               Lisa Zhang},
  title     = {Path decomposition under a new cost measure with applications
               to optical network design},
  journal   = {ACM Transactions on Algorithms},
  volume    = {4},
  number    = {1},
  year      = {2008},
  ee        = {http://doi.acm.org/10.1145/1328911.1328926},
  bibsource = {DBLP, http://dblp.uni-trier.de}
}

@inproceedings{BlKaKl01,
  author    = {Avrim Blum and
               Adam Kalai and
               Jon M. Kleinberg},
  title     = {Admission Control to Minimize Rejections},
  booktitle = {WADS},
  year      = {2001},
  pages     = {155-164},
  ee        = {http://dx.doi.org/10.1007/3-540-44634-6_15},
  crossref  = {DBLP:conf/wads/2001},
  bibsource = {DBLP, http://dblp.uni-trier.de}
}

@proceedings{DBLP:conf/wads/2001,
  editor    = {Frank K. H. A. Dehne and
               J{\"o}rg-R{\"u}diger Sack and
               Roberto Tamassia},
  title     = {Algorithms and Data Structures, 7th International Workshop,
               WADS 2001, Providence, RI, USA, August 8-10, 2001, Proceedings},
  booktitle = {WADS},
  publisher = {Springer},
  series    = {Lecture Notes in Computer Science},
  volume    = {2125},
  year      = {2001},
  isbn      = {3-540-42423-7},
  bibsource = {DBLP, http://dblp.uni-trier.de}
}

@article{Cheng04,
  author    = {Christine T. Cheng},
  title     = {Improved Approximation Algorithms for the Demand Routing
               and Slotting Problem with Unit Demands on Rings},
  journal   = {SIAM J. Discrete Math.},
  volume    = {17},
  number    = {3},
  year      = {2004},
  pages     = {384-402},
  ee        = {http://dx.doi.org/10.1137/S0895480101386723},
  bibsource = {DBLP, http://dblp.uni-trier.de}
}


@article{gale1950symmetric,
  title={On symmetric games},
  author={Gale, David and Kuhn, Harold W and Tucker, Albert W},
  journal={Contributions to the Theory Games},
  volume={1},
  pages={81--87},
  year={1950}
}

@article{alos2013hidden,
  title={Hidden symmetries and focal points},
  author={Al{\'o}s-Ferrer, Carlos and Kuzmics, Christoph},
  journal={Journal of Economic Theory},
  volume={148},
  number={1},
  pages={226--258},
  year={2013},
  publisher={Elsevier}
}

@article{gabarro2011complexity,
  title={The complexity of game isomorphism},
  author={Gabarr{\'o}, Joaquim and Garc{\'\i}a, Alina and Serna, Maria},
  journal={Theoretical Computer Science},
  volume={412},
  number={48},
  pages={6675--6695},
  year={2011},
  publisher={Elsevier}
}


@article{du2013complexity,
  title={On the complexity of deciding degeneracy in a bimatrix game with sparse payoff matrix},
  author={Du, Ye},
  journal={Theoretical Computer Science},
  volume={472},
  pages={104--109},
  year={2013},
  publisher={Elsevier}
}





@article{daskalakis2014approximate,
  title={Approximate {N}ash equilibria in anonymous games},
  author={Daskalakis, Constantinos and Papadimitriou, Christos H},
  journal={Journal of Economic Theory},
volume={156},
pages={207-245},
  year={2015},
  publisher={Elsevier}
}

@inproceedings{daskalakis2008discretized,
  title={Discretized multinomial distributions and Nash equilibria in anonymous games},
  author={Daskalakis, Constantinos and Papadimitriou, Christos H},
  booktitle={Foundations of Computer Science, 2008. FOCS'08. IEEE 49th Annual IEEE Symposium on},
  pages={25--34},
  year={2008},
  organization={IEEE}
}

@article{capraro2013existence,
  title={Existence of equilibria in countable games: An algebraic approach},
  author={Capraro, Valerio and Scarsini, Marco},
  journal={Games and Economic Behavior},
  volume={79},
  pages={163--180},
  year={2013},
  publisher={Elsevier}
}
@article{duersch2012pure,
  title={Pure strategy equilibria in symmetric two-player zero-sum games},
  author={Duersch, Peter and Oechssler, J{\"o}rg and Schipper, Burkhard C},
  journal={International Journal of Game Theory},
  volume={41},
  number={3},
  pages={553--564},
  year={2012},
  publisher={Springer}
}

@inproceedings{daskalakis2007computing,
  title={Computing equilibria in anonymous games},
  author={Daskalakis, Constantinos and Papadimitriou, Christos},
  booktitle={FOCS'07},
  pages={83--93},
  year={2007},
  }

@inproceedings{papadimitriou2005computing,
  title={Computing equilibria in multi-player games},
  author={Papadimitriou, Christos H and Roughgarden, Tim},
  booktitle={SODA'05},
  pages={82--91},
  year={2005}
}

@article{papadimitriou2008computing,
  title={Computing correlated equilibria in multi-player games},
  author={Papadimitriou, Christos H and Roughgarden, Tim},
  journal={Journal of the ACM},
  volume={55},
  number={3},
  pages={14},
  year={2008},
  publisher={ACM}
}

@inproceedings{chen2006settling,
  title={Settling the Complexity of Two-Player {N}ash Equilibrium.},
  author={Chen, Xi and Deng, Xiaotie},
  booktitle={FOCS'06},
  pages={261-272},
  year={2006}
}

@inproceedings{cheng2004notes,
  title={Notes on equilibria in symmetric games},
  author={Cheng, Shih-Fen and Reeves, Daniel M and Vorobeychik, Yevgeniy and Wellman, Michael P},
  booktitle={Proceedings of Workshop on Game Theory and Decision Theory},
  year={2004}
}



@book{von1947theory,
  author    = {von Neumann, John and Morgenstern, Oskar},
  title     = {Theory of Games and Economic Behavior},
  publisher = {Princeton University Press},
  year      = 1944
}


@article{ScSeWi98,
  author    = {Alexander Schrijver and
               Paul D. Seymour and
               Peter Winkler},
  title     = {The Ring Loading Problem},
  journal   = {SIAM J. Discrete Math.},
  volume    = {11},
  number    = {1},
  year      = {1998},
  pages     = {1-14},
  ee        = {http://dx.doi.org/10.1137/S0895480195294994},
  bibsource = {DBLP, http://dblp.uni-trier.de}
}

@article{Wang05,
title = "Linear time algorithms for the ring loading problem with demand splitting",
journal = "Journal of Algorithms",
volume = "54",
number = "1",
pages = "45 - 57",
year = "2005",
note = "",
issn = "0196-6774",
doi = "10.1016/j.jalgor.2004.03.003",
url = "http://www.sciencedirect.com/science/article/pii/S0196677404000446",
author = "Biing-Feng Wang",
keywords = "Optical networks",
keywords = "Rings",
keywords = "Routing",
keywords = "Algorithms",
keywords = "Disjoint-set data structures"
}

@inproceedings{rough02,
  author    = {Tim Roughgarden},
  title     = {The price of anarchy is independent of the network topology},
  booktitle = {STOC},
  year      = {2002},
  pages     = {428-437},
  ee        = {http://doi.acm.org/10.1145/509907.509971},
  bibsource = {DBLP, http://dblp.uni-trier.de}
}

@proceedings{DBLP:conf/stoc/2002,
  editor    = {John H. Reif},
  title     = {Proceedings on 34th Annual ACM Symposium on Theory of Computing,
               May 19-21, 2002, Montr{\'e}al, Qu{\'e}bec, Canada},
  booktitle = {STOC},
  publisher = {ACM},
  year      = {2002},
  isbn      = {1-58113-495-9},
  bibsource = {DBLP, http://dblp.uni-trier.de}
}

@inproceedings{monien06,
  author    = {Sebastian Aland and
               Dominic Dumrauf and
               Martin Gairing and
               Burkhard Monien and
               Florian Schoppmann},
  title     = {Exact Price of Anarchy for Polynomial Congestion Games},
  booktitle = {STACS},
  year      = {2006},
  pages     = {218-229},
  ee        = {http://dx.doi.org/10.1007/11672142_17},
  crossref  = {DBLP:conf/stacs/2006},
  bibsource = {DBLP, http://dblp.uni-trier.de}
}

@proceedings{DBLP:conf/stacs/2006,
  editor    = {Bruno Durand and
               Wolfgang Thomas},
  title     = {STACS 2006, 23rd Annual Symposium on Theoretical Aspects
               of Computer Science, Marseille, France, February 23-25,
               2006, Proceedings},
  booktitle = {STACS},
  publisher = {Springer},
  series    = {Lecture Notes in Computer Science},
  volume    = {3884},
  year      = {2006},
  isbn      = {3-540-32301-5},
  bibsource = {DBLP, http://dblp.uni-trier.de}
}



@techreport{vester12,
   author       = {Steen Vester},
  title        = {Symmetric {N}ash Equilibria},
  institution  = {ENS de Cachan}
}


@article{Brandt2009163,
title = "Symmetries and the complexity of pure {N}ash equilibrium ",
journal = "Journal of Computer and System Sciences ",
volume = "75",
number = "3",
pages = "163 - 177",
year = "2009",
author = "Felix Brandt and Felix Fischer and Markus Holzer",
}

@article{Nash1951,
     jstor_articletype = {research-article},
     title = {Non-Cooperative Games},
     author = {Nash, John},
     journal = {Annals of Mathematics},
     jstor_issuetitle = {},
     volume = {54},
     number = {2},
     series = {Second Series},
     jstor_formatteddate = {Sep., 1951},
     pages = {286-295},
     year = {1951},
     publisher = {Annals of Mathematics},
         }


@unpublished{unpublished,
  author       = {Peter Marcheford},
  title        = {The title of the work},
  note         = {An optional note},
  month        = 7,
  year         = 1993
}

@incollection{
prs99,
year={1999},
isbn={978-3-642-08471-3},

booktitle={Current Trends in Economics},

volume={8},

series={Studies in Economic Theory},

editor={Alkan, Ahmet and Aliprantis, CharalambosD. and Yannelis, NicholasC.},

title={The canonical extensive form of a game form: {P}art {I}-Symmetries},

publisher={Springer Berlin Heidelberg},

author={Peleg, Bezalel and Rosenm{\"u}ller, Joachim and Sudh{\"o}lter, Peter},

pages={367-387},
language={English}
}


@article{Bondy03,
author = {Bondy, Adrian and Duran, Guillermo and Lin, Min Chih and Szwarcfiter, Jayme L.},
title = {Self-clique graphs and matrix permutations},
journal = {Journal of Graph Theory},
volume = {44},
number = {3},
publisher = {Wiley Subscription Services, Inc., A Wiley Company},
issn = {1097-0118},
pages = {178--192},
year = {2003},
}


@article{altafini2013consensus,
  title={Consensus problems on networks with antagonistic interactions},
  author={Altafini, Claudio},
  journal={Automatic Control, IEEE Transactions on},
  volume={58},
  number={4},
  pages={935--946},
  year={2013},
  publisher={IEEE}
}

@article{ballester2006s,
  title={Who's who in networks. wanted: the key player},
  author={Ballester, Coralio and Calv{\'o}-Armengol, Antoni and Zenou, Yves},
  journal={Econometrica},
  volume={74},
  number={5},
  pages={1403--1417},
  year={2006},
  publisher={Wiley Online Library}
}




@article{amir2005supermodularity,
  title={Supermodularity and complementarity in economics: an elementary survey},
  author={Amir, Rabah},
  journal={Southern Economic Journal},
  volume={71},
  number={3},
  pages={636--660},
  year={2005},
  publisher={JSTOR}
}



@article{bulow1985multimarket,
  title={Multimarket oligopoly: Strategic substitutes and complements},
  author={Bulow, Jeremy I and Geanakoplos, John D and Klemperer, Paul D},
  journal={The Journal of Political Economy},
  volume={93},
  number={3},
  pages={488--511},
  year={1985},
  publisher={JSTOR}
}

@article{charness2014experimental,
  title={Experimental games on networks: Underpinnings of behavior and equilibrium selection},
  author={Charness, Gary and Feri, Francesco and Mel{\'e}ndez-Jim{\'e}nez, Miguel A and Sutter, Matthias},
  journal={Econometrica},
  volume={82},
  number={5},
  pages={1615--1670},
  year={2014},
  publisher={Wiley Online Library}
}

@article{cartwright1956structural,
  title={Structural balance: a generalization of {H}eider's theory.},
  author={Cartwright, Dorwin and Harary, Frank},
  journal={Psychological Review},
  volume={63},
  number={5},
  pages={277--293},
  year={1956},
  publisher={American Psychological Association}
}

@article{echenique2004characterization,
  title={A characterization of strategic complementarities},
  author={Echenique, Federico},
  journal={Games and Economic Behavior},
  volume={46},
  number={2},
  pages={325--347},
  year={2004},
  publisher={Elsevier}
}

@article{echenique2007finding,
  title={Finding all equilibria in games of strategic complements},
  author={Echenique, Federico},
  journal={Journal of Economic Theory},
  volume={135},
  number={1},
  pages={514--532},
  year={2007},
  publisher={Elsevier}
}

@book{easley2010networks,
  title={Networks, crowds, and markets: Reasoning about a highly connected world},
  author={Easley, David and Kleinberg, Jon},
  year={2010},
  publisher={Cambridge University Press}
}

@article{frank1982algorithm,
  title={An algorithm for submodular functions on graphs},
  author={Frank, Andr{\'a}s},
  journal={North-Holland Mathematics Studies},
  volume={66},
  pages={97--120},
  year={1982},
  publisher={Elsevier}
}

@article{fujishige2000notes,
  title={Notes on L-/M-convex functions and the separation theorems},
  author={Fujishige, Satoru and Murota, Kazuo},
  journal={Mathematical Programming},
  volume={88},
  number={1},
  pages={129--146},
  year={2000},
  publisher={Springer}
}

@article{fujishige2007two,
  title={A two-sided discrete-concave market with possibly bounded side payments: An approach by discrete convex analysis},
  author={Fujishige, Satoru and Tamura, Akihisa},
  journal={Mathematics of Operations Research},
  volume={32},
  number={1},
  pages={136--155},
  year={2007},
  publisher={INFORMS}
}

@article{fujishige2003note,
  title={A note on {K}elso and {C}rawford's gross substitutes condition},
  author={Fujishige, Satoru and Yang, Zaifu},
  journal={Mathematics of Operations Research},
  volume={28},
  number={3},
  pages={463--469},
  year={2003},
  publisher={INFORMS}
}

@article{heider1946attitudes,
  title={Attitudes and cognitive organization},
  author={Heider, Fritz},
  journal={The Journal of Psychology},
  volume={21},
  number={1},
  pages={107--112},
  year={1946},
  publisher={Taylor \& Francis}
}

@article{kung1978bimatroids,
  title={Bimatroids and invariants},
  author={Kung, Joseph PS},
  journal={Advances in Mathematics},
  volume={30},
  number={3},
  pages={238--249},
  year={1978},
  publisher={Elsevier}
}

@article{kelso1982job,
  title={Job matching, coalition formation, and gross substitutes},
  author={Kelso, Alexander S and Crawford, Vincent P},
  journal={Econometrica: Journal of the Econometric Society},
  volume={50},
  number={6},
  pages={1483--1504},
  year={1982},
  publisher={JSTOR}
}

@article{li2014voter,
  title={Voter model on signed social networks},
  author={Li, Yanhua and Chen, Wei and Wang, Yajun and Zhang, Zhi-Li},
  journal={Internet Mathematics},
  number={just-accepted},
  year={2014},
  publisher={Taylor \& Francis}
}

@article{li2014voter,
  title={Voter model on signed social networks},
  author={Li, Yanhua and Chen, Wei and Wang, Yajun and Zhang, Zhi-Li},
  journal={Internet Mathematics},
  number={just-accepted},
  year={2014},
  publisher={Taylor \& Francis}
}

@article{marvel2011continuous,
  title={Continuous-time model of structural balance},
  author={Marvel, Seth A and Kleinberg, Jon and Kleinberg, Robert D and Strogatz, Steven H},
  journal={Proceedings of the National Academy of Sciences},
  volume={108},
  number={5},
  pages={1771--1776},
  year={2011},
  publisher={National Acad Sciences}
}

@article{mccormick2010strongly,
  title={Strongly polynomial and fully combinatorial algorithms for bisubmodular function minimization},
  author={McCormick, S Thomas and Fujishige, Satoru},
  journal={Mathematical Programming},
  volume={122},
  number={1},
  pages={87--120},
  year={2010},
  publisher={Springer}
}

@article{masso2014cooperative,
  title={On cooperative solutions of a generalized assignment game: Limit theorems to the set of competitive equilibria},
  author={Mass{\'o}, Jordi and Neme, Alejandro},
  journal={Journal of Economic Theory},
  volume={154},
  pages={187--215},
  year={2014},
  publisher={Elsevier}
}

@article{milgrom1990rationalizability,
  title={Rationalizability, learning, and equilibrium in games with strategic complementarities},
  author={Milgrom, Paul and Roberts, John},
  journal={Econometrica},
  volume={58},
  number={6},
  pages={1255--1277},
  year={1990},
  publisher={JSTOR}
}

@article{milgrom1994comparing,
  title={Comparing equilibria},
  author={Milgrom, Paul and Roberts, John},
  journal={The American Economic Review},
  volume={84},
  number={3},
  pages={441--459},
  year={1994},
  publisher={JSTOR}
}

@article{milgrom1995complementarities,
  title={Complementarities and fit strategy, structure, and organizational change in manufacturing},
  author={Milgrom, Paul and Roberts, John},
  journal={Journal of accounting and economics},
  volume={19},
  number={2},
  pages={179--208},
  year={1995},
  publisher={Elsevier}
}

@article{milgrom1994monotone,
  title={Monotone comparative statics},
  author={Milgrom, Paul and Shannon, Chris},
  journal={Econometrica: Journal of the Econometric Society},
  volume={62},
  number={1},
  pages={157--180},
  year={1994},
  publisher={JSTOR}
}

@book{murota2003discrete,
  title={Discrete Convex Analysis},
  author={Murota, Kazuo},
  year={2003},
  publisher={SIAM}
}

@article{schrijver1979matroids,
  title={Matroids and linking systems},
  author={Schrijver, Alexander},
  journal={Journal of Combinatorial Theory, Series B},
  volume={26},
  number={3},
  pages={349--369},
  year={1979},
  publisher={Elsevier}
}

@book{schrijver2003combinatorial,
  title={Combinatorial optimization: polyhedra and efficiency},
  author={Schrijver, Alexander},
  volume={24},
  year={2003},
  publisher={Springer Science \& Business Media}
}

@book{shapley1955markets,
  title={Markets as cooperative games},
  author={Shapley, Lloyd S},
  year={1955},
  publisher={Rand Corporation}
}


@article{he1987parallel,
  title={Parallel recognition and decomposition of two terminal series parallel graphs},
  author={He, Xin and Yesha, Yaacov},
  journal={Information and Computation},
  volume={75},
  number={1},
  pages={15--38},
  year={1987},
  publisher={Elsevier}
}







@book{murota03,
author = {Murota, Kazuo},
title = {Discrete Convex Analysis},
publisher = {Society for Industrial and Applied Mathematics},
year = {2003},
doi = {10.1137/1.9780898718508},
address = {},
edition   = {},
URL = {https://epubs.siam.org/doi/abs/10.1137/1.9780898718508},
eprint = {https://epubs.siam.org/doi/pdf/10.1137/1.9780898718508}
}


@article{shapley1961network,
  title={On network flow functions},
  author={Shapley, Lloyd S},
  journal={Naval Research Logistics Quarterly},
  volume={8},
  number={2},
  pages={151--158},
  year={1961},
  publisher={Wiley Online Library}
}


@article{shapley1971assignment,
  title={The assignment game {I}: The core},
  author={Shapley, Lloyd S and Shubik, Martin},
  journal={International Journal of Game Theory},
  volume={1},
  number={1},
  pages={111--130},
  year={1972},
  publisher={Springer}
}

@article{roy2008non,
  title={On the (non-) lattice structure of the equilibrium set in games with strategic substitutes},
  author={Roy, Sunanda and Sabarwal, Tarun},
  journal={Economic Theory},
  volume={37},
  number={1},
  pages={161--169},
  year={2008},
  publisher={Springer}
}

@article{samuelson1974complementarity,
  title={Complementarity: An essay on the 40th anniversary of the {H}icks-{A}llen revolution in demand theory},
  author={Samuelson, Paul A},
  journal={Journal of Economic Literature},
  volume={12},
  number={4},
  pages={1255--1289},
  year={1974},
  publisher={JSTOR}
}

@article{segal2003collusion,
  title={Collusion, exclusion, and inclusion in random-order bargaining},
  author={Segal, Ilya},
  journal={The Review of Economic Studies},
  volume={70},
  number={2},
  pages={439--460},
  year={2003},
  publisher={Oxford University Press}
}

@article{tarski1955lattice,
  title={A lattice-theoretical fixpoint theorem and its applications},
  author={Tarski, Alfred},
  journal={Pacific Journal of Mathematics},
  volume={5},
  number={2},
  pages={285--309},
  year={1955}
}

@article{zhou1994set,
  title={The set of {N}ash equilibria of a supermodular game is a complete lattice},
  author={Zhou, Lin},
  journal={Games and Economic Behavior},
  volume={7},
  number={2},
  pages={295--300},
  year={1994},
  publisher={Elsevier}
}

@article{vives1990nash,
  title={Nash equilibrium with strategic complementarities},
  author={Vives, Xavier},
  journal={Journal of Mathematical Economics},
  volume={19},
  number={3},
  pages={305--321},
  year={1990},
  publisher={Elsevier}
}

@book{vives1999oligopoly,
  title={Oligopoly pricing: old ideas and new tools},
  author={Vives, Xavier},
  year={1999},
  publisher={MIT press}
}

@article{vives2005complementarities,
  title={Complementarities and games: New developments},
  author={Vives, Xavier},
  journal={Journal of Economic Literature},
  volume={43},
  number={2},
  pages={437--479},
  year={2005},
  publisher={JSTOR}
}


@article{traulsen2005coevolutionary,
  title={Coevolutionary dynamics: from finite to infinite populations},
  author={Traulsen, Arne and Claussen, Jens Christian and Hauert, Christoph},
  journal={Physical Review Letters},
  volume={95},
  number={23},
  pages={238701},
  year={2005},
  publisher={APS}
}

@article{traulsen2006coevolutionary,
  title={Coevolutionary dynamics in large, but finite populations},
  author={Traulsen, Arne and Claussen, Jens Christian and Hauert, Christoph},
  journal={Physical Review E},
  volume={74},
  number={1},
  pages={011901},
  year={2006},
  publisher={APS}
}

@article{li2013evolution,
  title={Evolution of cooperation in a heterogeneous graph: Fixation probabilities under weak selection},
  author={Li, Cong and Zhang, Boyu and Cressman, Ross and Tao, Yi},
  journal={PloS ONE},
  volume={8},
  number={6},
  pages={e66560},
  year={2013},
  publisher={Public Library of Science}
}


@article{zhang2015evolution,
  title={Evolutionary stability and the evolution of cooperation on heterogeneous
graphs},
  author={Zhang, Boyu and Li, Cong and  Tao, Yi},
  journal={Dynamic Games and Applications, in press},
  year={2015}  
}

@article{foster1990stochastic,
  title={Stochastic evolutionary game dynamics?},
  author={Foster, Dean and Young, Peyton},
  journal={Theoretical Population Biology},
  volume={38},
  number={2},
  pages={219--232},
  year={1990},
  publisher={Elsevier}
}

@article{kandori1993learning,
  title={Learning, mutation, and long run equilibria in games},
  author={Kandori, Michihiro and Mailath, George J and Rob, Rafael},
  journal={Econometrica: Journal of the Econometric Society},
  pages={29--56},
  year={1993},
volume={61},
number={1},
  publisher={JSTOR}
}

@article{young1993evolution,
  title={The evolution of conventions},
  author={Young, H Peyton},
  journal={Econometrica},
volume={61},
number={1},
  pages={57--84},
  year={1993},
  publisher={JSTOR}
}

@book{goyal2007connections,
  title={Connections: {A}n introduction to the economics of networks},
  author={Goyal, Sanjeev},
  year={2007},
  publisher={Princeton University Press}
}

@book{vega2007complex,
  title={Complex social networks},
  author={Vega-Redondo, Fernando},
  year={2007},
  publisher={Cambridge University Press}
}

@article{galeotti2010network,
  title={Network games},
  author={Galeotti, Andrea and Goyal, Sanjeev and Jackson, Matthew O and Vega-Redondo, Fernando and Yariv, Leeat},
  journal={The Review of Economic Studies},
  volume={77},
  number={1},
  pages={218--244},
  year={2010},
  publisher={Oxford University Press}
}

@article{hernandez2013heterogeneous,
  title={Heterogeneous network games: Conflicting preferences},
  author={Hernandez, Penelope and Mu{\~n}oz-Herrera, Manuel and Sanchez, Angel},
  journal={Games and Economic Behavior},
  volume={79},
  pages={56--66},
  year={2013},
  publisher={Elsevier}
}

@article{cao2013heterogeneous,
  title={A Heterogeneous network game perspective of fashion cycle},
  author={Cao, Zhigang and Qin, Cheng-Zhong and Yang, Xiaoguang and Zhang, Boyu},
  journal={Available at SSRN 2260025},
  year={2013b}
}

@article{cao2014fashion,
  title={The fashion game: Network extension of Matching Pennies},
  author={Cao, Zhigang and Yang, Xiaoguang},
  journal={Theoretical Computer Science},
  volume={540},
  pages={169--181},
  year={2014},
  publisher={Elsevier}
}

@article{cao2013fashion,
  title={Fashion, cooperation, and social interactions},
  author={Cao, Zhigang and Gao, Haoyu and Qu, Xinglong and Yang, Mingmin and Yang, Xiaoguang},
  journal={PloS ONE},
  volume={8},
  number={1},
  pages={e49441},
  year={2013a},
  publisher={Public Library of Science}
}

@inproceedings{goles1987lyapunov,
  title={Lyapunov functions associated to automata networks},
  author={Goles, Eric},
  booktitle={Centre National de Recherche Scientifique on Automata networks in computer science: theory and applications},
  pages={58--81},
  year={1987},
  organization={Princeton University Press}
}

@article{adam2012threshold,
  title={On threshold models over finite networks},
  author={Adam, Elie M and Dahleh, Munther A and Ozdaglar, Asuman},
  journal={arXiv preprint arXiv:1211.0654},
  year={2012}
}

@inproceedings{cannings2009majority,
  title={The majority and minority models on regular and random graphs},
  author={Cannings, Chris},
  booktitle={GameNets' 09. International Conference on},
  pages={1--16},
  year={2009},
  organization={IEEE}
}

@article{morris2005generalized,
  title={Generalized potentials and robust sets of equilibria},
  author={Morris, Stephen and Ui, Takashi},
  journal={Journal of Economic Theory},
  volume={124},
  number={1},
  pages={45--78},
  year={2005},
  publisher={Elsevier}
}

@article{sandholm2010decompositions,
  title={Decompositions and potentials for normal form games},
  author={Sandholm, William H},
  journal={Games and Economic Behavior},
  volume={70},
  number={2},
  pages={446--456},
  year={2010},
  publisher={Elsevier}
}

@article{candogan2011flows,
  title={Flows and decompositions of games: Harmonic and potential games},
  author={Candogan, Ozan and Menache, Ishai and Ozdaglar, Asuman and Parrilo, Pablo A},
  journal={Mathematics of Operations Research},
  volume={36},
  number={3},
  pages={474--503},
  year={2011},
  publisher={INFORMS}
}


@article{szabo2007evolutionary,
  title={Evolutionary games on graphs},
  author={Szab{\'o}, Gy{\"o}rgy and F{\'a}th, G{\'a}bor},
  journal={Physics Reports},
  volume={446},
  number={4},
  pages={97--216},
  year={2007},
  publisher={Elsevier}
}


@article{candogan2013dynamics,
  title={Dynamics in near-potential games},
  author={Candogan, Ozan and Ozdaglar, Asuman and Parrilo, Pablo A},
  journal={Games and Economic Behavior},
  volume={82},
  pages={66--90},
  year={2013},
  publisher={Elsevier}
}

@article{babichenko2014graphical,
  title={Graphical potential games},
  author={Babichenko, Yakov and Tamuz, Omer},
  journal={arXiv preprint arXiv:1405.1481},
  year={2014}
}

@article{palacios2003professionals,
  title={Professionals play minimax},
  author={Palacios-Huerta, Ignacio},
  journal={The Review of Economic Studies},
  volume={70},
  number={2},
  pages={395--415},
  year={2003},
  publisher={Oxford University Press}
}

@inproceedings{chen2010game,
  title={A game theory based predation behavior model},
  author={Chen, Shi and Bao, Sheng},
  booktitle={Center for Game Theory in Economics Archive, 2010 Conference, available at http://www. gtcenter. org/Archive/2010/Conf/Chen956. pdf},
  year={2010}
}

@article{van1980evolution,
  title={Evolution as a zero-sum game for energy},
  author={Van Valen, L},
  journal={Evolutionary Theory},
  volume={4},
  pages={289--300},
  year={1980}
}

@article{szabo2014evolutionary,
  title={Evolutionary matching-pennies game on bipartite regular networks},
  author={Szab{\'o}, Gy{\"o}rgy and Varga, Levente and Borsos, Istv{\'a}n},
  journal={Physical Review E},
  volume={89},
  number={4},
  pages={042820},
  year={2014},
  publisher={APS}
}

@article{mcpherson2001birds,
  title={Birds of a feather: Homophily in social networks},
  author={McPherson, Miller and Smith-Lovin, Lynn and Cook, James M},
  journal={Annual Review of Sociology},
  pages={415--444},
  year={2001},
  publisher={JSTOR}
}

@article{golub2012homophily,
  title={How Homophily Affects the Speed of Learning and Best-Response Dynamics},
  author={Golub, Benjamin and Jackson, Matthew O},
  journal={The Quarterly Journal of Economics},
  volume={127},
  number={3},
  pages={1287--1338},
  year={2012},
  publisher={Oxford University Press}
}

@article{papadopoulos2012popularity,
  title={Popularity versus similarity in growing networks},
  author={Papadopoulos, Fragkiskos and Kitsak, Maksim and Serrano, M {\'A}ngeles and Bogun{\'a}, Mari{\'a}n and Krioukov, Dmitri},
  journal={Nature},
  volume={489},
  number={7417},
  pages={537--540},
  year={2012},
  publisher={Nature Publishing Group}
}

@book{dixon1996permutation,
  title={Permutation Groups},
  author={Dixon, John D and Mortimer, Brian},
   year={1996},
  publisher={Springer Science \& Business Media}
}

@article{fu2012evolution,
  title={The evolution of homophily},
  author={Fu, Feng and Nowak, Martin A and Christakis, Nicholas A and Fowler, James H},
  journal={Scientific Reports},
  volume={2},
  pages={845},
  year={2012},
  publisher={Nature Publishing Group}
}

@article{jackson2014culture,
  title={Culture-dependent strategies in coordination games},
  author={Jackson, Matthew O and Xing, Yiqing},
  journal={Proceedings of the National Academy of Sciences},
  volume={111},
  number={Supplement 3},
  pages={10889--10896},
  year={2014},
  publisher={National Acad Sciences}
}

@article{currarini2009economic,
  title={An economic model of friendship: Homophily, minorities, and segregation},
  author={Currarini, Sergio and Jackson, Matthew O and Pin, Paolo},
  journal={Econometrica},
  volume={77},
  number={4},
  pages={1003--1045},
  year={2009},
  publisher={Wiley Online Library}
}

@article{blume1993statistical,
  title={The statistical mechanics of strategic interaction},
  author={Blume, Lawrence E},
  journal={Games and economic behavior},
  volume={5},
  number={3},
  pages={387--424},
  year={1993},
  publisher={Elsevier}
}

@article{bollobas2002problems,
  title={Problems and results on judicious partitions},
  author={Bollob{\'a}s, B{\'e}la and Scott, Alex D},
  journal={Random Structures $\&$ Algorithms},
  volume={21},
  number={3-4},
  pages={414--430},
  year={2002},
  publisher={Wiley Online Library}
}

@article{galam2004contrarian,
  title={Contrarian deterministic effects on opinion dynamics:¡°the hung elections scenario¡±},
  author={Galam, Serge},
  journal={Physica A: Statistical Mechanics and its Applications},
  volume={333},
  pages={453--460},
  year={2004},
  publisher={Elsevier}
}

@article{cao2012rebels,
  title={Rebels lead to the doctrine of the mean: {O}pinion dynamic in a heterogeneous {D}e{G}root model},
  author={Cao, Zhigang and Yang, Mingmin and Qu, Xinglong and Yang, Xiaoguang},
  journal={arXiv preprint arXiv:1204.0161},
  year={2012}
}

@article{dandekar2013biased,
  title={Biased assimilation, homophily, and the dynamics of polarization},
  author={Dandekar, Pranav and Goel, Ashish and Lee, David T},
  journal={Proceedings of the National Academy of Sciences},
  volume={110},
  number={15},
  pages={5791--5796},
  year={2013},
  publisher={National Acad Sciences}
}

@article{bass1969new,
  title={A NEW PRODUCT GROWTH FOR MODEL CONSUMER DURABLES},
  author={Bass, Frank M},
  journal={Management Science},
  volume={15},
  number={5},
pages={215--227},
  year={1969}
}

@article{park2011herding,
  title={Herding and contrarian behavior in financial markets},
  author={Park, Andreas and Sabourian, Hamid},
  journal={Econometrica},
  volume={79},
  number={4},
  pages={973--1026},
  year={2011},
  publisher={Wiley Online Library}
}

@article{benvenuto2000fashion,
  title={Fashion: Georg {S}immel},
  author={Benvenuto, Sergio},
  journal={Journal of Artificial Societies and Social Simulation},
  volume={3},
  number={2},
  year={2000}
}

@article{amir2010symmetry,
  title={Symmetry-breaking in two-player games via strategic substitutes and diagonal nonconcavity: {A} synthesis},
  author={Amir, Rabah and Garcia, Filomena and Knauff, Malgorzata},
  journal={Journal of Economic Theory},
  volume={145},
  number={5},
  pages={1968--1986},
  year={2010},
  publisher={Academic Press}
}

@article{amir2008symmetric,
  title={Symmetric versus asymmetric equilibria in symmetric supermodular games},
  author={Amir, Rabah and Jakubczyk, Micha{\l} and Knauff, Ma{\l}gorzata},
  journal={International Journal of Game Theory},
  volume={37},
  number={3},
  pages={307--320},
  year={2008},
  publisher={Springer-Verlag}
}

@article{fey2012symmetric,
  title={Symmetric games with only asymmetric equilibria},
  author={Fey, Mark},
  journal={Games and Economic Behavior},
  volume={75},
  number={1},
  pages={424--427},
  year={2012},
  publisher={Elsevier}
}

@book{schelling1960strategy,
  title={The strategy of conflict},
  author={Schelling, Thomas C},
  year={1960},
  publisher={Harvard University Press}
}

@article{crawford1990learning,
  title={Learning how to cooperate: Optimal play in repeated coordination games},
  author={Crawford, Vincent P and Haller, Hans},
  journal={Econometrica},
volume={58},
number={3},
  pages={571--595},
  year={1990},
  publisher={JSTOR}
}

@book{robinson2005topology,
  title={The topology of the 2X2 games: {A} new periodic table},
  author={Robinson, David and Goforth, David},
   year={2005},
  publisher={Psychology Press}
}

@article{xefteris2015symmetric,
  title={Symmetric zero-sum games with only asymmetric equilibria},
  author={Xefteris, Dimitrios},
  journal={Games and Economic Behavior},
  volume={89},
  pages={122--125},
  year={2015},
  publisher={Elsevier}
}

@article{shi2013evolution,
  title={The evolution of beliefs over signed social networks},
  author={Shi, Guodong and Proutiere, Alexandre and Johansson, Mikael and Baras, John S and Johansson, Karl H},
  journal={arXiv preprint arXiv:1307.0539},
  year={2013}
}

@article{Kalai1982,
  title={Totally Balanced Games and Games of Flow},
  author={Ehud Kalai and Eitan Zemel},
  journal={Mathematics of Operations Research},
  volume={7(3)},
  pages={476-478},
  year={1982},
  publisher={INFORMS}
}