@INPROCEEDINGS{10632801_harish_dyspan,
  author={Dureppagari, Harish K. and Saha, Chiranjib and Dhillon, Harpreet S. and Buehrer, R. Michael},
  booktitle={2024 IEEE DySPAN}, 
  title={{UAV-Based 5G Localization for Emergency Response Using Signals of Opportunity}}, 
  year={2024},
  volume={},
  number={},
  pages={63-68},
  keywords={Performance evaluation;Location awareness;5G mobile communication;Integral equations;Emergency services;Physical layer;Iterative algorithms;Cellular Signals of Opportunity;Public Safety;CIR-based CRLB;SRS;UTDOA},
  doi={10.1109/DySPAN60163.2024.10632801}}

@ARTICLE{5464262,
  author={Yan, Junlin and Tiberius, Christian C. J. M. and Teunissen, Peter J. G. and Bellusci, Giovanni and Janssen, Gerard J. M.},
  journal={IEEE Trans. Signal Process.}, 
  title={{A Framework for Low Complexity Least-Squares Localization With High Accuracy}}, 
  year={2010},
  volume={58},
  number={9},
  pages={4836-4847}}

@INPROCEEDINGS{8947090_liu_weight_ippm,
  author={Liu, Tianwei and Tian, Shiwei and Li, Guangxia and Lu, Lu and Tian, Yuyang and Dai, Weiheng},
  booktitle={IEEE ICCT}, 
  title={{Cooperative Positioning via Weighted Parallel Projection for Wireless Sensor Networks}}, 
  year={2019},
  volume={},
  number={},
  pages={440-445},
  keywords={Peer-to-peer computing;Distance measurement;Iterative methods;Position measurement;Programmable logic arrays;Uncertainty;Wireless sensor networks;cooperative positioning;covariance propagation;parallel projection},
  doi={10.1109/ICCT46805.2019.8947090}}

@ARTICLE{8979252_liu_covar_ippm,
  author={Liu, Tianwei and Li, Guangxia and Lu, Lu and Li, Siming and Tian, Shiwei},
  journal={IEEE Trans. Wirel. Commun.}, 
  title={{Robust Hybrid Cooperative Positioning Via a Modified Distributed Projection-Based Method}}, 
  year={2020},
  volume={19},
  number={5},
  pages={3003-3018},
  keywords={Convergence;Uncertainty;Distance measurement;Satellites;Peer-to-peer computing;Global navigation satellite system;Linear programming;Cooperative positioning;weighted parallel projection;position uncertainty;distributed algorithm},
  doi={10.1109/TWC.2020.2969669}}

@article{ZHUO2024,
title = {{Low-complexity multi-target localization via multi-BS sensing}},
journal = { Digit. Commun. Netw.},
year = {2024},
issn = {2352-8648},
author = {Yinxiao Zhuo and Zhaocheng Wang},
}

@article{dureppagari2025algo,
  title={{A Novel Positioning Framework: Two-Stage Weighted Projection with NLOS Bias Modeling}},
  author={Dureppagari, Harish K and Buehrer, R Michael and Dhillon, Harpreet S},
  journal={arXiv:2502.xxxxx},
  year={2025}
}

@inproceedings{dureppagari2025icc,
  title={{A Novel Positioning Framework: Two-Stage Weighted Projection with NLOS Bias Modeling}},
  author={Dureppagari, Harish K. and Buehrer, R. Michael and Dhillon, Harpreet S.},
  year={submitted}
}

