@INPROCEEDINGS{10632801_harish_dyspan,
  author={Dureppagari, Harish K. and Saha, Chiranjib and Dhillon, Harpreet S. and Buehrer, R. Michael},
  booktitle={2024 IEEE DySPAN}, 
  title={{UAV-Based 5G Localization for Emergency Response Using Signals of Opportunity}}, 
  year={2024},
  volume={},
  number={},
  pages={63-68},
  keywords={Performance evaluation;Location awareness;5G mobile communication;Integral equations;Emergency services;Physical layer;Iterative algorithms;Cellular Signals of Opportunity;Public Safety;CIR-based CRLB;SRS;UTDOA},
  doi={10.1109/DySPAN60163.2024.10632801}}

@INPROCEEDINGS{8947090_liu_weight_ippm,
  author={Liu, Tianwei and Tian, Shiwei and Li, Guangxia and Lu, Lu and Tian, Yuyang and Dai, Weiheng},
  booktitle={IEEE ICCT}, 
  title={{Cooperative Positioning via Weighted Parallel Projection for Wireless Sensor Networks}}, 
  year={2019},
  volume={},
  number={},
  pages={440-445},
  keywords={Peer-to-peer computing;Distance measurement;Iterative methods;Position measurement;Programmable logic arrays;Uncertainty;Wireless sensor networks;cooperative positioning;covariance propagation;parallel projection},
  doi={10.1109/ICCT46805.2019.8947090}}

@ARTICLE{8979252_liu_covar_ippm,
  author={Liu, Tianwei and Li, Guangxia and Lu, Lu and Li, Siming and Tian, Shiwei},
  journal={IEEE Trans. Wirel. Commun.}, 
  title={{Robust Hybrid Cooperative Positioning Via a Modified Distributed Projection-Based Method}}, 
  year={2020},
  volume={19},
  number={5},
  pages={3003-3018},
  keywords={Convergence;Uncertainty;Distance measurement;Satellites;Peer-to-peer computing;Global navigation satellite system;Linear programming;Cooperative positioning;weighted parallel projection;position uncertainty;distributed algorithm},
  doi={10.1109/TWC.2020.2969669}}

@ARTICLE{9916207_liu_fast_ippm,
  author={Liu, Tianwei and Wei, Qihui and Tian, Shiwei},
  journal={IEEE Communications Letters}, 
  title={Fast IPPM for Distributed Cooperative Localization With Hybrid Information}, 
  year={2023},
  volume={27},
  number={1},
  pages={130-134},
  keywords={Location awareness;Convergence;Estimation;Computational modeling;Wireless sensor networks;Wireless communication;Simulation;Distributed cooperative localization;hybrid measurements;parallel projection;gradient descent with momentum},
  doi={10.1109/LCOMM.2022.3211175}}

@ARTICLE{5677549_tao_coop_ippm,
  author={Jia, Tao and Buehrer, R. Michael},
  journal={IEEE Trans. Mobile Comput.}, 
  title={{A Set-Theoretic Approach to Collaborative Position Location for Wireless Networks}}, 
  year={2011},
  volume={10},
  number={9},
  pages={1264-1275},
  keywords={Collaboration;Accuracy;Nonlinear optics;Mobile computing;Maximum likelihood estimation;Iterative methods;Noise;Collaborative position location;parallel projection method;Kaczmarz Algorithm;non-line-of-sight.},
  doi={10.1109/TMC.2010.260}}

@INPROCEEDINGS{5683693_toa_coop_mod_ippm,
  author={Jia, Tao and Buehrer, R. Michael},
  booktitle={IEEE GLOBECOM}, 
  title={{Collaborative Position Location for Wireless Networks Using Iterative Parallel Projection Method}}, 
  year={2010},
  volume={},
  number={},
  pages={1-6},
  keywords={Peer to peer computing;Noise;Iterative methods;Collaboration;Robustness;Maximum likelihood estimation},
  doi={10.1109/GLOCOM.2010.5683693}}

@INPROCEEDINGS{5670376_toa_nlos_mitigation_ippm,
  author={Jia, Tao and Buehrer, R. Michael},
  booktitle={2010 IEEE 21st International Symposium on Personal, Indoor and Mobile Radio Communications Workshops}, 
  title={Collaborative position location with NLOS mitigation}, 
  year={2010},
  volume={},
  number={},
  pages={267-271},
  keywords={Noise;Estimation;Accuracy;Distance measurement;Wireless sensor networks;Degradation;Iterative methods},
  doi={10.1109/PIMRCW.2010.5670376}}

@INPROCEEDINGS{dureppagari_uav1_10139944,
  author={Dureppagari, Harish K. and Emenonye, Don-Roberts and Dhillon, Harpreet S. and Buehrer, R. Michael},
  booktitle={IEEE/ION PLANS}, 
  title={{UAV-Aided Indoor Localization of Emergency Response Personnel}}, 
  year={2023},
  volume={},
  number={},
  pages={1241-1249},
  keywords={Location awareness;Uncertainty;Three-dimensional displays;Sensitivity;Time difference of arrival;Emergency services;Autonomous aerial vehicles;CRLB;TDOA;TOA;collaborative localization;NLOS bias;anchor location uncertainty;PEB},
  doi={10.1109/PLANS53410.2023.10139944}}

@article{3gpp::38811,
  Title                    = {{Technical Specification Group Radio Access Network; Study on New Radio (NR) to support non-terrestrial networks (Release 15)}},
  Author                   = {},
  Journal                  = {3GPP TR 38.811, version 15.4.0},
  Year                     = {2020}
}

@Article{MoeYuanP12010,
  Title                    = {Fundamental limits of wideband localization - Part {I}: A general framework},
  Author                   = {Y. Shen and M. Win},
  Journal                  = {IEEE Trans. Inf. Theory},
  Year                     = {2010},
  Month                    = oct,
  Number                   = {10},
  Pages                    = {4956 - 4980},
  Volume                   = {56}
}

@misc{luan2017fundamental,
      title={{Fundamental Performance Limits
on Time of Arrival Estimation
Accuracy with 5G Radio Access (Degree project)}}, 
      author={Luan, Dehan},
      year={2017},
      note = {{KTH Royal Institute of Technology Publications Database.}}
}

@Article{QiKo2006,
  Title                    = {{Analysis of wireless geolocation in a non-line-of-sight environment}},
  Author                   = {Y. Qi and H. Kobayashi and H. Suda},
  Journal                  = {IEEE Trans. Wirel. Commun.},
  Year                     = {2006},
  Month                    = mar,
  Number                   = {3},
  Pages                    = {672 - 681},
  Volume                   = {5}
}

@INPROCEEDINGS{4753258,
  author={Tao Jia and Buehrer, R. Michael},
  booktitle={IEEE MILCOM}, 
  title={{A new Cramer-Rao lower bound for TOA-based localization}}, 
  year={2008},
  volume={},
  number={},
  pages={1-5}}

@ARTICLE{6427618,
  author={Hara, Shinsuke and Anzai, Daisuke and Yabu, Tomofumi and Lee, Kyesan and Derham, Thomas and Zemek, Radim},
  journal={IEEE Trans. Commun.}, 
  title={{A Perturbation Analysis on the Performance of TOA and TDOA Localization in Mixed LOS/NLOS Environments}}, 
  year={2013},
  volume={61},
  number={2},
  pages={679-689},
  keywords={Computer simulation;Channel estimation;Delay;Vectors;Nonlinear optics;Estimation;Perturbation methods;TOA;TDOA;NLOS;perturbation method},
  doi={10.1109/TCOMM.2013.012313.110509}}

@Article{3gpp::38211,
  Title                    = {{Technical Specification Group Radio Access Network;
NR;
Physical channels and modulation
(Release 18)
}},
  Author                   = {},
  Journal                  = {3GPP TS 38.211, version 18.0.0},
  Year                     = {2023},
  Month                    = Sep
}

@Article{3gpp::38901,
  Title                    = {{Technical Specification Group Radio Access Network;
Study on channel model for frequencies from 0.5 to 100 GHz
(Release 18)
}},
  Author                   = {},
  Journal                  = {3GPP TR 38.901, version 18.0.0},
  Year                     = {2024},
  Month                    = Mar
}

@Article{3gpp::36814,
  Title                    = {{Technical Specification Group Radio Access Network;
Evolved Universal Terrestrial Radio Access (E-UTRA); Further advancements for E-UTRA physical layer aspects
(Release 9)
}},
  Author                   = {},
  Journal                  = {3GPP TR 36.814, version 9.2.0}
}

@misc{kay1993fundamentals,
  title={{Fundamentals of Statistical Signal Processing: Estimation Theory}},
  author={Kay, Steven M},
  year={1993},
  publisher={Prentice Hall}
}

@article{buehrer2019handbook,
  title={{Handbook of Position Location: Theory, Practice, and Advances}},
  author={Zekavat, Reza and Buehrer, R Michael},
  year={2019},
  publisher={John Wiley \& Sons}
}

@ARTICLE{dureppagari_ntn_10355106,
  author={Dureppagari, Harish K. and Saha, Chiranjib and Dhillon, Harpreet S. and Buehrer, R. Michael},
  journal={IEEE Wirel. Commun.}, 
  title={{NTN-Based 6G Localization: Vision, Role of LEOs, and Open Problems}}, 
  year={2023},
  volume={30},
  number={6},
  pages={44-51},
  keywords={6G mobile communication;Location awareness;Global navigation satellite system;Satellites;5G mobile communication;Tariffs;Low earth orbit satellites},
  doi={10.1109/MWC.007.2300224}}

@article{dureppagari2024leo,
  title={{LEO-based Positioning: Foundations, Signal Design, and Receiver Enhancements for 6G NTN}},
  author={Dureppagari, Harish K and Saha, Chiranjib and Krishnamurthy, Harikumar and Wang, Xiao Feng and Rico-Alvari{\~n}o, Alberto and Buehrer, R Michael and Dhillon, Harpreet S},
  journal={arXiv:2410.18301},
  year={2024}
}

@ARTICLE{539767,
  author={Berrou, C. and Glavieux, A.},
  journal={IEEE Trans. Commun.}, 
  title={{Near optimum error correcting coding and decoding: turbo-codes}}, 
  year={1996},
  volume={44},
  number={10},
  pages={1261-1271},
  keywords={Error correction;Turbo codes;Convolutional codes;Iterative decoding;Bit error rate;Interleaved codes;Channel coding;Silicon;Convolution;Modulation coding},
  doi={10.1109/26.539767}}

@INPROCEEDINGS{6268731,
  author={Vaghefi, Reza Monir and Buehrer, R. Michael},
  booktitle={IEEE WPNC}, 
  title={{Cooperative sensor localization with NLOS mitigation using semidefinite programming}}, 
  year={2012},
  volume={},
  number={},
  pages={13-18},
  keywords={Nonlinear optics;Maximum likelihood estimation;Accuracy;Minimization;Noise measurement;Position measurement;Noise;time-of-arrival (TOA);cooperative localization;non-line-of-sight (NLOS) environment;semidefinite programming (SDP)},
  doi={10.1109/WPNC.2012.6268731}}

@ARTICLE{8241388,
  author={Su, Zhenqiang and Shao, Genfu and Liu, Huaping},
  journal={IEEE Commun. Lett.}, 
  title={{Semidefinite Programming for NLOS Error Mitigation in TDOA Localization}}, 
  year={2018},
  volume={22},
  number={7},
  pages={1430-1433},
  keywords={Receivers;Convex functions;Programming;Error analysis;Optimization;Noise measurement;Transmitters;Time-difference-of-arrival (TDOA) positioning;non-line-of-sight (NLOS);semidefinite programming (SDP)},
  doi={10.1109/LCOMM.2017.2787739}}

BibTeX
@article{10.1145/1138127.1138129,
author = {Costa, Jose A. and Patwari, Neal and Hero, Alfred O.},
title = {{Distributed weighted-multidimensional scaling for node localization in sensor networks}},
year = {2006},
publisher = {Association for Computing Machinery},
address = {New York, NY, USA},
volume = {2},
number = {1},
issn = {1550-4859},
journal = {ACM Trans. Sen. Netw.},
month = feb,
pages = {39-64}
}

@ARTICLE{5342507,
  author={Wei, He-Wen and Peng, Rong and Wan, Qun and Chen, Zhang-Xin and Ye, Shang-Fu},
  journal={IEEE Trans. Signal Process.}, 
  title={{Multidimensional Scaling Analysis for Passive Moving Target Localization With TDOA and FDOA Measurements}}, 
  year={2010},
  volume={58},
  number={3},
  pages={1677-1688}}

@article{Bhatti2018MachineLB,
  title={{Machine Learning Based Localization in Large-Scale Wireless Sensor Networks}},
  author={Ghulam M. Bhatti},
  journal={Sensors},
  year={2018},
  volume={18},
}

@article{tian2023highprecisionmachinelearningbasedindoor,
      title={{High-Precision Machine-Learning Based Indoor Localization with Massive MIMO System}}, 
      author={Guoda Tian and Ilayda Yaman and Michiel Sandra and Xuesong Cai and Liang Liu and Fredrik Tufvesson},
      year={2023},
      journal={arXiv:2303.03743}
}

@ARTICLE{10329418,
  author={Kwon, Hyeokhyen and Hegde, Chaitra and Kiarashi, Yashar and Madala, Venkata Siva Krishna and Singh, Ratan and Nakum, ArjunSinh and Tweedy, Robert and Tonetto, Leandro Miletto and Zimring, Craig M. and Doiron, Matthew and Rodriguez, Amy D. and Levey, Allan I. and Clifford, Gari D.},
  journal={IEEE J-ISPIN}, 
  title={{A Feasibility Study on Indoor Localization and Multiperson Tracking Using Sparsely Distributed Camera Network With Edge Computing}}, 
  year={2023},
  volume={1},
  number={},
  pages={187-198}}


@article{10.1007/s00521-021-06815-9,
author = {Zhang, Xuejun and He, Fucun and Chen, Qian and Jiang, Xinlong and Bao, Junda and Ren, Tongwei and Du, Xiaogang},
title = {{A differentially private indoor localization scheme with fusion of WiFi and bluetooth fingerprints in edge computing}},
year = {2022},
publisher = {Springer-Verlag},
address = {Berlin, Heidelberg},
volume = {34},
number = {6},
issn = {0941-0643},
journal = {Neural Comput. Appl.},
month = mar,
pages = {4111-4132},
numpages = {22}
}

@misc{huang2022edgeroboticsedgecomputingacceleratedmultirobot,
      title={Edge Robotics: Edge-Computing-Accelerated Multi-Robot Simultaneous Localization and Mapping}, 
      author={Peng Huang and Liekang Zeng and Xu Chen and Ke Luo and Zhi Zhou and Shuai Yu},
      year={2022},
      eprint={2112.13222},
      archivePrefix={arXiv},
      primaryClass={cs.RO},
      url={https://arxiv.org/abs/2112.13222}, 
}

@article{SAAD20184219,
title = {{Recent achievements in sensor localization algorithms}},
journal = {Alexandria Engineering Journal},
volume = {57},
number = {4},
pages = {4219-4228},
year = {2018},
issn = {1110-0168},
author = {Eman Saad and Mostafa Elhosseini and Amira Yassin Haikal}
}

@article{ZHUO2024,
title = {{Low-complexity multi-target localization via multi-BS sensing}},
journal = { Digit. Commun. Netw.},
year = {2024},
issn = {2352-8648},
author = {Yinxiao Zhuo and Zhaocheng Wang},
}

@ARTICLE{10278467,
  author={Zhang, Yue and Chen, Li and Chen, Xiaohui and Wang, Weidong},
  journal={IEEE Commun. Lett.}, 
  title={{A Low-Complexity Soft Localization Algorithm Based on Expectation Propagation}}, 
  year={2023},
  volume={27},
  number={11},
  pages={2958-2962},
  keywords={Location awareness;Probabilistic logic;Measurement uncertainty;Delays;Computational modeling;Computational complexity;Wireless communication;Soft localization;factor graphs;expectation propagation;low complexity},
  doi={10.1109/LCOMM.2023.3323768}}

@ARTICLE{5464262,
  author={Yan, Junlin and Tiberius, Christian C. J. M. and Teunissen, Peter J. G. and Bellusci, Giovanni and Janssen, Gerard J. M.},
  journal={IEEE Trans. Signal Process.}, 
  title={{A Framework for Low Complexity Least-Squares Localization With High Accuracy}}, 
  year={2010},
  volume={58},
  number={9},
  pages={4836-4847}}

@ARTICLE{10634076,
  author={Munier, Florent and Xiong, Zhilan and Shreevastav, Ritesh and Jiang, Xiaolin and Lyazidi, Yazid and Shrestha, Deep and Zhang, Chunhui and Lindmark, Gustav and Nygren, Johannes and Moloudi, Saeedeh and Dwivedi, Satyam and Gunnarsson, Fredrik},
  journal={IEEE Commun. Mag.}, 
  title={{Positioning of RedCap Devices in 5G Networks}}, 
  year={2024},
  volume={62},
  number={8},
  pages={110-116},
  keywords={Performance evaluation;Radio frequency;Wireless sensor networks;Accuracy;Phase measurement;5G mobile communication;Bandwidth},
  doi={10.1109/MCOM.001.2300802}}

@article{dureppagari2025algo,
  title={{A Novel Positioning Framework: Two-Stage Weighted Projection with NLOS Bias Modeling}},
  author={Dureppagari, Harish K and Buehrer, R Michael and Dhillon, Harpreet S},
  journal={arXiv:2502.xxxxx},
  year={2025}
}

@Article{3gpp::38355,
  Title                    = {{Technical Specification Group Radio Access Network; NR; Sidelink Positioning Protocol (SLPP); Protocol specification (Release 18)}},
  Author                   = {},
  Journal                  = {3GPP TS 38355, version 18.4.0},
  Year                     = {2024},
  Month                    = Dec
}

@ARTICLE{9810941,
  author={Coppens, Dieter and Shahid, Adnan and Lemey, Sam and Van Herbruggen, Ben and Marshall, Chris and De Poorter, Eli},
  journal={IEEE Access}, 
  title={{An Overview of UWB Standards and Organizations (IEEE 802.15.4, FiRa, Apple): Interoperability Aspects and Future Research Directions}}, 
  year={2022},
  volume={10},
  number={},
  pages={70219-70241}}

@inproceedings{ibrahim2018verification,
  title={{Verification: Accuracy evaluation of WiFi fine time measurements on an open platform}},
  author={Ibrahim, Mohamed and Liu, Hansi and Jawahar, Minitha and Nguyen, Viet and Gruteser, Marco and Howard, Richard and Yu, Bo and Bai, Fan},
  booktitle={ACM MobiCom},
  pages={417--427},
  year={2018}
}

@INPROCEEDINGS{5156463,
  author={Kosheleva, Olga},
  booktitle={NAFIPS}, 
  title={{Babylonian method of computing the square root: Justifications based on fuzzy techniques and on computational complexity}}, 
  year={2009},
  volume={},
  number={},
  pages={1-6}}

@article{murphy_topel,
 author = {Kevin M. Murphy and Robert H. Topel},
 journal = {J. Bus. Econ. Stat.},
 number = {4},
 pages = {370--379},
 publisher = {[American Statistical Association, Taylor & Francis, Ltd.]},
 title = {{Estimation and Inference in Two-Step Econometric Models}},
 urldate = {2025-02-14},
 volume = {3},
 year = {1985}
}

@article{mandic_train,
    author = {Karaca-Mandic, Pinar and Train, Kenneth},
    title = {{Standard error correction in two-stage estimation with nested samples}},
    journal = {Econom. J.},
    volume = {6},
    number = {2},
    pages = {401-407},
    year = {2003},
    month = {11},
}

@inproceedings{dureppagari2025icc,
  title={{A Novel Positioning Framework: Two-Stage Weighted Projection with NLOS Bias Modeling}},
  author={Dureppagari, Harish K. and Buehrer, R. Michael and Dhillon, Harpreet S.},
  year={submitted}
}