@article{AnshelevichBEPS18,
  author       = {Elliot Anshelevich and
                  Onkar Bhardwaj and
                  Edith Elkind and
                  John Postl and
                  Piotr Skowron},
  title        = {Approximating optimal social choice under metric preferences},
  journal      = {Artif. Intell.},
  volume       = {264},
  pages        = {27--51},
  year         = {2018}
}

@article{AnshelevichFSV21,
  author       = {Elliot Anshelevich and
                  Aris Filos{-}Ratsikas and
                  Nisarg Shah and
                  Alexandros A. Voudouris},
  title        = {Distortion in social choice problems: {A}n annotated reading list},
  journal      = {SIGecom Exch.},
  volume       = {19},
  number       = {1},
  pages        = {12--14},
  year         = {2021}
}

@article{AnshelevichP17,
  author       = {Elliot Anshelevich and
                  John Postl},
  title        = {Randomized Social Choice Functions Under Metric Preferences},
  journal      = {J. Artif. Intell. Res.},
  volume       = {58},
  pages        = {797--827},
  year         = {2017}
}

@inproceedings{CaragiannisM024,
  author       = {Ioannis Caragiannis and
                  Evi Micha and
                  Jannik Peters},
  title        = {Can a Few Decide for Many? {T}he Metric Distortion of Sortition},
  booktitle    = {Forty-first International Conference on Machine Learning, {ICML} 2024,
                  Vienna, Austria, July 21-27, 2024},
  publisher    = {OpenReview.net},
  year         = {2024}
}

@inproceedings{CharikarR22,
  author       = {Moses Charikar and
                  Prasanna Ramakrishnan},
  editor       = {Joseph (Seffi) Naor and
                  Niv Buchbinder},
  title        = {Metric Distortion Bounds for Randomized Social Choice},
  booktitle    = {Proceedings of the 2022 {ACM-SIAM} Symposium on Discrete Algorithms,
                  {SODA} 2022, Virtual Conference / Alexandria, VA, USA, January 9 -
                  12, 2022},
  pages        = {2986--3004},
  publisher    = {{SIAM}},
  year         = {2022}
}

@inproceedings{CharikarWRW24,
  author       = {Moses Charikar and
                  Kangning Wang and
                  Prasanna Ramakrishnan and
                  Hongxun Wu},
  editor       = {David P. Woodruff},
  title        = {Breaking the Metric Voting Distortion Barrier},
  booktitle    = {Proceedings of the 2024 {ACM-SIAM} Symposium on Discrete Algorithms,
                  {SODA} 2024, Alexandria, VA, USA, January 7-10, 2024},
  pages        = {1621--1640},
  publisher    = {{SIAM}},
  year         = {2024}
}

@article{Distributed,
title = {The distortion of distributed metric social choice},
journal = {Artificial Intelligence},
volume = {308},
pages = {103713},
year = {2022},
issn = {0004-3702},
doi = {https://doi.org/10.1016/j.artint.2022.103713},
url = {https://www.sciencedirect.com/science/article/pii/S0004370222000534},
author = {Elliot Anshelevich and Aris Filos-Ratsikas and Alexandros A. Voudouris}
}

@inproceedings{FainFM20,
  author       = {Brandon Fain and
                  William Fan and
                  Kamesh Munagala},
  editor       = {Christian Bessiere},
  title        = {Concentration of Distortion: The Value of Extra Voters in Randomized
                  Social Choice},
  booktitle    = {Proceedings of the Twenty-Ninth International Joint Conference on
                  Artificial Intelligence, {IJCAI} 2020},
  pages        = {110--116},
  publisher    = {ijcai.org},
  year         = {2020}
}

@inproceedings{FainGMP19,
  author       = {Brandon Fain and
                  Ashish Goel and
                  Kamesh Munagala and
                  Nina Prabhu},
  title        = {Random Dictators with a Random Referee: Constant Sample Complexity
                  Mechanisms for Social Choice},
  booktitle    = {The Thirty-Third {AAAI} Conference on Artificial Intelligence, {AAAI}
                  2019, Honolulu, Hawaii,
                  USA, January 27 - February 1, 2019},
  pages        = {1893--1900},
  publisher    = {{AAAI} Press},
  year         = {2019}
}

@inproceedings{FainGMS17,
  author       = {Brandon Fain and
                  Ashish Goel and
                  Kamesh Munagala and
                  Sukolsak Sakshuwong},
  editor       = {Nikhil R. Devanur and
                  Pinyan Lu},
  title        = {Sequential Deliberation for Social Choice},
  booktitle    = {Web and Internet Economics - 13th International Conference, {WINE}
                  2017, Bangalore, India, December 17-20, 2017, Proceedings},
  series       = {Lecture Notes in Computer Science},
  volume       = {10660},
  pages        = {177--190},
  publisher    = {Springer},
  year         = {2017}
}

@inproceedings{FlaniganPW23,
  author       = {Bailey Flanigan and
                  Ariel D. Procaccia and
                  Sven Wang},
  editor       = {Kevin Leyton{-}Brown and
                  Jason D. Hartline and
                  Larry Samuelson},
  title        = {Distortion Under Public-Spirited Voting},
  booktitle    = {Proceedings of the 24th {ACM} Conference on Economics and Computation,
                  {EC} 2023, London, United Kingdom, July 9-12, 2023},
  pages        = {700},
  publisher    = {{ACM}},
  year         = {2023}
}

@inproceedings{Gkatzelis0020,
  author       = {Vasilis Gkatzelis and
                  Daniel Halpern and
                  Nisarg Shah},
  editor       = {Sandy Irani},
  title        = {Resolving the Optimal Metric Distortion Conjecture},
  booktitle    = {61st {IEEE} Annual Symposium on Foundations of Computer Science, {FOCS}
                  2020, Durham, NC, USA, November 16-19, 2020},
  pages        = {1427--1438},
  publisher    = {{IEEE}},
  year         = {2020}
}

@inproceedings{GoelLee,
author = {Goel, Ashish and Lee, David T.},
title = {Towards Large-Scale Deliberative Decision-Making: Small Groups and the Importance of Triads},
year = {2016},
isbn = {9781450339360},
publisher = {Association for Computing Machinery},
address = {New York, NY, USA},
booktitle = {Proceedings of the 2016 ACM Conference on Economics and Computation},
pages = {287–303},
numpages = {17},
location = {Maastricht, The Netherlands},
series = {EC '16}
}

@article{Ingham18,
 author = {Sean Ingham and Ines Levin},
 journal = {Political Research Quarterly},
 number = {3},
 pages = {654--667},
 publisher = {[University of Utah, Sage Publications, Inc.]},
 title = {Can Deliberative Minipublics Influence Public Opinion? {T}heory and Experimental Evidence},
 urldate = {2024-10-02},
 volume = {71},
 year = {2018}
}

@article{Kempe_2020, 
title={An Analysis Framework for Metric Voting based on {LP} Duality}, 
volume={34}, 
number={02}, 
journal={Proceedings of the AAAI Conference on Artificial Intelligence}, 
author={Kempe, David}, 
year={2020}, 
month={Apr.}, 
pages={2079-2086} 
}

@inproceedings{Kizilkaya022,
  author       = {Fatih Erdem Kizilkaya and
                  David Kempe},
  editor       = {Luc De Raedt},
  title        = {Plurality Veto: {A} Simple Voting Rule Achieving Optimal Metric Distortion},
  booktitle    = {Proceedings of the Thirty-First International Joint Conference on
                  Artificial Intelligence, {IJCAI} 2022, Vienna, Austria, 23-29 July
                  2022},
  pages        = {349--355},
  publisher    = {ijcai.org},
  year         = {2022}
}

@inproceedings{MunagalaW19,
  author       = {Kamesh Munagala and
                  Kangning Wang},
  editor       = {Anna R. Karlin and
                  Nicole Immorlica and
                  Ramesh Johari},
  title        = {Improved Metric Distortion for Deterministic Social Choice Rules},
  booktitle    = {Proceedings of the 2019 {ACM} Conference on Economics and Computation,
                  {EC} 2019, Phoenix, AZ, USA, June 24-28, 2019},
  pages        = {245--262},
  publisher    = {{ACM}},
  year         = {2019}
}

@inproceedings{ProcacciaR06,
author = {Procaccia, Ariel D. and Rosenschein, Jeffrey S.},
title = {The distortion of cardinal preferences in voting},
year = {2006},
publisher = {Springer-Verlag},
address = {Berlin, Heidelberg},
booktitle = {Proceedings of the 10th International Conference on Cooperative Information Agents},
pages = {317–331},
numpages = {15},
location = {Edinburgh, UK},
series = {CIA'06}
}

@InProceedings{Strength,
author="Abramowitz, Ben
and Anshelevich, Elliot
and Zhu, Wennan",
editor="Caragiannis, Ioannis
and Mirrokni, Vahab
and Nikolova, Evdokia",
title="Awareness of Voter Passion Greatly Improves the Distortion of Metric Social Choice",
booktitle="Web and Internet Economics",
year="2019",
publisher="Springer International Publishing",
address="Cham",
pages="3--16"
}

@article{dryzek2011toward,
  title={Toward a deliberative global citizens’ assembly},
  author={Dryzek, John S and B{\"a}chtiger, Andr{\'e} and Milewicz, Karolina},
  journal={Global Policy},
  volume={2},
  number={1},
  pages={33--42},
  year={2011},
  publisher={Wiley Online Library}
}

@book{fishkin1991democracy,
  title={Democracy and Deliberation: New Directions for Democratic Reform},
  author={Fishkin, J.S.},
  isbn={9780300156683},
  url={https://books.google.com/books?id=kmTFnQAACAAJ},
  year={1991},
  publisher={Yale University Press}
}

@misc{mismatch,
title={Mismatch},
howpublished ={{\tt https://mismatch.org/}}
}

@misc{myjunto,
title={MyJunto},
howpublished ={{\tt https://myjunto.app/home/}}
}

@misc{stanfordd,
title={Online Deliberation Platform},
howpublished = {{\tt https://stanforddeliberate.org/}}
}

@article{warren2008designing,
  title={Designing deliberative democracy: The {B}ritish {C}olumbia citizens' assembly},
  author={Warren, Mark E and Pearse, Hilary},
  year={2008}
}

