@misc{Boenisch2021When,
	url = {https://arxiv.org/abs/2112.02918},
	author = {Boenisch, Franziska and Dziedzic, Adam and Schuster, Roei and Shamsabadi, Ali Shahin and Shumailov, Ilia and Papernot, Nicolas},
	keywords = {Machine Learning (cs.LG), Cryptography and Security (cs.CR), Distributed, Parallel, and Cluster Computing (cs.DC), FOS: Computer and information sciences, FOS: Computer and information sciences},
	title = {When the Curious Abandon Honesty: Federated Learning Is Not Private},
	publisher = {arXiv},
	year = {2021},
	copyright = {arXiv.org perpetual, non-exclusive license}
}

@InProceedings{Hatamizadeh2022GradViT,
	author    = {Hatamizadeh, Ali and Yin, Hongxu and Roth, Holger R. and Li, Wenqi and Kautz, Jan and Xu, Daguang and Molchanov, Pavlo},
	title     = {GradViT: Gradient Inversion of Vision Transformers},
	booktitle = {Proceedings of the IEEE/CVF Conference on Computer Vision and Pattern Recognition (CVPR)},
	month     = {June},
	year      = {2022},
	pages     = {10021-10030}
}

@article{Khosravy2022Model,
	author = {Mahdi Khosravy and Kazuaki Nakamura and Yuki Hirose and Naoko Nitta and Noboru Babaguchi},
	doi = {10.1109/TIFS.2022.3140687},
	issn = {15566021},
	journal = {IEEE Transactions on Information Forensics and Security},
	keywords = {Media clone,cybersecurity,deep generative model,deep learning,face recognition system,model inversion attack},
	pages = {357-372},
	publisher = {Institute of Electrical and Electronics Engineers Inc.},
	title = {Model Inversion Attack by Integration of Deep Generative Models: Privacy-Sensitive Face Generation from a Face Recognition System},
	volume = {17},
	year = {2022},
}

@ARTICLE{Song2020Analyzing,
	author={Song, Mengkai and Wang, Zhibo and Zhang, Zhifei and Song, Yang and Wang, Qian and Ren, Ju and Qi, Hairong},
	journal={IEEE Journal on Selected Areas in Communications}, 
	title={Analyzing User-Level Privacy Attack Against Federated Learning}, 
	year={2020},
	volume={38},
	number={10},
	pages={2430-2444},
	doi={10.1109/JSAC.2020.3000372}}

@ARTICLE{Yang2023compress,
	author={Yang, Haomiao and Ge, Mengyu and Xiang, Kunlan and Li, Jingwei},
	journal={IEEE Transactions on Information Forensics and Security}, 
	title={Using Highly Compressed Gradients in Federated Learning for Data Reconstruction Attacks}, 
	year={2023},
	volume={18},
	number={},
	pages={818-830},
	doi={10.1109/TIFS.2022.3227761}}

@inproceedings{Yin2021see,
	title={See through gradients: Image batch recovery via gradinversion},
	author={Yin, Hongxu and Mallya, Arun and Vahdat, Arash and Alvarez, Jose M and Kautz, Jan and Molchanov, Pavlo},
	booktitle={Proceedings of the IEEE/CVF Conference on Computer Vision and Pattern Recognition},
	pages={16337--16346},
	year={2021}
}

@inproceedings{Zhu2020DLG,
	author = {Zhu, Ligeng and Liu, Zhijian and Han, Song},
	booktitle = {Advances in Neural Information Processing Systems},
	editor = {H. Wallach and H. Larochelle and A. Beygelzimer and F. d\textquotesingle Alch\'{e}-Buc and E. Fox and R. Garnett},
	pages = {},
	publisher = {Curran Associates, Inc.},
	title = {Deep Leakage from Gradients},
    url ={https://proceedings.neurips.cc/paper/2019/file/60a6c4002cc7b29142def8871531281a-Paper.pdf},
	volume = {32},
	year = {2019}
}

@inproceedings{fowl2022robbing,
	title={Robbing the Fed:  Directly Obtaining Private Data in Federated Learning with Modified Models},
	author={Liam H Fowl and Jonas Geiping and Wojciech Czaja and Micah Goldblum and Tom Goldstein},
	booktitle={International Conference on Learning Representations},
	year={2022},
	url={https://openreview.net/forum?id=fwzUgo0FM9v}
}

@misc{ganev2023inadequacy,
      title={On the Inadequacy of Similarity-based Privacy Metrics: Reconstruction Attacks against "Truly Anonymous Synthetic Data''}, 
      author={Georgi Ganev and Emiliano De Cristofaro},
      year={2023},
      eprint={2312.05114},
      archivePrefix={arXiv},
      primaryClass={cs.CR}
}

@misc{goodfellow2014GAN,
	url = {https://arxiv.org/abs/1406.2661},
	author = {Goodfellow, Ian J. and Pouget-Abadie, Jean and Mirza, Mehdi and Xu, Bing and Warde-Farley, David and Ozair, Sherjil and Courville, Aaron and Bengio, Yoshua},
	keywords = {Machine Learning (stat.ML), Machine Learning (cs.LG), FOS: Computer and information sciences, FOS: Computer and information sciences},
	title = {Generative Adversarial Networks},
	publisher = {arXiv},
	year = {2014},
	copyright = {arXiv.org perpetual, non-exclusive license}
}

@article{jeon2021gradient,
	title={Gradient inversion with generative image prior},
	author={Jeon, Jinwoo and Lee, Kangwook and Oh, Sewoong and Ok, Jungseul and others},
	journal={Advances in Neural Information Processing Systems},
	volume={34},
	pages={29898--29908},
	year={2021}
}

@article{yuan2021beyond,
	title={Beyond class-level privacy leakage: Breaking record-level privacy in federated learning},
	author={Yuan, Xiaoyong and Ma, Xiyao and Zhang, Lan and Fang, Yuguang and Wu, Dapeng},
	journal={IEEE Internet of Things Journal},
	volume={9},
	number={4},
	pages={2555--2565},
	year={2021},
	publisher={IEEE}
}

