@InProceedings{GilmerSchoenholzRiley2017,
  title = 	 {Neural Message Passing for Quantum Chemistry},
  author =       {Justin Gilmer and Samuel S. Schoenholz and Patrick F. Riley and Oriol Vinyals and George E. Dahl},
  booktitle = 	 {Proceedings of the 34th International Conference on Machine Learning},
  pages = 	 {1263--1272},
  year = 	 {2017},
  editor = 	 {Precup, Doina and Teh, Yee Whye},
  volume = 	 {70},
  series = 	 {Proceedings of Machine Learning Research},
  month = 	 {06--11 Aug},
  publisher =    {PMLR},
  pdf = 	 {http://proceedings.mlr.press/v70/gilmer17a/gilmer17a.pdf},
  url = 	 {https://proceedings.mlr.press/v70/gilmer17a.html},
}

@article{defferrard2016convolutional,
  title={Convolutional neural networks on graphs with fast localized spectral filtering},
  author={Defferrard, Micha{\"e}l and Bresson, Xavier and Vandergheynst, Pierre},
  journal={Advances in Neural Information Processing Systems},
  volume={29},
  year={2016}
}

@article{haghverdi2016diffusion,
  title={Diffusion pseudotime robustly reconstructs lineage branching},
  author={Haghverdi, Laleh and B{\"u}ttner, Maren and Wolf, F Alexander and Buettner, Florian and Theis, Fabian J},
  journal={Nature methods},
  volume={13},
  number={10},
  pages={845--848},
  year={2016},
  publisher={Nature Publishing Group}
}

@article{jiang2022graph,
  title={Graph neural network for traffic forecasting: A survey},
  author={Jiang, Weiwei and Luo, Jiayun},
  journal={Expert systems with applications},
  volume={207},
  pages={117921},
  year={2022},
  publisher={Elsevier}
}

@article{li2020scalable,
  title={Scalable gradients for stochastic differential equations},
  author={Li, Xuechen and Wong, Ting-Kam Leonard and Chen, Ricky T. Q. and Duvenaud, David},
  journal={International Conference on Artificial Intelligence and Statistics},
  year={2020}
}

@article{mosspseudotime,
  title={Pseudotime Diffusion},
  author={Moss, Jacob D and England, Jeremy L and Petach, Israel and Li{\'o}, Pietro},
  journal = {Machine Learning and the Physical Sciences Workshop, NeurIPS},
  year ={2023} 
}

@article{sharma2024survey,
  title={A survey of graph neural networks for social recommender systems},
  author={Sharma, Kartik and Lee, Yeon-Chang and Nambi, Sivagami and Salian, Aditya and Shah, Shlok and Kim, Sang-Wook and Kumar, Srijan},
  journal={ACM Computing Surveys},
  volume={56},
  number={10},
  pages={1--34},
  year={2024},
  publisher={ACM New York, NY}
}

@article{trapnell2014dynamics,
  title={The dynamics and regulators of cell fate decisions are revealed by pseudotemporal ordering of single cells},
  author={Trapnell, Cole and Cacchiarelli, Davide and Grimsby, Jonna and Pokharel, Prapti and Li, Shuqiang and Morse, Michael and Lennon, Niall J and Livak, Kenneth J and Mikkelsen, Tarjei S and Rinn, John L},
  journal={Nature biotechnology},
  volume={32},
  number={4},
  pages={381--386},
  year={2014},
  publisher={Nature Publishing Group US New York}
}

@article{wei2021dtflow,
  title={DTFLOW: inference and visualization of single-cell pseudotime trajectory using diffusion propagation},
  author={Wei, Jiangyong and Zhou, Tianshou and Zhang, Xinan and Tian, Tianhai},
  journal={Genomics, Proteomics and Bioinformatics},
  volume={19},
  number={2},
  pages={306--318},
  year={2021},
  publisher={Oxford University Press}
}

@article{wu2018moleculenet,
  title={MoleculeNet: a benchmark for molecular machine learning},
  author={Wu, Zhenqin and Ramsundar, Bharath and Feinberg, Evan N and Gomes, Joseph and Geniesse, Caleb and Pappu, Aneesh S and Leswing, Karl and Pande, Vijay},
  journal={Chemical science},
  volume={9},
  number={2},
  pages={513--530},
  year={2018},
  publisher={Royal Society of Chemistry}
}

@article{wu2020comprehensive,
  title={A comprehensive survey on graph neural networks},
  author={Wu, Zonghan and Pan, Shirui and Chen, Fengwen and Long, Guodong and Zhang, Chengqi and Philip, S Yu},
  journal={IEEE transactions on Neural Networks and Learning Systems},
  volume={32},
  number={1},
  pages={4--24},
  year={2020},
  publisher={IEEE}
}

@inproceedings{yang2016revisiting,
  title={Revisiting semi-supervised learning with graph embeddings},
  author={Yang, Zhilin and Cohen, William and Salakhudinov, Ruslan},
  booktitle={International Conference on Machine Learning},
  pages={40--48},
  year={2016},
  organization={PMLR}
}

@article{zhang2022graph,
  title={Graph neural network approaches for drug-target interactions},
  author={Zhang, Zehong and Chen, Lifan and Zhong, Feisheng and Wang, Dingyan and Jiang, Jiaxin and Zhang, Sulin and Jiang, Hualiang and Zheng, Mingyue and Li, Xutong},
  journal={Current Opinion in Structural Biology},
  volume={73},
  pages={102327},
  year={2022},
  publisher={Elsevier}
}

