@inproceedings{pmlr-v37-lima15,
  title = 	 {Double Nystr\"om Method: An Efficient and Accurate Nystr\"om Scheme for Large-Scale Data Sets},
  author = 	 {Lim, Woosang and Kim, Minhwan and Park, Haesun and Jung, Kyomin},
  booktitle = 	 {Proceedings of the 32nd International Conference on Machine Learning},
  pages = 	 {1367--1375},
  year = 	 {2015},
  volume = 	 {37}
}

@inproceedings{liu2019geniepath,
  title={Geniepath: Graph neural networks with adaptive receptive paths},
  author={Liu, Ziqi and Chen, Chaochao and Li, Longfei and Zhou, Jun and Li, Xiaolong and Song, Le and Qi, Yuan},
  booktitle={Proceedings of the AAAI conference on artificial intelligence},
  volume={33},
  number={01},
  pages={4424--4431},
  year={2019}
}
@book{kutz2016dynamic,
  title={Dynamic mode decomposition: data-driven modeling of complex systems},
  author={Kutz, J Nathan and Brunton, Steven L and Brunton, Bingni W and Proctor, Joshua L},
  year={2016},
  publisher={SIAM}
}
@article{pedregosa2011scikit,
  title={Scikit-learn: Machine learning in Python},
  author={Pedregosa, Fabian and Varoquaux, Ga{\"e}l and Gramfort, Alexandre and Michel, Vincent and Thirion, Bertrand and Grisel, Olivier and Blondel, Mathieu and Prettenhofer, Peter and Weiss, Ron and Dubourg, Vincent and others},
  journal={the Journal of machine Learning research},
  volume={12},
  pages={2825--2830},
  year={2011},
  publisher={JMLR. org}
}
@inproceedings{ivanovic2019trajectron,
  title={The trajectron: Probabilistic multi-agent trajectory modeling with dynamic spatiotemporal graphs},
  author={Ivanovic, Boris and Pavone, Marco},
  booktitle={Proceedings of the IEEE/CVF international conference on computer vision},
  pages={2375--2384},
  year={2019}
}
@article{ali2022exploiting,
  title={Exploiting dynamic spatio-temporal graph convolutional neural networks for citywide traffic flows prediction},
  author={Ali, Ahmad and Zhu, Yanmin and Zakarya, Muhammad},
  journal={Neural networks},
  volume={145},
  pages={233--247},
  year={2022},
  publisher={Elsevier}
}
@article{lin2024diffusion,
  title={Diffusion models for time-series applications: a survey},
  author={Lin, Lequan and Li, Zhengkun and Li, Ruikun and Li, Xuliang and Gao, Junbin},
  journal={Frontiers of Information Technology \& Electronic Engineering},
  volume={25},
  number={1},
  pages={19--41},
  year={2024},
  publisher={Springer}
}
@article{bui2022spatial,
  title={Spatial-temporal graph neural network for traffic forecasting: An overview and open research issues},
  author={Bui, Khac-Hoai Nam and Cho, Jiho and Yi, Hongsuk},
  journal={Applied Intelligence},
  volume={52},
  number={3},
  pages={2763--2774},
  year={2022},
  publisher={Springer}
}
@inproceedings{xhonneux2020continuous,
  title={Continuous graph neural networks},
  author={Xhonneux, Louis-Pascal and Qu, Meng and Tang, Jian},
  booktitle={International conference on machine learning},
  pages={10432--10441},
  year={2020},
  organization={PMLR}
}
@inproceedings{choi2023gread,
  title={Gread: Graph neural reaction-diffusion networks},
  author={Choi, Jeongwhan and Hong, Seoyoung and Park, Noseong and Cho, Sung-Bae},
  booktitle={International Conference on Machine Learning},
  pages={5722--5747},
  year={2023},
  organization={PMLR}
}
@article{fisher1937wave,
  title={The wave of advance of advantageous genes},
  author={Fisher, Ronald Aylmer},
  journal={Annals of eugenics},
  volume={7},
  number={4},
  pages={355--369},
  year={1937},
  publisher={Wiley Online Library}
}
@inproceedings{ma2021improving,
  title={Improving graph neural networks with structural adaptive receptive fields},
  author={Ma, Xiaojun and Wang, Junshan and Chen, Hanyue and Song, Guojie},
  booktitle={Proceedings of the Web Conference 2021},
  pages={2438--2447},
  year={2021}
}
@inproceedings{lee2023towards,
  title={Towards deep attention in graph neural networks: Problems and remedies},
  author={Lee, Soo Yong and Bu, Fanchen and Yoo, Jaemin and Shin, Kijung},
  booktitle={International Conference on Machine Learning},
  pages={18774--18795},
  year={2023},
  organization={PMLR}
}
@article{eliasof2021pde,
  title={Pde-gcn: Novel architectures for graph neural networks motivated by partial differential equations},
  author={Eliasof, Moshe and Haber, Eldad and Treister, Eran},
  journal={Advances in neural information processing systems},
  volume={34},
  pages={3836--3849},
  year={2021}
}
@article{ma2023learning,
  title={Learning discrete adaptive receptive fields for graph convolutional networks},
  author={Ma, Xiaojun and Li, Ziyao and Song, Guojie and Shi, Chuan},
  journal={Science China Information Sciences},
  volume={66},
  number={12},
  pages={222101},
  year={2023},
  publisher={Springer}
}
@article{yi2024fouriergnn,
  title={FourierGNN: Rethinking multivariate time series forecasting from a pure graph perspective},
  author={Yi, Kun and Zhang, Qi and Fan, Wei and He, Hui and Hu, Liang and Wang, Pengyang and An, Ning and Cao, Longbing and Niu, Zhendong},
  journal={Advances in Neural Information Processing Systems},
  volume={36},
  year={2024}
}

@article{DobsonDoig2003,
title = "Distinguishing enzyme structures from non-enzymes without alignments.",
author = "Dobson, {Paul D.} and Doig, {Andrew J.}",
year = "2003",
month = jul,
day = "18",
doi = "10.1016/S0022-2836(03)00628-4",
language = "English",
volume = "330",
pages = "771--783",
journal = "Journal of molecular biology",
issn = "0022-2836",
publisher = "Academic Press, Ltd",
number = "4",
}

@article{peng2024unsupervised,
  title={Unsupervised Social Bot Detection via Structural Information Theory},
  year={2024}, 
  author={Peng, Hao and Zhang, Jingyun and Huang, Xiang and Hao, Zhifeng and Li, Angsheng and Yu, Zhengtao and Yu, Philip S},
  journal={ACM Transactions on Information Systems},
  publisher={ACM New York, NY}
}


@article{marsiglio2009harmonic,
  title={The harmonic oscillator in quantum mechanics: A third way},
  author={Marsiglio, F},
  journal={American Journal of Physics},
  volume={77},
  number={3},
  pages={253--258},
  year={2009},
  publisher={AIP Publishing}
}
@article{shi2023exposition,
  title={Exposition on over-squashing problem on {GNNs}: Current Methods, Benchmarks and Challenges},
  author={Shi, Dai and Han, Andi and Lin, Lequan and Guo, Yi and Gao, Junbin},
  journal={arXiv:2311.07073},
  year={2023}
}
@inproceedings{chen2016characterizing,
  title={Characterizing the positive semidefiniteness of signed {Laplacians} via effective resistances},
  author={Chen, Wei and Liu, Ji and Chen, Yongxin and Khong, Sei Zhen and Wang, Dan and Ba{\c{s}}ar, Tamer and Qiu, Li and Johansson, Karl H},
  booktitle={The 55th IEEE Conference on Decision and Control},
  pages={985--990},
  year={2016},
  organization={IEEE}
}



@inproceedings{black2023understanding,
  title={Understanding oversquashing in {GNNs} through the lens of effective resistance},
  author={Black, Mitchell and Wan, Zhengchao and Nayyeri, Amir and Wang, Yusu},
  booktitle={International Conference on Machine Learning},
  pages={2528--2547},
  year={2023},
  organization={PMLR}
}

@inproceedings{banerjee2022oversquashing,
  title={Oversquashing in {GNNs} through the lens of information contraction and graph expansion},
  author={Banerjee, Pradeep Kr and Karhadkar, Kedar and Wang, Yu Guang and Alon, Uri and Mont{\'u}far, Guido},
  booktitle={The 58th Annual Allerton Conference on Communication, Control, and Computing},
  pages={1--8},
  year={2022},
  organization={IEEE}
}
@article{leman1968reduction,
  title={A reduction of a graph to a canonical form and an algebra arising during this reduction},
  author={Leman, Andrei and Weisfeiler, Boris},
  journal={Nauchno-Technicheskaya Informatsiya},
  volume={2},
  number={9},
  pages={12--16},
  year={1968}
}
@article{JMLR:v24:22-0240,
  author  = {Christopher Morris and Yaron Lipman and Haggai Maron and Bastian Rieck and Nils M. Kriege and Martin Grohe and Matthias Fey and Karsten Borgwardt},
  title   = {Weisfeiler and Leman go Machine Learning: The Story so far},
  journal = {Journal of Machine Learning Research},
  year    = {2023},
  volume  = {24},
  number  = {333},
  pages   = {1--59},
  url     = {http://jmlr.org/papers/v24/22-0240.html}
}
@inproceedings{
azizian2021expressive,
title={Expressive Power of Invariant and Equivariant Graph Neural Networks},
author={Waiss Azizian and marc lelarge},
booktitle={International Conference on Learning Representations},
year={2021},
url={https://openreview.net/forum?id=lxHgXYN4bwl}
}
@article{schonemann1966generalized,
  title={A generalized solution of the orthogonal procrustes problem},
  author={Sch{\"o}nemann, Peter H},
  journal={Psychometrika},
  volume={31},
  number={1},
  pages={1--10},
  year={1966},
  publisher={Springer}
}
@article{elden1999procrustes,
  title={A Procrustes problem on the Stiefel manifold},
  author={Eld{\'e}n, Lars and Park, Haesun},
  journal={Numerische Mathematik},
  volume={82},
  number={4},
  pages={599--619},
  year={1999},
  publisher={Springer}
}
@article{higham1988symmetric,
  title={The symmetric Procrustes problem},
  author={Higham, Nicholas J},
  journal={BIT Numerical Mathematics},
  volume={28},
  pages={133--143},
  year={1988},
  publisher={Springer}
}
@article{achanta2012slic,
  title={SLIC superpixels compared to state-of-the-art superpixel methods},
  author={Achanta, Radhakrishna and Shaji, Appu and Smith, Kevin and Lucchi, Aurelien and Fua, Pascal and S{\"u}sstrunk, Sabine},
  journal={IEEE transactions on pattern analysis and machine intelligence},
  volume={34},
  number={11},
  pages={2274--2282},
  year={2012},
  publisher={IEEE}
}
@inproceedings{
karhadkar2023fosr,
title={Fo{SR}: First-order spectral rewiring for addressing oversquashing in {GNN}s},
author={Kedar Karhadkar and Pradeep Kr. Banerjee and Guido Montufar},
booktitle={International Conference on Learning Representations},
year={2023},
url={https://openreview.net/forum?id=3YjQfCLdrzz}
}




@inproceedings{giraldo2022understanding,
  title={On the trade-off between over-smoothing and over-squashing in deep graph neural networks},
  author={Giraldo, Jhony H and Skianis, Konstantinos and Bouwmans, Thierry and Malliaros, Fragkiskos D},
  booktitle={Proceedings of the 32nd ACM international conference on information and knowledge management},
  pages={566--576},
  year={2023}
}


















@inproceedings{gutteridge2023drew,
  title={Drew: Dynamically rewired message passing with delay},
  author={Gutteridge, Benjamin and Dong, Xiaowen and Bronstein, Michael M and Di Giovanni, Francesco},
  booktitle={International Conference on Machine Learning},
  pages={12252--12267},
  year={2023},
  organization={PMLR}
}


@inproceedings{
wang2022acmp,
title={{ACMP}: Allen-Cahn Message Passing with Attractive and Repulsive Forces for Graph Neural Networks},
author={Yuelin Wang and Kai Yi and Xinliang Liu and Yu Guang Wang and Shi Jin},
booktitle={The Eleventh International Conference on Learning Representations },
year={2023},
url={https://openreview.net/forum?id=4fZc_79Lrqs}
}




@article{gao2022repulsion,
  title={{Repulsion-GNNs}: Use Repulsion to Supplement Aggregation},
  author={Gao, Jian and Wu, Jianshe},
  journal={IEEE Transactions on Knowledge and Data Engineering},
  year={2022},
volume = {35},
number = {8},
pages = {8448--8460},
  publisher={IEEE}
}

@article{zaslavsky2013matrices,
  title={Matrices in the theory of signed simple graphs},
  author={Zaslavsky, Thomas},
  journal={arXiv:1303.3083},
  year={2013}
}


@article{dittrich2020signal,
  title={Signal processing on signed graphs: Fundamentals and potentials},
  author={Dittrich, Thomas and Matz, Gerald},
  journal={IEEE Signal Processing Magazine},
  volume={37},
  number={6},
  pages={86--98},
  year={2020},
  publisher={IEEE}
}


@article{shi2023frameless,
  title={Frameless graph knowledge distillation},
  author={Shi, Dai and Shao, Zhiqi and Gao, Junbin and Wang, Zhiyong and Guo, Yi},
  journal={IEEE Transactions on Neural Networks and Learning Systems},
  year={2024},
  publisher={IEEE}
}


@inproceedings{shi2024new,
  title={A New Perspective On the Expressive Equivalence Between Graph Convolution and Attention Models},
  author={Shi, Dai and Shao, Zhiqi and Han, Andi and Guo, Yi and Junbin, Gao},
  booktitle={Asian Conference on Machine Learning},
  pages={1199--1214},
  year={2024},
  organization={PMLR}
}

@inproceedings{zhai2023bregman,
  title={Bregman Graph Neural Network},
  author={Zhai, Jiayu and Lin, Lequan and Shi, Dai and Gao, Junbin},
  booktitle={ICASSP 2024-2024 IEEE International Conference on Acoustics, Speech and Signal Processing (ICASSP)},
  pages={6250--6254},
  year={2024},
  organization={IEEE}
}


@article{luo2017convergence,
  title={Convergence of the graph {Allen--Cahn} scheme},
  author={Luo, Xiyang and Bertozzi, Andrea L},
  journal={Journal of Statistical Physics},
  volume={167},
  pages={934--958},
  year={2017},
  publisher={Springer}
}

@article{zheng2020mathnet,
title = {MathNet: Haar-like wavelet multiresolution analysis for graph representation learning},
journal = {Knowledge-Based Systems},
volume = {273},
pages = {110609},
year = {2023},
issn = {0950-7051},
doi = {https://doi.org/10.1016/j.knosys.2023.110609},
url = {https://www.sciencedirect.com/science/article/pii/S0950705123003593},
author = {Xuebin Zheng and Bingxin Zhou and Ming Li and Yu Guang Wang and Junbin Gao},
keywords = {Graph neural network, Graph classification, Spectral graph convolution, Hierarchical graph pooling, Haar wavelets, Multiresolution analysis, Fast wavelet transforms, Wavelet compression}, 
}
@article{yang2022quasi,
  title={Quasi-Framelets: Another Improvement to Graph Neural Networks},
  author={Yang, Mengxi and Dai, Shi and Zheng, Xuebin and Yin, Jie and Gao, Junbin},
  journal={International Journal of Machine Learning and Cybernetics},
  year={2024}
}
@inproceedings{lin2023magnetic,
  title={A magnetic framelet-based convolutional neural network for directed graphs},
  author={Lin, Lequan and Gao, Junbin},
  booktitle={ICASSP 2023-2023 IEEE International Conference on Acoustics, Speech and Signal Processing (ICASSP)},
  pages={1--5},
  year={2023},
  organization={IEEE}
}
@article{yu2022label,
  title={Label-enhanced graph neural network for semi-supervised node classification},
  author={Yu, Le and Sun, Leilei and Du, Bowen and Zhu, Tongyu and Lv, Weifeng},
  journal={IEEE Transactions on Knowledge and Data Engineering},
  year={2022},
  publisher={IEEE}
}
@article{zhou2021spectral_wrong,
  title={Spectral transform forms scalable transformer},
  author={Zhou, Bingxin and Liu, Xinliang and Liu, Yuehua and Huang, Yunying and Lio, Pietro and Wang, YuGuang},
  journal={arXiv:2111.07602},
  year={2021}
}


@article{
han2023continuous,
title={From Continuous Dynamics to Graph Neural Networks: Neural Diffusion and Beyond},
author={Andi Han and Dai Shi and Lequan Lin and Junbin Gao},
journal={Transactions on Machine Learning Research},
issn={2835-8856},
year={2024},
url={https://openreview.net/forum?id=fPQSxjqa2o},
note={Survey Certification}
}






@article{scarselli2008graph,
  title={The graph neural network model},
  author={Scarselli, Franco and Gori, Marco and Tsoi, Ah Chung and Hagenbuchner, Markus and Monfardini, Gabriele},
  journal={IEEE Transactions on Neural Networks},
  volume={20},
  number={1},
  pages={61--80},
  year={2008},
  publisher={IEEE}
}


@inproceedings{gori2005new,
  title={A new model for learning in graph domains},
  author={Gori, Marco and Monfardini, Gabriele and Scarselli, Franco},
  booktitle={IEEE International Joint Conference on Neural Networks, 2005.},
  volume={2},
  pages={729--734},
  year={2005},
  organization={IEEE}
}
@article{sperduti1993encoding,
  title={Encoding labeled graphs by labeling {RAAM}},
  author={Sperduti, Alessandro},
  journal={Advances in Neural Information Processing Systems},
  volume={6},
  year={1993}
}


@article{everingham2010pascal,
  title={The pascal visual object classes (voc) challenge},
  author={Everingham, Mark and Van Gool, Luc and Williams, Christopher KI and Winn, John and Zisserman, Andrew},
  journal={International journal of computer vision},
  volume={88},
  pages={303--338},
  year={2010},
  publisher={Springer}
}


@inproceedings{lin2014microsoft,
  title={Microsoft {COCO}: Common objects in context},
  author={Lin, Tsung-Yi and Maire, Michael and Belongie, Serge and Hays, James and Perona, Pietro and Ramanan, Deva and Doll{\'a}r, Piotr and Zitnick, C Lawrence},
  booktitle={The 13th European Conference on Computer Vision},
  pages={740--755},
  year={2014},
  organization={Springer}
}

@inproceedings{
zhou2021spectral,
title={Well-conditioned Spectral Transforms for Dynamic Graph Representation},
author={Bingxin Zhou and Xinliang Liu and Yuehua Liu and Yunying Huang and Pietro Lio and Yu Guang Wang},
booktitle={The First Learning on Graphs Conference},
year={2022},
url={https://openreview.net/forum?id=kQsniwmGgF5}
}

 
@Article{shao2022generalized,
  author  = {Zhiqi Shao and Dai Shi and Andi Han and Andrey Vasnev and Yi Guo and Junbin Gao},
  journal = {International Journal of Machine Learning and Cybernetics},
  title   = {Enhancing Framelet {GCN}s with Generalized {p-Laplacian} Regularization},
  year    = {2023},
pages = {1--21},
doi = {https://doi.org/10.1007/s13042-023-01982-8}
}

@inproceedings{zhu2021interpreting,
  title={Interpreting and unifying graph neural networks with an optimization framework},
  author={Zhu, Meiqi and Wang, Xiao and Shi, Chuan and Ji, Houye and Cui, Peng},
  booktitle={Proceedings of the Web Conference 2021},
  pages={1215--1226},
  year={2021}
}
@inproceedings{shi2023fixed,
  title={Fixed Point {Laplacian} Mapping: A Geometrically Correct Manifold Learning Algorithm},
  author={Shi, Dai and Han, Andi and Guo, Yi and Gao, Junbin},
  booktitle={International Joint Conference on Neural Networks (IJCNN)},
  pages={1--9},
  year={2023},
  organization={IEEE}
}
@inproceedings{yang2019topology,
  title={Topology Optimization based Graph Convolutional Network.},
  author={Yang, Liang and Kang, Zesheng and Cao, Xiaochun and Jin, Di and Yang, Bo and Guo, Yuanfang},
  booktitle={International Joint Conferences on Artificial Intelligence},
  pages={4054--4061},
  year={2019}
}
@inproceedings{yang2021self,
  title={Self-enhanced {GNN}: Improving graph neural networks using model outputs},
  author={Yang, Han and Yan, Xiao and Dai, Xinyan and Chen, Yongqiang and Cheng, James},
  booktitle={International Joint Conference on Neural Networks},
  pages={1--8},
  year={2021},
  organization={IEEE}
}
@article{chen2019highwaygraph,
  title={Highwaygraph: Modelling long-distance node relations for improving general graph neural network},
  author={Chen, Deli and Liu, Xiaoqian and Lin, Yankai and Li, Peng and Zhou, Jie and Su, Qi and Sun, Xu},
  journal={arXiv:1911.03904},
  year={2019}
}
@article{shi2020masked,
  title={Masked label prediction: Unified message passing model for semi-supervised classification},
  author={Shi, Yunsheng and Huang, Zhengjie and Feng, Shikun and Zhong, Hui and Wang, Wenjin and Sun, Yu},
  journal={arXiv:2009.03509},
  year={2020}
}
@article{wang2021bag,
  title={Bag of tricks for node classification with graph neural networks},
  author={Wang, Yangkun and Jin, Jiarui and Zhang, Weinan and Yu, Yong and Zhang, Zheng and Wipf, David},
  journal={arXiv:2103.13355},
  year={2021}
}

@article{han2022generalized,
  title={Generalized energy and gradient flow via graph framelets},
  author={Han, Andi and Shi, Dai and Shao, Zhiqi and Gao, Junbin},
  journal={arXiv:2210.04124},
  year={2022}
}
@article{qiu2017single,
  title={Single-cell mRNA quantification and differential analysis with Census},
  author={Qiu, Xiaojie and Hill, Andrew and Packer, Jonathan and Lin, Dejun and Ma, Yi-An and Trapnell, Cole},
  journal={Nature methods},
  volume={14},
  number={3},
  pages={309--315},
  year={2017},
  publisher={Nature Publishing Group US New York}
}
@article{li2017diffusion,
  title={Diffusion convolutional recurrent neural network: Data-driven traffic forecasting},
  author={Li, Yaguang and Yu, Rose and Shahabi, Cyrus and Liu, Yan},
  journal={arXiv preprint arXiv:1707.01926},
  year={2017}
}
@article{liu2013pathway,
  title={Pathway analyses and understanding disease associations},
  author={Liu, Yu and Chance, Mark R},
  journal={Current genetic medicine reports},
  volume={1},
  pages={230--238},
  year={2013},
  publisher={Springer}
}
@article{flores2023bifurcation,
  title={Bifurcation analysis of a tuberculosis progression model for drug target identification},
  author={Flores-Garza, Eliezer and Hern{\'a}ndez-Pando, Rogelio and Garc{\'\i}a-Z{\'a}rate, Ibrahim and Aguirre, Pablo and Dom{\'\i}nguez-H{\"u}ttinger, Elisa},
  journal={Scientific Reports},
  volume={13},
  number={1},
  pages={17567},
  year={2023},
  publisher={Nature Publishing Group UK London}
}
@book{khasminskii2012stochastic,
  title={Stochastic stability of differential equations},
  author={Khasminskii, Rafail},
  year={2012},
  publisher={Springer}
}
@article{panegyres2022stochasticity,
  title={Stochasticity, entropy and neurodegeneration},
  author={Panegyres, Peter K},
  journal={Brain Sciences},
  volume={12},
  number={2},
  pages={226},
  year={2022},
  publisher={MDPI}
}
@article{gupta2011stochastic,
  title={Stochastic state transitions give rise to phenotypic equilibrium in populations of cancer cells},
  author={Gupta, Piyush B and Fillmore, Christine M and Jiang, Guozhi and Shapira, Sagi D and Tao, Kai and Kuperwasser, Charlotte and Lander, Eric S},
  journal={Cell},
  volume={146},
  number={4},
  pages={633--644},
  year={2011},
  publisher={Elsevier}
}
@inproceedings{li2023bbdm,
  title={Bbdm: Image-to-image translation with brownian bridge diffusion models},
  author={Li, Bo and Xue, Kaitao and Liu, Bin and Lai, Yu-Kun},
  booktitle={Proceedings of the IEEE/CVF conference on computer vision and pattern Recognition},
  pages={1952--1961},
  year={2023}
}
@article{yu2017spatio,
  title={Spatio-temporal graph convolutional networks: A deep learning framework for traffic forecasting},
  author={Yu, Bing and Yin, Haoteng and Zhu, Zhanxing},
  journal={arXiv preprint arXiv:1709.04875},
  year={2017}
}
@article{xu2020inductive,
  title={Inductive representation learning on temporal graphs},
  author={Xu, Da and Ruan, Chuanwei and Korpeoglu, Evren and Kumar, Sushant and Achan, Kannan},
  journal={arXiv preprint arXiv:2002.07962},
  year={2020}
}
@article{zhao2019t,
  title={T-GCN: A temporal graph convolutional network for traffic prediction},
  author={Zhao, Ling and Song, Yujiao and Zhang, Chao and Liu, Yu and Wang, Pu and Lin, Tao and Deng, Min and Li, Haifeng},
  journal={IEEE transactions on intelligent transportation systems},
  volume={21},
  number={9},
  pages={3848--3858},
  year={2019},
  publisher={IEEE}
}
@article{ng2019graph,
  title={A graph autoencoder approach to causal structure learning},
  author={Ng, Ignavier and Zhu, Shengyu and Chen, Zhitang and Fang, Zhuangyan},
  journal={arXiv preprint arXiv:1911.07420},
  year={2019}
}
@article{mcinnes2018umap,
  title={Umap: Uniform manifold approximation and projection for dimension reduction},
  author={McInnes, Leland and Healy, John and Melville, James},
  journal={arXiv preprint arXiv:1802.03426},
  year={2018}
}
@article{gut2015trajectories,
  title={Trajectories of cell-cycle progression from fixed cell populations},
  author={Gut, Gabriele and Tadmor, Michelle D and Pe'er, Dana and Pelkmans, Lucas and Liberali, Prisca},
  journal={Nature methods},
  volume={12},
  number={10},
  pages={951--954},
  year={2015},
  publisher={Nature Publishing Group US New York}
}
@inproceedings{prabhakaran2016dirichlet,
  title={Dirichlet process mixture model for correcting technical variation in single-cell gene expression data},
  author={Prabhakaran, Sandhya and Azizi, Elham and Carr, Ambrose and Pe’er, Dana},
  booktitle={International conference on machine learning},
  pages={1070--1079},
  year={2016},
  organization={PMLR}
}
@article{haghverdi2016diffusion,
  title={Diffusion pseudotime robustly reconstructs lineage branching},
  author={Haghverdi, Laleh and B{\"u}ttner, Maren and Wolf, F Alexander and Buettner, Florian and Theis, Fabian J},
  journal={Nature methods},
  volume={13},
  number={10},
  pages={845--848},
  year={2016},
  publisher={Nature Publishing Group}
}

@InProceedings{GilmerSchoenholzRiley2017,
  title = 	 {Neural Message Passing for Quantum Chemistry},
  author =       {Justin Gilmer and Samuel S. Schoenholz and Patrick F. Riley and Oriol Vinyals and George E. Dahl},
  booktitle = 	 {Proceedings of the 34th International Conference on Machine Learning},
  pages = 	 {1263--1272},
  year = 	 {2017},
  editor = 	 {Precup, Doina and Teh, Yee Whye},
  volume = 	 {70},
  series = 	 {Proceedings of Machine Learning Research},
  month = 	 {06--11 Aug},
  publisher =    {PMLR},
  pdf = 	 {http://proceedings.mlr.press/v70/gilmer17a/gilmer17a.pdf},
  url = 	 {https://proceedings.mlr.press/v70/gilmer17a.html},
}

@article{Klicpera2019,
  author    = {Johannes Klicpera and
               Stefan Wei{\ss}enberger and
               Stephan G{\"{u}}nnemann},
  title     = {Diffusion Improves Graph Learning},
  journal   = {CoRR},
  volume    = {abs/1911.05485},
  year      = {2019},
  url       = {http://arxiv.org/abs/1911.05485},
  eprinttype = {arXiv},
  eprint    = {1911.05485},
  timestamp = {Mon, 02 Dec 2019 13:44:01 +0100},
  biburl    = {https://dblp.org/rec/journals/corr/abs-1911-05485.bib},
  bibsource = {dblp computer science bibliography, https://dblp.org}
}

@inproceedings{ChenRubanova2018,
 author = {Chen, Ricky T. Q. and Rubanova, Yulia and Bettencourt, Jesse and Duvenaud, David K},
 booktitle = {Advances in Neural Information Processing Systems},
 editor = {S. Bengio and H. Wallach and H. Larochelle and K. Grauman and N. Cesa-Bianchi and R. Garnett},
 pages = {},
 publisher = {Curran Associates, Inc.},
 title = {Neural Ordinary Differential Equations},
 url = {https://proceedings.neurips.cc/paper/2018/file/69386f6bb1dfed68692a24c8686939b9-Paper.pdf},
 volume = {31},
 year = {2018}
}
@article{jovanovic2014sparsity,
  title={Sparsity-promoting dynamic mode decomposition},
  author={Jovanovi{\'c}, Mihailo R and Schmid, Peter J and Nichols, Joseph W},
  journal={Physics of Fluids},
  volume={26},
  number={2},
  year={2014},
  publisher={AIP Publishing}
}
@inproceedings{deac2022expander,
  title={Expander graph propagation},
  author={Deac, Andreea and Lackenby, Marc and Veli{\v{c}}kovi{\'c}, Petar},
  booktitle={Learning on Graphs Conference},
  pages={38--1},
  year={2022},
  organization={PMLR}
}
@article{xu2019graph,
  title={Graph wavelet neural network},
  author={Xu, Bingbing and Shen, Huawei and Cao, Qi and Qiu, Yunqi and Cheng, Xueqi},
  journal={arXiv preprint arXiv:1904.07785},
  year={2019}
}
@article{shi2021coupling,
  title={Coupling matrix manifolds assisted optimization for optimal transport problems},
  author={Shi, Dai and Gao, Junbin and Hong, Xia and Boris Choy, ST and Wang, Zhiyong},
  journal={Machine Learning},
  volume={110},
  pages={533--558},
  year={2021},
  publisher={Springer}
}
@article{baddoo2023physics,
  title={Physics-informed dynamic mode decomposition},
  author={Baddoo, Peter J and Herrmann, Benjamin and McKeon, Beverley J and Nathan Kutz, J and Brunton, Steven L},
  journal={Proceedings of the Royal Society A},
  volume={479},
  number={2271},
  pages={20220576},
  year={2023},
  publisher={The Royal Society}
}
@phdthesis{tu2013dynamic,
  title={Dynamic mode decomposition: Theory and applications},
  author={Tu, Jonathan H},
  year={2013},
  school={Princeton University}
}
@article{FreidlinSheu2000,
author = {Freidlin, Mark and Sheu, Shuenn-Jyi},
year = {2000},
month = {02},
pages = {181-220},
title = {Diffusion processes on graphs: Stochastic differential equations, large deviation principle},
volume = {116},
journal = {Probability Theory and Related Fields},
doi = {10.1007/PL00008726}
}
@article{karhadkar2022fosr,
  title={{FoSR}: First-order spectral rewiring for addressing oversquashing in {GNN}s},
  author={Karhadkar, Kedar and Banerjee, Pradeep Kr and Mont{\'u}far, Guido},
  journal={arXiv:2210.11790},
  year={2022}
}




@article{CoifmanLafonAnn2005,
author = {Coifman, Ronald and Lafon, S and Lee, Ann and Maggioni, Mauro and Nadler, B and Warner, F and Zucker, Steven},
year = {2005},
month = {06},
pages = {7426-31},
title = {Geometric diffusions as a tool for harmonic analysis and structure definition of data: Diffusion Maps},
volume = {102},
journal = {Proceedings of the National Academy of Sciences of the United States of America},
doi = {10.1073/pnas.0500334102}
}

@article{Eikonal2013,
  TITLE = {{Eikonal equation adaptation on weighted graphs: fast geometric diffusion process for local and non-local image and data processing}},
  AUTHOR = {Desquesnes, Xavier and Elmoataz, Abderrahim and Lezoray, Olivier},
  URL = {https://hal.science/hal-00932510},
  JOURNAL = {{Journal of Mathematical Imaging and Vision}},
  PUBLISHER = {{Springer Verlag}},
  VOLUME = {46},
  NUMBER = {2},
  PAGES = {238-257},
  YEAR = {2013},
  DOI = {10.1007/s10851-012-0380-9},
  PDF = {https://hal.science/hal-00932510/file/Desquesnes-jmiv2012.pdf},
  HAL_ID = {hal-00932510},
  HAL_VERSION = {v1},
}
@article{song2019extension,
  title={On extension of effective resistance with application to graph {Laplacian} definiteness and power network stability},
  author={Song, Yue and Hill, David J and Liu, Tao},
  journal={IEEE Transactions on Circuits and Systems I: Regular Papers},
  volume={66},
  number={11},
  pages={4415--4428},
  year={2019},
  publisher={IEEE}
}




@inproceedings{
wu2023difformer,
title={{DIFFormer}: Scalable (Graph) Transformers Induced by Energy Constrained Diffusion},
author={Qitian Wu and Chenxiao Yang and Wentao Zhao and Yixuan He and David Wipf and Junchi Yan},
booktitle={International Conference on Learning Representations (ICLR)},
year={2023}
}





@inproceedings{ZhuGhahramani2003,
  author = {Zhu, Xiaojin and Ghahramani, Zoubin and Lafferty, John},
  biburl = {https://www.bibsonomy.org/bibtex/2ed0cef2dadd0a2a6383845b517276bbf/twagener},
  booktitle = {ICML},
  interhash = {0a9f18ca5b94e1c3d9a9de95351193ed},
  intrahash = {ed0cef2dadd0a2a6383845b517276bbf},
  pages = {912--919},
  title = {Semi-supervised learning using Gaussian fields and harmonic functions},
  year = 2003
}

@article{jelic2012double,
  title={The double-well potential in quantum mechanics: a simple, numerically exact formulation},
  author={Jelic, V and Marsiglio, F},
  journal={European Journal of Physics},
  volume={33},
  number={6},
  pages={1651},
  year={2012},
  publisher={IOP Publishing}
}

@article{zeng2021comprehensive,
  title={A comprehensive survey of entity alignment for knowledge graphs},
  author={Zeng, Kaisheng and Li, Chengjiang and Hou, Lei and Li, Juanzi and Feng, Ling},
  journal={AI Open},
  volume={2},
  pages={1--13},
  year={2021},
  publisher={Elsevier}
}
@article{wu2022non,
  title={A non-asymptotic analysis of oversmoothing in graph neural networks},
  author={Wu, Xinyi and Chen, Zhengdao and Wang, William and Jadbabaie, Ali},
  journal={arXiv:2212.10701},
  year={2022}
}


@inproceedings{
  liu2022sparsity,
  title={Sparsity-constrained optimal transport},
  author={Tianlin Liu, Joan Puigcerver, Mathieu Blondel},
  booktitle={Proceedings of the Eleventh International Conference on Learning Representations (ICLR)},
  year={2023},
  url={https://openreview.net/forum?id=yHY9NbQJ5BP}
}



@article{ahn2010stochastic,
  title={Stochastic flocking dynamics of the {Cucker-Smale} model with multiplicative white noises},
  author={Ahn, Shin Mi and Ha, Seung-Yeal},
  journal={Journal of Mathematical Physics},
  volume={51},
  number={10},
  year={2010},
  publisher={AIP Publishing}
}
@article{carrillo2010asymptotic,
  title={Asymptotic flocking dynamics for the kinetic {Cucker-Smale} model},
  author={Carrillo, Jos{\'e} A and Fornasier, Massimo and Rosado, Jes{\'u}s and Toscani, Giuseppe},
  journal={SIAM Journal on Mathematical Analysis},
  volume={42},
  number={1},
  pages={218--236},
  year={2010},
  publisher={SIAM}
}
@inproceedings{rozemberczki2021pytorch,
  title={Pytorch geometric temporal: Spatiotemporal signal processing with neural machine learning models},
  author={Rozemberczki, Benedek and Scherer, Paul and He, Yixuan and Panagopoulos, George and Riedel, Alexander and Astefanoaei, Maria and Kiss, Oliver and Beres, Ferenc and Lopez, Guzman and Collignon, Nicolas and others},
  booktitle={Proceedings of the 30th ACM international conference on information \& knowledge management},
  pages={4564--4573},
  year={2021}
}
@article{fang2019emergent,
  title={Emergent behaviors of the {Cucker-Smale }ensemble under attractive-repulsive couplings and {Rayleigh} frictions},
  author={Fang, Di and Ha, Seung-Yeal and Jin, Shi},
  journal={Mathematical Models and Methods in Applied Sciences},
  volume={29},
  number={07},
  pages={1349--1385},
  year={2019},
  publisher={World Scientific}
}
@inproceedings{panagopoulos2021transfer,
  title={Transfer graph neural networks for pandemic forecasting},
  author={Panagopoulos, George and Nikolentzos, Giannis and Vazirgiannis, Michalis},
  booktitle={Proceedings of the AAAI Conference on Artificial Intelligence},
  volume={35},
  number={6},
  pages={4838--4845},
  year={2021}
}
@article{hartman1960local,
  title={On local homeomorphisms of Euclidean spaces},
  author={Hartman, Philip},
  journal={Bol. Soc. Mat. Mexicana},
  volume={5},
  number={2},
  pages={220--241},
  year={1960}
}
@misc{ChamberlainBenjamin2021,
  doi = {10.48550/ARXIV.2110.09443},
  
  url = {https://arxiv.org/abs/2110.09443},
  author = {Chamberlain, Benjamin Paul and Rowbottom, James and Eynard, Davide and Di Giovanni, Francesco and Dong, Xiaowen and Bronstein, Michael M},
  title = {Beltrami Flow and Neural Diffusion on Graphs},
  
  publisher = {arXiv},
  
  year = {2021},
  
  copyright = {Creative Commons Attribution 4.0 International}
}



@article
{ChamberlainBenjamin22021,
  title={GRAND: Graph Neural Diffusion},
  author={Chamberlain, Benjamin Paul and Rowbottom, James and Goronova, Maria and Webb, Stefan and Rossi, 
  Emanuele and Bronstein, Michael M},
  journal={Proceedings of the 38th International Conference on Machine Learning,
               (ICML) 2021, 18-24 July 2021, Virtual Event},
  year={2021}
}






@article{rozemberczki2021multi,
  title={Multi-scale attributed node embedding},
  author={Rozemberczki, Benedek and Allen, Carl and Sarkar, Rik},
  journal={Journal of Complex Networks},
  volume={9},
  number={2},
  pages={cnab014},
  year={2021},
  publisher={Oxford University Press}
}
@article{kipf2016variational,
  title={Variational graph auto-encoders},
  author={Kipf, Thomas N and Welling, Max},
  journal={arXiv preprint arXiv:1611.07308},
  year={2016}
}
@article{brunton2021modern,
  title={Modern Koopman theory for dynamical systems},
  author={Brunton, Steven L and Budi{\v{s}}i{\'c}, Marko and Kaiser, Eurika and Kutz, J Nathan},
  journal={arXiv preprint arXiv:2102.12086},
  year={2021}
}







@inproceedings{fesser2023mitigating,
  title={Mitigating over-smoothing and over-squashing using augmentations of Forman-Ricci curvature},
  author={Fesser, Lukas and Weber, Melanie},
  booktitle={Learning on Graphs Conference},
  pages={19--1},
  year={2023},
  organization={PMLR}
}





@inproceedings{giraldo2023trade, series={CIKM ’23},
   title={On the Trade-off between Over-smoothing and Over-squashing in Deep Graph Neural Networks},
   url={http://dx.doi.org/10.1145/3583780.3614997},
   DOI={10.1145/3583780.3614997},
   booktitle={Proceedings of the 32nd ACM International Conference on Information and Knowledge Management},
   publisher={ACM},
   author={Giraldo, Jhony H. and Skianis, Konstantinos and Bouwmans, Thierry and Malliaros, Fragkiskos D.},
   year={2023},
   month=oct, collection={CIKM ’23} }











@article{shao2023unifying,
  title={Unifying over-smoothing and over-squashing in graph neural networks: A physics informed approach and beyond},
  author={Shao, Zhiqi and Shi, Dai and Han, Andi and Guo, Yi and Zhao, Qibin and Gao, Junbin},
  journal={arXiv:2309.02769},
  year={2023}
}


@article{jin2008discrete,
  title={Discrete surface {Ricci} flow},
  author={Jin, Miao and Kim, Junho and Luo, Feng and Gu, Xianfeng},
  journal={IEEE Transactions on Visualization and Computer Graphics},
  volume={14},
  number={5},
  pages={1030--1043},
  year={2008},
  publisher={IEEE}
}
@article{belardo2019open,
  title={Open problems in the spectral theory of signed graphs},
  author={Belardo, Francesco and Cioab{\u{a}}, Sebastian M and Koolen, Jack H and Wang, Jianfeng},
  journal={arXiv:1907.04349},
  year={2019}
}

@article{rusch2023survey,
  title={A survey on oversmoothing in graph neural networks},
  author={Rusch, T Konstantin and Bronstein, Michael M and Mishra, Siddhartha},
  journal={arXiv:2303.10993},
  year={2023}
}

@inproceedings{
thorpe2022grand,
title={{GRAND}++: Graph Neural Diffusion with A Source Term},
author={Matthew Thorpe and Tan Minh Nguyen and Hedi Xia and Thomas Strohmer and Andrea Bertozzi and Stanley Osher and Bao Wang},
booktitle={International Conference on Learning Representations},
year={2022},
url={https://openreview.net/forum?id=EMxu-dzvJk}
}
@article{verdon2019quantum,
  title={Quantum graph neural networks},
  author={Verdon, Guillaume and McCourt, Trevor and Luzhnica, Enxhell and Singh, Vikash and Leichenauer, Stefan and Hidary, Jack},
  journal={arXiv preprint arXiv:1909.12264},
  year={2019}
}


@article{haller2024data,
  title={Data-driven linearization of dynamical systems},
  author={Haller, George and Kasz{\'a}s, B{\'a}lint},
  journal={Nonlinear Dynamics},
  pages={1--25},
  year={2024},
  publisher={Springer}
}
@inproceedings{fu2022p,
  title={$ p $-{Laplacian} Based Graph Neural Networks},
  author={Fu, Guoji and Zhao, Peilin and Bian, Yatao},
  booktitle={International Conference on Machine Learning},
  pages={6878--6917},
  year={2022},
  organization={PMLR}
}
@article{paulavivcius2006analysis,
  title={Analysis of different norms and corresponding Lipschitz constants for global optimization},
  author={Paulavi{\v{c}}ius, Remigijus and {\v{Z}}ilinskas, Julius},
  journal={Technological and Economic Development of Economy},
  volume={12},
  number={4},
  pages={301--306},
  year={2006},
  publisher={Taylor \& Francis}
}

@article{Sweldens1998,
author = {Sweldens, Wim},
title = {The Lifting Scheme: A Construction of Second Generation Wavelets},
journal = {SIAM Journal on Mathematical Analysis},
volume = {29},
number = {2},
pages = {511-546},
year = {1998},
doi = {10.1137/S0036141095289051}, 
eprint = { https://doi.org/10.1137/S0036141095289051},
}



@article{Dong2017,
doi = {10.1016/j.acha.2015.09.005}, 
year = {2017}, 
publisher = {Elsevier {BV}},
volume = {42},
number = {3},
pages = {452--479},
author = {Bin Dong},
title = {Sparse representation on graphs by tight wavelet frames and applications},
journal = {Applied and Computational Harmonic Analysis}
}



@InProceedings{FuZhaoBian2022,
  author    = {Guoji Fu and Peilin Zhao and Yatao Bian},
  booktitle = {International Conference on Machine Learning},
  title     = {$p$-{Laplacian} Based Graph Neural Networks},
  year      = {2022},
  pages     = {6878--6917},
  series    = {PMLR},
  volume    = {162},
}


@article{di2022graph,
title={Understanding convolution on graphs via energies},
author={Francesco Di Giovanni and James Rowbottom and Benjamin Paul Chamberlain and Thomas Markovich and Michael M. Bronstein},
journal={Transactions on Machine Learning Research},
issn={2835-8856},
year={2023},
url={https://openreview.net/forum?id=v5ew3FPTgb}
}


@article{bronstein2021geometric,
  title={Geometric deep learning: Grids, groups, graphs, geodesics, and gauges},
  author={Bronstein, Michael M and Bruna, Joan and Cohen, Taco and Veli{\v{c}}kovi{\'c}, Petar},
  journal={arXiv:2104.13478},
  year={2021}
}


@inproceedings{
kipf2016semi,
title={Semi-Supervised Classification with Graph Convolutional Networks},
author={Thomas N. Kipf and Max Welling},
booktitle={International Conference on Learning Representations},
year={2017},
url={https://openreview.net/forum?id=SJU4ayYgl}
}



@inproceedings{
xu2018powerful,
title={How Powerful are Graph Neural Networks?},
author={Keyulu Xu and Weihua Hu and Jure Leskovec and Stefanie Jegelka},
booktitle={International Conference on Learning Representations},
year={2019},
url={https://openreview.net/forum?id=ryGs6iA5Km},
}

@inproceedings{zheng2021framelets,
  title={How Framelets Enhance Graph Neural Networks},
  author={Zheng, Xuebin and Zhou, Bingxin and Gao, Junbin and Wang, Yuguang and Li{\'o}, Pietro and Li, Ming and Montufar, Guido},
  booktitle={International Conference on Machine Learning},
  pages={12761--12771},
  year={2021},
  organization={PMLR}
}




@article{chendirichlet,
  title={Dirichlet Energy Enhancement of Graph Neural Networks by Framelet Augmentation},
  author={Chen, Jialin and Wang, Yuelin and Bodnar, Cristian and Li{\`o}, Pietro and Wang, Yu Guang},
  journal={github},
  year={2022}
}




@book{chung1997spectral,
  title={Spectral graph theory},
  author={Chung, Fan RK},
  volume={92},
  year={1997},
  publisher={American Mathematical Soc.}
}








@article{zheng2022decimated,
  title={Decimated Framelet System on Graphs and Fast G-Framelet Transforms},
  author={Zheng, Xuebin and Zhou, Bingxin and Wang, Yu Guang and Zhuang, Xiaosheng},
  journal={Journal of Machine Learning Research},
  volume={23},
  pages={18--1},
  year={2022}
}


@inproceedings{wu2019simplifying,
  title={Simplifying graph convolutional networks},
  author={Wu, Felix and Souza, Amauri and Zhang, Tianyi and Fifty, Christopher and Yu, Tao and Weinberger, Kilian},
  booktitle={International Conference on Machine Learning},
  pages={6861--6871},
  year={2019},
  organization={PMLR}
}


@article{wang2021dissecting,
  title={Dissecting the diffusion process in linear graph convolutional networks},
  author={Wang, Yifei and Wang, Yisen and Yang, Jiansheng and Lin, Zhouchen},
  journal={Advances in Neural Information Processing Systems},
  volume={34},
  pages={5758--5769},
  year={2021}
}

@article{chen2022lower,
  title={Lower and Upper Bounds for Numbers of Linear Regions of Graph Convolutional Networks},
  author={Chen, Hao and Wang, Yu Guang and Xiong, Huan},
  journal={arXiv:2206.00228},
  year={2022}
}


@inproceedings{li2018deeper,
  title={Deeper insights into graph convolutional networks for semi-supervised learning},
  author={Li, Qimai and Han, Zhichao and Wu, Xiao-Ming},
  booktitle={AAAI Conference on Artificial Intelligence},
  year={2018}
}










@article{zhou2021graph,
  title={Graph denoising with framelet regularizer},
  author={Zhou, Bingxin and Li, Ruikun and Zheng, Xuebin and Wang, Yu Guang and Gao, Junbin},
  journal={IEEE Transactions on Artificial Intelligence},
  year={2021}
}





@article{hu2019exploring,
  title={Exploring weight symmetry in deep neural networks},
  author={Hu, Shell Xu and Zagoruyko, Sergey and Komodakis, Nikos},
  journal={Computer Vision and Image Understanding},
  volume={187},
  pages={102786},
  year={2019},
  publisher={Elsevier}
}




@inproceedings{velivckovic2018graph,
  title={Graph Attention Networks},
  author={Veli{\v{c}}kovi{\'c}, Petar and Cucurull, Guillem and Casanova, Arantxa and Romero, Adriana and Li{\`o}, Pietro and Bengio, Yoshua},
  booktitle={International Conference on Learning Representations},
  year={2018},
    eprint={1710.10903},
    archivePrefix={arXiv},
    primaryClass={stat.ML}
}



@inproceedings{gasteiger2018predict,
  title={Predict then Propagate: Graph Neural Networks meet Personalized PageRank},
  author={Gasteiger, Johannes and Bojchevski, Aleksandar and G{\"u}nnemann, Stephan},
  booktitle={International Conference on Learning Representations},
  year={2018}
}



@article{hamilton2017inductive,
  title={Inductive representation learning on large graphs},
  author={Hamilton, Will and Ying, Zhitao and Leskovec, Jure},
  journal={Advances in Neural Information Processing Systems},
  volume={30},
  year={2017}
}



@inproceedings{
chen2018fastgcn,
title={Fast{GCN}: Fast Learning with Graph Convolutional Networks via Importance Sampling},
author={Jie Chen and Tengfei Ma and Cao Xiao},
booktitle={International Conference on Learning Representations},
year={2018},
url={https://openreview.net/forum?id=rytstxWAW},
}

@article{duvenaud2015convolutional,
  title={Convolutional networks on graphs for learning molecular fingerprints},
  author={Duvenaud, David K and Maclaurin, Dougal and Iparraguirre, Jorge and Bombarell, Rafael and Hirzel, Timothy and Aspuru-Guzik, Al{\'a}n and Adams, Ryan P},
  journal={Advances in Neural Information Processing Systems},
  volume={28},
  year={2015}
}


@article{cui2019traffic,
  title={Traffic graph convolutional recurrent neural network: A deep learning framework for network-scale traffic learning and forecasting},
  author={Cui, Zhiyong and Henrickson, Kristian and Ke, Ruimin and Wang, Yinhai},
  journal={IEEE Transactions on Intelligent Transportation Systems},
  volume={21},
  number={11},
  pages={4883--4894},
  year={2019},
  publisher={IEEE}
}



@inproceedings{li2019deepgcns,
  title={{DeepGCNs}: Can {GCNs} go as deep as cnns?},
  author={Li, Guohao and Muller, Matthias and Thabet, Ali and Ghanem, Bernard},
  booktitle={International Conference on Computer Vision},
  pages={9267--9276},
  year={2019}
}



@inproceedings{topping2021understanding,
  title={Understanding over-squashing and bottlenecks on graphs via curvature},
  author={Topping, Jake and Di Giovanni, Francesco and Chamberlain, Benjamin Paul and Dong, Xiaowen and Bronstein, Michael M},
  booktitle={International Conference on Learning Representations},
  year={2021}
}










@article{zhu2020beyond,
  title={Beyond homophily in graph neural networks: Current limitations and effective designs},
  author={Zhu, Jiong and Yan, Yujun and Zhao, Lingxiao and Heimann, Mark and Akoglu, Leman and Koutra, Danai},
  journal={Advances in Neural Information Processing Systems},
  volume={33},
  pages={7793--7804},
  year={2020}
}


@inproceedings{pei2019geom,
  title={Geom-{GCN}: Geometric Graph Convolutional Networks},
  author={Pei, Hongbin and Wei, Bingzhe and Chang, Kevin Chen-Chuan and Lei, Yu and Yang, Bo},
  booktitle={International Conference on Learning Representations},
  year={2019}
}


@article{cai2020note,
  title={A note on over-smoothing for graph neural networks},
  author={Cai, Chen and Wang, Yusu},
  journal={arXiv:2006.13318},
  year={2020}
}



@inproceedings{
alon2020bottleneck,
title={On the Bottleneck of Graph Neural Networks and its Practical Implications},
author={Uri Alon and Eran Yahav},
booktitle={International Conference on Learning Representations},
year={2021},
url={https://openreview.net/forum?id=i80OPhOCVH2}
}



@inproceedings{wang2022powerful,
  title={How powerful are spectral graph neural networks},
  author={Wang, Xiyuan and Zhang, Muhan},
  booktitle={International Conference on Machine Learning},
  pages={23341--23362},
  year={2022},
  organization={PMLR}
}


@inproceedings{gilmer2017neural,
  title={Neural message passing for quantum chemistry},
  author={Gilmer, Justin and Schoenholz, Samuel S and Riley, Patrick F and Vinyals, Oriol and Dahl, George E},
  booktitle={International Conference on Machine Learning},
  pages={1263--1272},
  year={2017},
  organization={PMLR}
}


@article{defferrard2016convolutional,
  title={Convolutional neural networks on graphs with fast localized spectral filtering},
  author={Defferrard, Micha{\"e}l and Bresson, Xavier and Vandergheynst, Pierre},
  journal={Advances in Neural Information Processing Systems},
  volume={29},
  year={2016}
}


@article{he2021bernnet,
  title={Bernnet: Learning arbitrary graph spectral filters via bernstein approximation},
  author={He, Mingguo and Wei, Zhewei and Xu, Hongteng and others},
  journal={Advances in Neural Information Processing Systems},
  volume={34},
  pages={14239--14251},
  year={2021}
}


@inproceedings{xu2018graph,
  title={Graph Wavelet Neural Network},
  author={Xu, Bingbing and Shen, Huawei and Cao, Qi and Qiu, Yunqi and Cheng, Xueqi},
  booktitle={International Conference on Learning Representations},
  year={2018}
}





@article{hammond2011wavelets,
  title={Wavelets on graphs via spectral graph theory},
  author={Hammond, David K and Vandergheynst, Pierre and Gribonval, R{\'e}mi},
  journal={Applied and Computational Harmonic Analysis},
  volume={30},
  number={2},
  pages={129--150},
  year={2011},
  publisher={Elsevier}
}

@article{HammondVandergheynstGribonval2009, 
  author = {Hammond, David K and Vandergheynst, Pierre and Gribonval, Rémi}, 
  journal = {Applied and Computational Harmonic Analysis},
  title = {Wavelets on Graphs via Spectral Graph Theory}, 
  year = {2011},
  volumne = {30},
  number = {2},
  pages = {129-150}, 
}

@misc{HammondVandergheynst2009,
  doi = {10.48550/ARXIV.0912.3848},
  
  url = {https://arxiv.org/abs/0912.3848},
  author = {Hammond, David K and Vandergheynst, Pierre and Gribonval, Rémi},
  keywords = {Functional Analysis (math.FA), Information Theory (cs.IT), FOS: Mathematics, FOS: Mathematics, FOS: Computer and information sciences, FOS: Computer and information sciences, 42C40; 65T90},
  title = {Wavelets on Graphs via Spectral Graph Theory},
  publisher = {arXiv},
  year = {2009},
  copyright = {arXiv.org perpetual, non-exclusive license}
}

@article{li2020fast,
  title={Fast {H}aar transforms for graph neural networks},
  author={Li, Ming and Ma, Zheng and Wang, Yu Guang and Zhuang, Xiaosheng},
  journal={Neural Networks},
  volume={128},
  pages={188--198},
  year={2020},
  publisher={Elsevier}
}


@article{bodnar2022neural,
  title={Neural sheaf diffusion: A topological perspective on heterophily and oversmoothing in {GNNs}},
  author={Bodnar, Cristian and Di Giovanni, Francesco and Chamberlain, Benjamin Paul and Li{\`o}, Pietro and Bronstein, Michael M},
  journal={arXiv:2202.04579},
  year={2022}
}



@inproceedings{hansen2020sheaf,
  title={Sheaf Neural Networks},
  author={Hansen, Jakob and Gebhart, Thomas},
  booktitle={NeurIPS Workshop on Topological Data Analysis and Beyond},
  year={2020}
}



@inproceedings{chamberlain2021grand,
  title={Grand: Graph neural diffusion},
  author={Chamberlain, Ben and Rowbottom, James and Gorinova, Maria I and Bronstein, Michael and Webb, Stefan and Rossi, Emanuele},
  booktitle={International Conference on Machine Learning},
  pages={1407--1418},
  year={2021},
  organization={PMLR}
}


@article{ni2019community,
  title={Community detection on networks with {R}icci flow},
  author={Ni, Chien-Chun and Lin, Yu-Yao and Luo, Feng and Gao, Jie},
  journal={Scientific reports},
  volume={9},
  number={1},
  pages={1--12},
  year={2019},
  publisher={Nature Publishing Group}
}







@article{zou2022simple,
  title={A Simple Yet Effective {SVD-GCN} for Directed Graphs},
  author={Zou, Chunya and Han, Andi and Lin, Lequan and Gao, Junbin},
  journal={arXiv:2205.09335},
  year={2022}
}




@inproceedings{wang2021deep,
  title={A deep graph wavelet convolutional neural network for semi-supervised node classification},
  author={Wang, Jingyi and Deng, Zhidong},
  booktitle={International Joint Conference on Neural Networks},
  pages={1--8},
  year={2021},
  organization={IEEE}
}



@article{chen2018neural,
  title={Neural ordinary differential equations},
  author={Chen, Ricky TQ and Rubanova, Yulia and Bettencourt, Jesse and Duvenaud, David K},
  journal={Advances in Neural Information Processing Systems},
  volume={31},
  year={2018}
}

@inproceedings{he2016deep,
  title={Deep residual learning for image recognition},
  author={He, Kaiming and Zhang, Xiangyu and Ren, Shaoqing and Sun, Jian},
  booktitle={Computer Vision and Pattern Recognition},
  pages={770--778},
  year={2016}
}


@article{avelar2019discrete,
  title={Discrete and continuous deep residual learning over graphs},
  author={Avelar, Pedro HC and Tavares, Anderson R and Gori, Marco and Lamb, Luis C},
  journal={arXiv:1911.09554},
  year={2019}
}



@article{poli2019graph,
  title={Graph neural ordinary differential equations},
  author={Poli, Michael and Massaroli, Stefano and Park, Junyoung and Yamashita, Atsushi and Asama, Hajime and Park, Jinkyoo},
  journal={arXiv:1911.07532},
  year={2019}
}



@inproceedings{xhonneux2020continuous,
  title={Continuous graph neural networks},
  author={Xhonneux, Louis-Pascal and Qu, Meng and Tang, Jian},
  booktitle={International Conference on Machine Learning},
  pages={10432--10441},
  year={2020},
  organization={PMLR}
}


@article{chamberlain2021beltrami_wrong,
  title={Beltrami flow and neural diffusion on graphs},
  author={Chamberlain, Benjamin and Rowbottom, James and Eynard, Davide and Di Giovanni, Francesco and Dong, Xiaowen and Bronstein, Michael},
  journal={Advances in Neural Information Processing Systems},
  volume={34},
  pages={1594--1609},
  year={2021}
}
@article{shi2024design,
  title={Design your own universe: A physics-informed agnostic method for enhancing graph neural networks},
  author={Shi, Dai and Han, Andi and Lin, Lequan and Guo, Yi and Wang, Zhiyong and Gao, Junbin},
  journal={International Journal of Machine Learning and Cybernetics},
  year={2024}
}
@inproceedings{chamberlain2021beltrami,
 author = {Chamberlain, Benjamin and Rowbottom, James and Eynard, Davide and Di Giovanni, Francesco and Dong, Xiaowen and Bronstein, Michael},
 booktitle = {Advances in Neural Information Processing Systems},
 editor = {M. Ranzato and A. Beygelzimer and Y. Dauphin and P.S. Liang and J. Wortman Vaughan},
 pages = {1594--1609},
 publisher = {Curran Associates, Inc.},
 title = {Beltrami Flow and Neural Diffusion on Graphs},
 url = {https://proceedings.neurips.cc/paper_files/paper/2021/file/0cbed40c0d920b94126eaf5e707be1f5-Paper.pdf},
 volume = {34},
 year = {2021}
}





@inproceedings{rusch2022graph,
  title={Graph-coupled oscillator networks},
  author={Rusch, T Konstantin and Chamberlain, Ben and Rowbottom, James and Mishra, Siddhartha and Bronstein, Michael},
  booktitle={International Conference on Machine Learning},
  pages={18888--18909},
  year={2022},
  organization={PMLR}
}


@article{zhou2022graph,
  title={Graph neural network for local corruption recovery},
  author={Zhou, Bingxin and Jiang, Yuanhong and Wang, Yu Guang and Liang, Jingwei and Gao, Junbin and Pan, Shirui and Zhang, Xiaoqun},
  journal={arXiv:2202.04936},
  year={2022}
}


@inproceedings{chen2022optimization,
  title={Optimization-Induced Graph Implicit Nonlinear Diffusion},
  author={Chen, Qi and Wang, Yifei and Wang, Yisen and Yang, Jiansheng and Lin, Zhouchen},
  booktitle={International Conference on Machine Learning},
  pages={3648--3661},
  year={2022},
  organization={PMLR}
}



@inproceedings{bo2021beyond,
  title={Beyond low-frequency information in graph convolutional networks},
  author={Bo, Deyu and Wang, Xiao and Shi, Chuan and Shen, Huawei},
  booktitle={AAAI Conference on Artificial Intelligence},
  volume={35},
  pages={3950--3957},
  year={2021}
}



@inproceedings{klicpera2019diffusion,
  title={Diffusion improves graph learning},
  author={Klicpera, Johannes and Wei{\ss}enberger, Stefan and G{\"u}nnemann, Stephan},
  booktitle={International Conference on Neural Information Processing Systems},
  pages={13366--13378},
  year={2019}
}


@article{nt2019revisiting,
  title={Revisiting graph neural networks: All we have is low-pass filters},
  author={Nt, Hoang and Maehara, Takanori},
  journal={arXiv:1905.09550},
  year={2019}
}
@article{shirevisiting,
  title={Revisiting Generalized p-Laplacian Regularized Framelet GCNs: Convergence, Energy Dynamic and as Non-Linear Diffusion},
  author={Shi, Dai and Shao, Zhiqi and Guo, Yi and Zhao, Qibin and Gao, Junbin},
  year = {2023},
  journal={Transactions on Machine Learning Research}
}

@inproceedings{satorras2021n,
  title={E (n) equivariant graph neural networks},
  author={Satorras, V{\i}ctor Garcia and Hoogeboom, Emiel and Welling, Max},
  booktitle={International conference on machine learning},
  pages={9323--9332},
  year={2021},
  organization={PMLR}
}

@article{xu2024equivariant,
  title={Equivariant graph neural operator for modeling 3d dynamics},
  author={Xu, Minkai and Han, Jiaqi and Lou, Aaron and Kossaifi, Jean and Ramanathan, Arvind and Azizzadenesheli, Kamyar and Leskovec, Jure and Ermon, Stefano and Anandkumar, Anima},
  journal={arXiv preprint arXiv:2401.11037},
  year={2024}
}
@article{dutta2021inferring,
  title={Inferring temporal dynamics from cross-sectional data using Langevin dynamics},
  author={Dutta, Pritha and Quax, Rick and Crielaard, Loes and Badiali, Luca and Sloot, Peter MA},
  journal={Royal Society open science},
  volume={8},
  number={11},
  pages={211374},
  year={2021},
  publisher={The Royal Society}
}
@article{chen2022live,
  title={Live-seq enables temporal transcriptomic recording of single cells},
  author={Chen, Wanze and Guillaume-Gentil, Orane and Rainer, Pernille Yde and G{\"a}belein, Christoph G and Saelens, Wouter and Gardeux, Vincent and Klaeger, Amanda and Dainese, Riccardo and Zachara, Magda and Zambelli, Tomaso and others},
  journal={Nature},
  volume={608},
  number={7924},
  pages={733--740},
  year={2022},
  publisher={Nature Publishing Group UK London}
}
@article{tripto2020evaluation,
  title={Evaluation of classification and forecasting methods on time series gene expression data},
  author={Tripto, Nafis Irtiza and Kabir, Mohimenul and Bayzid, Md Shamsuzzoha and Rahman, Atif},
  journal={Plos one},
  volume={15},
  number={11},
  pages={e0241686},
  year={2020},
  publisher={Public Library of Science San Francisco, CA USA}
}
@article{xie2024rna,
  title={RNA velocity prediction via neural ordinary differential equation},
  author={Xie, Chenxi and Yang, Yueyuxiao and Yu, Hao and He, Qiushun and Yuan, Mingze and Dong, Bin and Zhang, Li and Yang, Meng},
  journal={Iscience},
  volume={27},
  number={4},
  year={2024},
  publisher={Elsevier}
}

@inproceedings{
wu2023a,
title={A Non-Asymptotic Analysis of Oversmoothing in Graph Neural Networks},
author={Xinyi Wu and Zhengdao Chen and William Wei Wang and Ali Jadbabaie},
booktitle={The Eleventh International Conference on Learning Representations },
year={2023},
url={https://openreview.net/forum?id=CJd-BtnwtXq}
}

@inproceedings{chen2020simple,
  title={Simple and deep graph convolutional networks},
  author={Chen, Ming and Wei, Zhewei and Huang, Zengfeng and Ding, Bolin and Li, Yaliang},
  booktitle={International Conference on Machine Learning},
  pages={1725--1735},
  year={2020},
  organization={PMLR}
}


@article{yantwo_side2021,
  title={Two sides of the same coin: Heterophily and oversmoothing in graph convolutional neural networks},
  author={Yan, Yujun and Hashemi, Milad and Swersky, Kevin and Yang, Yaoqing and Koutra, Danai},
  journal={arXiv:2102.06462},
  year={2021}
}
@inproceedings{yang2016revisiting,
  title={Revisiting semi-supervised learning with graph embeddings},
  author={Yang, Zhilin and Cohen, William and Salakhudinov, Ruslan},
  booktitle={International Conference on Machine Learning},
  pages={40--48},
  year={2016},
  organization={PMLR}
}
@article{wu2018moleculenet,
  title={MoleculeNet: a benchmark for molecular machine learning},
  author={Wu, Zhenqin and Ramsundar, Bharath and Feinberg, Evan N and Gomes, Joseph and Geniesse, Caleb and Pappu, Aneesh S and Leswing, Karl and Pande, Vijay},
  journal={Chemical science},
  volume={9},
  number={2},
  pages={513--530},
  year={2018},
  publisher={Royal Society of Chemistry}
}
@incollection{wang2023graph,
  title={Graph neural networks for molecules},
  author={Wang, Yuyang and Li, Zijie and Barati Farimani, Amir},
  booktitle={Machine Learning in Molecular Sciences},
  pages={21--66},
  year={2023},
  publisher={Springer}
}
@article{sharma2024survey,
  title={A survey of graph neural networks for social recommender systems},
  author={Sharma, Kartik and Lee, Yeon-Chang and Nambi, Sivagami and Salian, Aditya and Shah, Shlok and Kim, Sang-Wook and Kumar, Srijan},
  journal={ACM Computing Surveys},
  volume={56},
  number={10},
  pages={1--34},
  year={2024},
  publisher={ACM New York, NY}
}
@article{zhang2022graph,
  title={Graph neural network approaches for drug-target interactions},
  author={Zhang, Zehong and Chen, Lifan and Zhong, Feisheng and Wang, Dingyan and Jiang, Jiaxin and Zhang, Sulin and Jiang, Hualiang and Zheng, Mingyue and Li, Xutong},
  journal={Current Opinion in Structural Biology},
  volume={73},
  pages={102327},
  year={2022},
  publisher={Elsevier}
}
@article{jiang2022graph,
  title={Graph neural network for traffic forecasting: A survey},
  author={Jiang, Weiwei and Luo, Jiayun},
  journal={Expert systems with applications},
  volume={207},
  pages={117921},
  year={2022},
  publisher={Elsevier}
}

@article{wu2020comprehensive,
  title={A comprehensive survey on graph neural networks},
  author={Wu, Zonghan and Pan, Shirui and Chen, Fengwen and Long, Guodong and Zhang, Chengqi and Philip, S Yu},
  journal={IEEE transactions on Neural Networks and Learning Systems},
  volume={32},
  number={1},
  pages={4--24},
  year={2020},
  publisher={IEEE}
}
@inproceedings{ZhuYanZhao2020,
 author = {Zhu, Jiong and Yan, Yujun and Zhao, Lingxiao and Heimann, Mark and Akoglu, Leman and Koutra, Danai},
 booktitle = {Advances in Neural Information Processing Systems}, 
 pages = {7793--7804}, 
 title = {Beyond Homophily in Graph Neural Networks: Current Limitations and Effective Designs}, 
 volume = {33},
 year = {2020}
}

  @inproceedings{zhou2005regularization,
  title={Regularization on discrete spaces},
  author={Zhou, Dengyong and Sch{\"o}lkopf, Bernhard},
  booktitle={Joint Pattern Recognition Symposium},
  pages={361--368},
  year={2005},
  organization={Springer}
}

@inproceedings{morris2019weisfeiler,
  title={Weisfeiler and leman go neural: Higher-order graph neural networks},
  author={Morris, Christopher and Ritzert, Martin and Fey, Matthias and Hamilton, William L and Lenssen, Jan Eric and Rattan, Gaurav and Grohe, Martin},
  booktitle={Proceedings of the AAAI conference on artificial intelligence},
  volume={33},
  pages={4602--4609},
  year={2019}
}
@article{gu2020implicit_wrong,
  title={Implicit graph neural networks},
  author={Gu, Fangda and Chang, Heng and Zhu, Wenwu and Sojoudi, Somayeh and El Ghaoui, Laurent},
  journal={Advances in Neural Information Processing Systems},
  volume={33},
  pages={11984--11995},
  year={2020}
}

@inproceedings{gu2020implicit,
 author = {Gu, Fangda and Chang, Heng and Zhu, Wenwu and Sojoudi, Somayeh and El Ghaoui, Laurent},
 booktitle = {Advances in Neural Information Processing Systems},
 editor = {H. Larochelle and M. Ranzato and R. Hadsell and M.F. Balcan and H. Lin},
 pages = {11984--11995},
 publisher = {Curran Associates, Inc.},
 title = {Implicit Graph Neural Networks},
 url = {https://proceedings.neurips.cc/paper_files/paper/2020/file/8b5c8441a8ff8e151b191c53c1842a38-Paper.pdf},
 volume = {33},
 year = {2020}
}

@article{liu2021eignn,
  title={Eignn: Efficient infinite-depth graph neural networks},
  author={Liu, Juncheng and Kawaguchi, Kenji and Hooi, Bryan and Wang, Yiwei and Xiao, Xiaokui},
  journal={Advances in Neural Information Processing Systems},
  volume={34},
  pages={18762--18773},
  year={2021}
}


@inproceedings{
park2022convergent,
title={Convergent Graph Solvers},
author={Junyoung Park and Jinhyun Choo and Jinkyoo Park},
booktitle={International Conference on Learning Representations},
year={2022},
url={https://openreview.net/forum?id=ItkxLQU01lD}
}

@article{tenenbaum2000global,
  title={A global geometric framework for nonlinear dimensionality reduction},
  author={Tenenbaum, Joshua B and Silva, Vin de and Langford, John C},
  journal={science},
  volume={290},
  number={5500},
  pages={2319--2323},
  year={2000},
  publisher={American Association for the Advancement of Science}
}
@article{dwivedi2022long,
  title={Long range graph benchmark},
  author={Dwivedi, Vijay Prakash and Ramp{\'a}{\v{s}}ek, Ladislav and Galkin, Michael and Parviz, Ali and Wolf, Guy and Luu, Anh Tuan and Beaini, Dominique},
  journal={Advances in Neural Information Processing Systems},
  volume={35},
  pages={22326--22340},
  year={2022}
}
@article{hu2020open,
  title={Open graph benchmark: Datasets for machine learning on graphs},
  author={Hu, Weihua and Fey, Matthias and Zitnik, Marinka and Dong, Yuxiao and Ren, Hongyu and Liu, Bowen and Catasta, Michele and Leskovec, Jure},
  journal={Advances in Neural Information Processing Systems},
  volume={33},
  pages={22118--22133},
  year={2020}
}

@inproceedings{WuZhangSouza2019,
  title={Simplifying Graph Convolutional Networks},
  author={Wu, Felix and Zhang, Tianyi and Souza, Amauri Holanda de and Fifty, Christopher and Yu, Tao and Weinberger, Kilian Q.},
  booktitle={International Conference on Machine Learning},
  year={2019},
}
@article{schmid2022dynamic,
  title={Dynamic mode decomposition and its variants},
  author={Schmid, Peter J},
  journal={Annual Review of Fluid Mechanics},
  volume={54},
  number={1},
  pages={225--254},
  year={2022},
  publisher={Annual Reviews}
}
@inproceedings{XuLiTianSonobe2018,
  title={Representation Learning on Graphs with Jumping Knowledge Networks},
  author={Xu, Keyulu and Li, Chengtao and Tian, Yonglong and Sonobe, Tomohiro and Kawarabayashi, Ken-ichi and Jegelka, Stefanie},
  booktitle={Proceedings of International Conference on Machine Learning},
  year={2018},
}
@article{zhang2023expressive,
  title={The expressive power of graph neural networks: A survey},
  author={Zhang, Bingxu and Fan, Changjun and Liu, Shixuan and Huang, Kuihua and Zhao, Xiang and Huang, Jincai and Liu, Zhong},
  journal={arXiv preprint arXiv:2308.08235},
  year={2023}
}
@inproceedings{GasteigerBojchevskiGunnemann2018,
  title={Predict then Propagate: Graph Neural Networks meet Personalized PageRank},
  author={Gasteiger, Johannes and Bojchevski, Aleksandar and Günnemann, Stephan},
  booktitle={Proceedings of International Conference on Learning Representations},
  year={2019},
}
@inproceedings{kidger2021neural,
  title={Neural sdes as infinite-dimensional gans},
  author={Kidger, Patrick and Foster, James and Li, Xuechen and Lyons, Terry J},
  booktitle={International conference on machine learning},
  pages={5453--5463},
  year={2021},
  organization={PMLR}
}
@article{elowitz2000synthetic,
  title={A synthetic oscillatory network of transcriptional regulators},
  author={Elowitz, Michael B and Leibler, Stanislas},
  journal={Nature},
  volume={403},
  number={6767},
  pages={335--338},
  year={2000},
  publisher={Nature Publishing Group UK London}
}
@inproceedings{ChienPengLiMilenkovic2020,
  title={Adaptive Universal Generalized PageRank Graph Neural Network},
  author={Chien, Eli and Peng, Jianhao and Li, Pan and Milenkovic, Olgica},
  booktitle={Proceedings of International Conference on Learning Representations},
  year={2021},
}

@article{drabek1997positive,
  title={Positive solutions for the p-{Laplacian}: application of the fibrering method},
  author={Dr{\'a}bek, Pavel and Pohozaev, Stanislav I},
  journal={Proceedings of the Royal Society of Edinburgh Section A: Mathematics},
  volume={127},
  number={4},
  pages={703--726},
  year={1997},
  publisher={Royal Society of Edinburgh Scotland Foundation}
}

@article{kawohl2016geometry,
  title={On the geometry of the $ p $-{Laplacian} operator},
  author={Kawohl, Bernd and Horak, Jiri},
  journal={arXiv:1604.07675},
  year={2016}
}

@article{torres2014boundary,
  title={Boundary value problem with fractional p-{Laplacian} operator},
  author={Torres, C{\'e}sar},
  journal={arXiv:1412.6438},
  year={2014}
}



@article{garcia1987existence,
  title={Existence and nonuniqueness for the p-{Laplacian}},
  author={Garc{\'\i}a Azorero, JP and Peral Alonso, I},
  journal={Communications in Partial Differential Equations},
  volume={12},
  number={12},
  pages={126--202},
  year={1987},
  publisher={Taylor \& Francis}
}

@article{Wei2022,
  author    = {Quanmin Wei and Jinyan Wang and Jun Hu and Xianxian Li and Tong Yi},
  title     = {{OGT}: optimize graph then training {GNNs} for node classification},
  journal   = {Neural Computing and Applications},
  volume    = {34},
  number    = {24},
  pages     = {22209--22222},
  year      = {2022},
  doi       = {10.1007/s00521-022-07677-5},
  url       = {https://doi.org/10.1007/s00521-022-07677-5}
  
}
@article{mosspseudotime,
  title={Pseudotime Diffusion},
  author={Moss, Jacob D and England, Jeremy L and Petach, Israel and Li{\'o}, Pietro},
  journal = {Machine Learning and the Physical Sciences Workshop, NeurIPS},
  year ={2023} 
}
@article{wei2021dtflow,
  title={DTFLOW: inference and visualization of single-cell pseudotime trajectory using diffusion propagation},
  author={Wei, Jiangyong and Zhou, Tianshou and Zhang, Xinan and Tian, Tianhai},
  journal={Genomics, Proteomics and Bioinformatics},
  volume={19},
  number={2},
  pages={306--318},
  year={2021},
  publisher={Oxford University Press}
}
@article{li2020scalable,
  title={Scalable gradients for stochastic differential equations},
  author={Li, Xuechen and Wong, Ting-Kam Leonard and Chen, Ricky T. Q. and Duvenaud, David},
  journal={International Conference on Artificial Intelligence and Statistics},
  year={2020}
}
@article{trapnell2014dynamics,
  title={The dynamics and regulators of cell fate decisions are revealed by pseudotemporal ordering of single cells},
  author={Trapnell, Cole and Cacchiarelli, Davide and Grimsby, Jonna and Pokharel, Prapti and Li, Shuqiang and Morse, Michael and Lennon, Niall J and Livak, Kenneth J and Mikkelsen, Tarjei S and Rinn, John L},
  journal={Nature biotechnology},
  volume={32},
  number={4},
  pages={381--386},
  year={2014},
  publisher={Nature Publishing Group US New York}
}
@article{ichinaga2024pydmd,
  title={PyDMD: A Python package for robust dynamic mode decomposition},
  author={Ichinaga, Sara M and Andreuzzi, Francesco and Demo, Nicola and Tezzele, Marco and Lapo, Karl and Rozza, Gianluigi and Brunton, Steven L and Kutz, J Nathan},
  journal={arXiv preprint arXiv:2402.07463},
  year={2024}
}
@article{shi2023curvature,
  title={How Curvature Enhance the Adaptation Power of Framelet {GCNs}},
  author={Shi, Dai and Guo, Yi and Shao, Zhiqi and Gao, Junbin},
  journal={arXiv:2307.09768},
  year={2023}
}

@misc{bi2022make,
      title={Make Heterophily Graphs Better Fit GNN: A Graph Rewiring Approach}, 
      author={Wendong Bi and Lun Du and Qiang Fu and Yanlin Wang and Shi Han and Dongmei Zhang},
      year={2022},
      eprint={2209.08264},
      archivePrefix={arXiv},
      primaryClass={cs.LG}
}

@misc{zheng2022graph,
      title={Graph Neural Networks for Graphs with Heterophily: A Survey}, 
      author={Xin Zheng and Yixin Liu and Shirui Pan and Miao Zhang and Di Jin and Philip S. Yu},
      year={2022},
      eprint={2202.07082},
      archivePrefix={arXiv},
      primaryClass={cs.LG}
}

@misc{eliasof2023improving,
      title={Improving Graph Neural Networks with Learnable Propagation Operators}, 
      author={Moshe Eliasof and Lars Ruthotto and Eran Treister},
      year={2023},
      eprint={2210.17224},
      archivePrefix={arXiv},
      primaryClass={cs.LG}
}


@inproceedings{kothapalli2023neural,
  title={A Neural Collapse Perspective on Feature Evolution in Graph Neural Networks},
  author={Kothapalli, Vignesh and Tirer, Tom and Bruna, Joan},
  booktitle={Conference on Neural Information Processing Systems},
  year={2023}
}
@article{dey2022dynamic,
  title={Dynamic mode decomposition and koopman theory},
  author={Dey, Sourya},
  journal={arXiv preprint arXiv:2211.07561},
  year={2022}
}
@article{schmid2010dynamic,
  title={Dynamic mode decomposition of numerical and experimental data},
  author={Schmid, Peter J},
  journal={Journal of fluid mechanics},
  volume={656},
  pages={5--28},
  year={2010},
  publisher={Cambridge University Press}
}
@article{groun2022higher,
  title={Higher order dynamic mode decomposition: From fluid dynamics to heart disease analysis},
  author={Groun, Nourelhouda and Villalba-Orero, Mar{\'\i}a and Lara-Pezzi, Enrique and Valero, Eusebio and Garicano-Mena, Jes{\'u}s and Le Clainche, Soledad},
  journal={Computers in Biology and Medicine},
  volume={144},
  pages={105384},
  year={2022},
  publisher={Elsevier}
}
@article{kutz2016koopman,
  title={Koopman theory for partial differential equations},
  author={Kutz, J Nathan and Proctor, Joshua L and Brunton, Steven L},
  journal={arXiv preprint arXiv:1607.07076},
  year={2016}
}
@article{mezic2013analysis,
  title={Analysis of fluid flows via spectral properties of the Koopman operator},
  author={Mezi{\'c}, Igor},
  journal={Annual review of fluid mechanics},
  volume={45},
  number={1},
  pages={357--378},
  year={2013},
  publisher={Annual Reviews}
}
@article{li2023koopman,
  title={Koopman analysis by the dynamic mode decomposition in wind engineering},
  author={Li, Cruz Y and Chen, Zengshun and Zhang, Xuelin and Tim, KT and Lin, Chongjia},
  journal={Journal of Wind Engineering and Industrial Aerodynamics},
  volume={232},
  pages={105295},
  year={2023},
  publisher={Elsevier}
}
@article{liu2024koopa,
  title={Koopa: Learning non-stationary time series dynamics with koopman predictors},
  author={Liu, Yong and Li, Chenyu and Wang, Jianmin and Long, Mingsheng},
  journal={Advances in Neural Information Processing Systems},
  volume={36},
  year={2024}
}
@article{arbabi2017ergodic,
  title={Ergodic theory, dynamic mode decomposition, and computation of spectral properties of the Koopman operator},
  author={Arbabi, Hassan and Mezic, Igor},
  journal={SIAM Journal on Applied Dynamical Systems},
  volume={16},
  number={4},
  pages={2096--2126},
  year={2017},
  publisher={SIAM}
}
@inproceedings{azencot2020forecasting,
  title={Forecasting sequential data using consistent koopman autoencoders},
  author={Azencot, Omri and Erichson, N Benjamin and Lin, Vanessa and Mahoney, Michael},
  booktitle={International Conference on Machine Learning},
  pages={475--485},
  year={2020},
  organization={PMLR}
}
@article{lange2021fourier,
  title={From fourier to koopman: Spectral methods for long-term time series prediction},
  author={Lange, Henning and Brunton, Steven L and Kutz, J Nathan},
  journal={Journal of Machine Learning Research},
  volume={22},
  number={41},
  pages={1--38},
  year={2021}
}

@inproceedings{
berman2023multifactor,
title={Multifactor Sequential Disentanglement via Structured Koopman Autoencoders},
author={Nimrod Berman and Ilan Naiman and Omri Azencot},
booktitle={The Eleventh International Conference on Learning Representations },
year={2023},
url={https://openreview.net/forum?id=6fuPIe9tbnC}
}




@article{nayak2024temporally,
  title={Temporally-Consistent Koopman Autoencoders for Forecasting Dynamical Systems},
  author={Nayak, Indranil and Goswami, Debdipta and Kumar, Mrinal and Teixeira, Fernando},
  journal={arXiv preprint arXiv:2403.12335},
  year={2024}
}
@article{eivazi2021recurrent,
  title={Recurrent neural networks and Koopman-based frameworks for temporal predictions in a low-order model of turbulence},
  author={Eivazi, Hamidreza and Guastoni, Luca and Schlatter, Philipp and Azizpour, Hossein and Vinuesa, Ricardo},
  journal={International Journal of Heat and Fluid Flow},
  volume={90},
  pages={108816},
  year={2021},
  publisher={Elsevier}
}
@article{koopman1931hamiltonian,
  title={Hamiltonian systems and transformation in Hilbert space},
  author={Koopman, Bernard O},
  journal={Proceedings of the National Academy of Sciences},
  volume={17},
  number={5},
  pages={315--318},
  year={1931},
  publisher={National Acad Sciences}
}