@article{giamattei2024,
  title={Causal reasoning in Software Quality Assurance: A systematic review},
  author={Giamattei, Luca and Guerriero, Antonio and Pietrantuono, Roberto and Russo, Stefano},
  journal={IST},
  pages={107599},
  year={2024},
  publisher={Elsevier}
}

@article{maier2024,
  title={CausalOpsâ€”Towards an industrial lifecycle for causal probabilistic graphical models},
  author={Maier, Robert and Schlattl, Andreas and Guess, Thomas and Mottok, J{\"u}rgen},
  journal={IST},
  volume={174},
  pages={107520},
  year={2024},
  publisher={Elsevier}
}

@inproceedings{maier2022,
  title={Towards causal model-based engineering in automotive system safety},
  author={Maier, Robert and Grabinger, Lisa and Urlhart, David and Mottok, J{\"u}rgen},
  booktitle={Int. Symp. on Model-Based Safety},
  pages={116--129},
  year={2022},
  organization={Springer}
}

@article{frattini2025,
  title={Applying bayesian data analysis for causal inference about requirements quality: a controlled experiment},
  author={Frattini, Julian and Fucci, Davide and Torkar, Richard and Montgomery, Lloyd and Unterkalmsteiner, Michael and Fischbach, Jannik and Mendez, Daniel},
  journal={Empirical Software Engineering},
  volume={30},
  number={1},
  pages={29},
  year={2025},
  publisher={Springer}
}

@inproceedings{jadallah2021,
  title={Cate: Causality tree extractor from natural language requirements},
  author={Jadallah, Noah and Fischbach, Jannik and Frattini, Julian and Vogelsang, Andreas},
  booktitle={2021 29th RE Conf. Workshops (REW)},
  pages={77--79},
  year={2021},
  organization={IEEE}
}

@article{gren2021,
  title={Is it possible to disregard obsolete requirements? a family of experiments in software effort estimation},
  author={Gren, Lucas and Berntsson Svensson, Richard},
  journal={REJ},
  volume={26},
  number={3},
  pages={459--480},
  year={2021},
  publisher={Springer}
}

@inproceedings{fischbach2020,
  title={Towards causality extraction from requirements},
  author={Fischbach, Jannik and Hauptmann, Benedikt and Konwitschny, Lukas and Spies, Dominik and Vogelsang, Andreas},
  booktitle={2020 28th IEEE RE Conf.},
  pages={388--393},
  year={2020},
  organization={IEEE}
}

@article{fischbach2023,
  title={Automatic creation of acceptance tests by extracting conditionals from requirements: NLP approach and case study},
  author={Fischbach, Jannik and Frattini, Julian and Vogelsang, Andreas and Mendez, Daniel and Unterkalmsteiner, Michael and Wehrle, Andreas and Henao, Pablo Restrepo and Yousefi, Parisa and Juricic, Tedi and Radduenz, Jeannette and others},
  journal={JSS},
  volume={197},
  pages={111549},
  year={2023},
  publisher={Elsevier}
}

@inproceedings{fischbach2021,
  title={Automatic detection of causality in requirement artifacts: the cira approach},
  author={Fischbach, Jannik and Frattini, Julian and Spaans, Arjen and Kummeth, Maximilian and Vogelsang, Andreas and Mendez, Daniel and Unterkalmsteiner, Michael},
  booktitle={2021 27th REFSQ},
  pages={19--36},
  year={2021},
  organization={Springer}
}

@article{Scholkopf2021,
  title={Toward causal representation learning},
  author={Sch{\"o}lkopf, Bernhard and Locatello, Francesco and Bauer, Stefan and Ke, Nan Rosemary and Kalchbrenner, Nal and Goyal, Anirudh and Bengio, Yoshua},
  journal={Proceedings of the IEEE},
  volume={109},
  number={5},
  pages={612--634},
  year={2021},
  publisher={IEEE}
}

@article{angrist1996,
  title={Identification of causal effects using instrumental variables},
  author={Angrist, Joshua D and Imbens, Guido W and Rubin, Donald B},
  journal={Journal of the American Stat. Asso.},
  volume={91},
  number={434},
  pages={444--455},
  year={1996},
  publisher={Taylor \& Francis}
}

@book{Glymour2016,
  title={Causal inference in statistics: A primer},
  author={Glymour, Madelyn and Pearl, Judea and Jewell, Nicholas P},
  year={2016},
  publisher={John Wiley \& Sons}
}

@article{hayduk2003,
  title={Pearl's D-separation: One more step into causal thinking},
  author={Hayduk, Leslie and Cummings, Greta and Stratkotter, Rainer and Nimmo, Melanie and Grygoryev, Kostyantyn and Dosman, Donna and Gillespie, Michael and Pazderka-Robinson, Hannah and Boadu, Kwame},
  journal={Structural Equation Modeling},
  volume={10},
  number={2},
  pages={289--311},
  year={2003},
  publisher={Taylor \& Francis}
}

@INPROCEEDINGS{ali2016,
author={Ali, Nawazish and Hanif, Athar and Ahmed, Qadeer},
booktitle={2016 ICISE}, 
title={Review in thermal effects on the performance of electric motors}, 
year={2016},
volume={},
number={},
pages={83-88}
}

@incollection{Scholkopf2013,
  title={Semi-supervised learning in causal and anticausal settings},
  author={Sch{\"o}lkopf, Bernhard and Janzing, Dominik and Peters, Jonas and Sgouritsa, Eleni and Zhang, Kun and Mooij, Joris},
  booktitle={Empirical inference},
  pages={129--141},
  year={2013},
  publisher={Springer}
}

@incollection{Pearl2019,
address = {London},
author = {Pearl, Judea},
booktitle = {Possible Minds: 25 Ways of Looking at AI},
chapter = {2},
editor = {Brockman, Johnm},
publisher = {Penguin Press},
title = {{The Limitations of Opaque Learning Machines}},
year = {2019}
}

@article{damour2022,
  title={Underspecification presents challenges for credibility in modern machine learning},
  author={D'Amour, Alexander and Heller, Katherine and Moldovan, Dan and Adlam, Ben and Alipanahi, Babak and Beutel, Alex and Chen, Christina and Deaton, Jonathan and Eisenstein, Jacob and Hoffman, Matthew D and others},
  journal={Journal of Machine Learning Research},
  volume={23},
  number={226},
  pages={1--61},
  year={2022}
}

@article{Mitchell2021,
  title={Algorithmic fairness: Choices, assumptions, and definitions},
  author={Mitchell, Shira and Potash, Eric and Barocas, Solon and D'Amour, Alexander and Lum, Kristian},
  journal={Ann. Review of Stat. and Its Appl.},
  volume={8},
  pages={141--163},
  year={2021},
  publisher={Annual Reviews}
}

@article{Knauss2016,
  title={ACon: A learning-based approach to deal with uncertainty in contextual requirements at runtime},
  author={Knauss, Alessia and Damian, Daniela and Franch, Xavier and Rook, Angela and M{\"u}ller, Hausi A and Thomo, Alex},
  journal={IST},
  volume={70},
  pages={85--99},
  year={2016},
  publisher={Elsevier}
}

@inproceedings{Knauss2014,
  title={Eliciting contextual requirements at design time: A case study},
  author={Knauss, Alessia and Damian, Daniela and Schneider, Kurt},
  booktitle={2014 4th Int. Workshop on Emp. RE},
  pages={56--63},
  year={2014},
  organization={IEEE}
}

@article{Kuwajima2020,
  title={Engineering problems in machine learning systems},
  author={Kuwajima, Hiroshi and Yasuoka, Hirotoshi and Nakae, Toshihiro},
  journal={MLg},
  volume={109},
  number={5},
  pages={1103--1126},
  year={2020},
  publisher={Springer}
}

@article{Goodfellow2018,
  title={Making machine learning robust against adversarial inputs},
  author={Goodfellow, Ian and McDaniel, Patrick and Papernot, Nicolas},
  journal={Comm. of the ACM},
  volume={61},
  number={7},
  pages={56--66},
  year={2018},
  publisher={ACM New York, NY, USA}
}

@inproceedings{Carlini2017,
  title={Towards evaluating the robustness of neural networks},
  author={Carlini, Nicholas and Wagner, David},
  booktitle={2017 IEEE Symp. on Sec. and Privacy},
  pages={39--57},
  year={2017},
  organization={IEEE}
}

@article{Borg2019,
  title={Safely Entering the Deep: A Review of Verification and Validation for Machine Learning and a Challenge Elicitation in the Automotive Industry},
  author={Borg, Markus and Englund, Cristofer and Wnuk, Krzysztof and Duran, Boris and Levandowski, Christoffer and Gao, Shenjian and Tan, Yanwen and Kaijser, Henrik and L{\"o}nn, Henrik and T{\"o}rnqvist, Jonas},
  journal={Journal of Automotive Software Engineering},
  volume={1},
  number={1},
  pages={1--19},
  year={2019}
}

@inproceedings{Rahimi2019,
  title={Toward requirements specification for machine-learned components},
  author={Rahimi, Mona and Guo, Jin LC and Kokaly, Sahar and Chechik, Marsha},
  booktitle={2019 27th IEEE RE Workshops (REW)},
  pages={241--244},
  year={2019},
  organization={IEEE}
}

@inproceedings{Fantechi2018,
  title={Requirement engineering of software product lines: Extracting variability using NLP},
  author={Fantechi, Alessandro and Ferrari, Alessio and Gnesi, Stefania and Semini, Laura},
  booktitle={2018 26th IEEE RE Conf.},
  pages={418--423},
  year={2018},
  organization={IEEE}
}

@article{villamizar2024,
  title={Identifying concerns when specifying machine learning-enabled systems: a perspective-based approach},
  author={Villamizar, Hugo and Kalinowski, Marcos and Lopes, H{\'e}lio and Mendez, Daniel},
  journal={JSS},
  volume={213},
  pages={112053},
  year={2024},
  publisher={Elsevier}
}
@inproceedings{alves2023,
  title={Status quo and problems of requirements engineering for machine learning: Results from an international survey},
  author={Alves, Antonio Pedro Santos and Kalinowski, Marcos and Giray, G{\"o}rkem and Mendez, Daniel and Lavesson, Niklas and Azevedo, Kelly and Villamizar, Hugo and Escovedo, Tatiana and Lopes, Helio and Biffl, Stefan and others},
  booktitle={Int. Conf. on Product-Focused Soft. Proc. Improv.},
  pages={159--174},
  year={2023},
  organization={Springer}
}

@article{ahmad2023,
  title={Requirements engineering for artificial intelligence systems: A systematic mapping study},
  author={Ahmad, Khlood and Abdelrazek, Mohamed and Arora, Chetan and Bano, Muneera and Grundy, John},
  journal={IST},
  volume={158},
  pages={107176},
  year={2023},
  publisher={Elsevier}
}

@inproceedings{pei2022,
  title={Requirements engineering for machine learning: A review and reflection},
  author={Pei, Zhongyi and Liu, Lin and Wang, Chen and Wang, Jianmin},
  booktitle={2022 30th IEEE RE Conf. Workshops (REW)},
  pages={166--175},
  year={2022},
  organization={IEEE}
}

@inproceedings{franch2023,
  title={A requirements engineering perspective to AI-based systems development: A vision paper},
  author={Franch, Xavier and Jedlitschka, Andreas and Mart{\'\i}nez-Fern{\'a}ndez, Silverio},
  booktitle={2023 REFSQ},
  pages={223--232},
  year={2023},
  organization={Springer}
}