@inproceedings{Backdoor_Attack_1,
  title={Graph Backdoor},
  author={Zhaohan Xi and Ren Pang and Shouling Ji and Ting Wang},
  booktitle={USENIX Security Symposium},
  year={2020}
}

@inproceedings{Backdoor_Attack_2,
author = {Zhang, Zaixi and Jia, Jinyuan and Wang, Binghui and Gong, Neil Zhenqiang},
title = {Backdoor Attacks to Graph Neural Networks},
year = {2021},
booktitle = {SACMAT},
pages = {15–26}
}

@inproceedings{MinMax,
author = {Xu, Kaidi and Chen, Hongge and Liu, Sijia and Chen, Pin-Yu and Weng, Tsui-Wei and Hong, Mingyi and Lin, Xue},
title = {Topology attack and defense for graph neural networks: an optimization perspective},
year = {2019},
booktitle = {IJCAI},
pages = {3961–3967}
}

@inproceedings{NIPA,
author = {Sun, Yiwei and Wang, Suhang and Tang, Xianfeng and Hsieh, Tsung-Yu and Honavar, Vasant},
title = {Adversarial Attacks on Graph Neural Networks via Node Injections: A Hierarchical Reinforcement Learning Approach},
year = {2020},
booktitle = {WWW},
pages = {673–683}
}

@inproceedings{Nettack,
author = {Z\"{u}gner, Daniel and Akbarnejad, Amir and G\"{u}nnemann, Stephan},
title = {Adversarial Attacks on Neural Networks for Graph Data},
year = {2018},
booktitle = {KDD},
pages = {2847–2856}
}

@InProceedings{RL-S2V,
  title = 	 {Adversarial Attack on Graph Structured Data},
  author =       {Dai, Hanjun and Li, Hui and Tian, Tian and Huang, Xin and Wang, Lin and Zhu, Jun and Song, Le},
  booktitle = 	 {ICML},
  pages = 	 {1115--1124},
  year = 	 {2018},
  volume = 	 {80}
}

@inproceedings{TDGIA,
author = {Zou, Xu and Zheng, Qinkai and Dong, Yuxiao and Guan, Xinyu and Kharlamov, Evgeny and Lu, Jialiang and Tang, Jie},
title = {TDGIA: Effective Injection Attacks on Graph Neural Networks},
year = {2021},
booktitle = {KDD},
pages = {2461–2471}
}

@inproceedings{UGBA,
author = {Dai, Enyan and Lin, Minhua and Zhang, Xiang and Wang, Suhang},
title = {Unnoticeable Backdoor Attacks on Graph Neural Networks},
year = {2023},
booktitle = {WWW},
pages = {2263–2273}
}

