@InProceedings{RL-S2V,
  title = 	 {Adversarial Attack on Graph Structured Data},
  author =       {Dai, Hanjun and Li, Hui and Tian, Tian and Huang, Xin and Wang, Lin and Zhu, Jun and Song, Le},
  booktitle = 	 {ICML},
  pages = 	 {1115--1124},
  year = 	 {2018},
  volume = 	 {80}
}

@inproceedings{Nettack,
author = {Z\"{u}gner, Daniel and Akbarnejad, Amir and G\"{u}nnemann, Stephan},
title = {Adversarial Attacks on Neural Networks for Graph Data},
year = {2018},
booktitle = {KDD},
pages = {2847–2856}
}

@inproceedings{Meta_Attack,
author = {Daniel Z{\"{u}}gner and Stephan G{\"{u}}nnemann},
title  = {Adversarial Attacks on Graph Neural Networks via Meta Learning},
booktitle = {ICLR},
year = {2019}
}

@article{FGA,
  title={Fast Gradient Attack on Network Embedding},
  author={Jinyin Chen and Yangyang Wu and Xuanheng Xu and Yixian Chen and Haibin Zheng and Qi Xuan},
  journal={ArXiv},
  year={2018}
}

@article{AFGSM,
  title={Scalable attack on graph data by injecting vicious nodes},
  author={Jihong Wang and Minnan Luo and Fnu Suya and Jundong Li and Zijiang James Yang and Qinghua Zheng},
  journal={Data Mining and Knowledge Discovery},
  year={2020},
  volume={34},
  pages={1363 - 1389}
}

@inproceedings{GF-Attack,
  title={A Restricted Black-Box Adversarial Framework Towards Attacking Graph Embedding Models},
  author={Heng Chang and Yu Rong and Tingyang Xu and Wenbing Huang and Honglei Zhang and Peng Cui and Wenwu Zhu and Junzhou Huang},
  booktitle={AAAI},
  year={2019}
}

@article{GNN_Attack_Review,
  title={A Comprehensive Survey on Trustworthy Graph Neural Networks: Privacy, Robustness, Fairness, and Explainability},
  author={Enyan Dai and Tianxiang Zhao and Huaisheng Zhu and Jun Xu and Zhimeng Guo and Hui Liu and Jiliang Tang and Suhang Wang},
  journal={ArXiv},
  year={2022}
}

@inproceedings{NIPA,
author = {Sun, Yiwei and Wang, Suhang and Tang, Xianfeng and Hsieh, Tsung-Yu and Honavar, Vasant},
title = {Adversarial Attacks on Graph Neural Networks via Node Injections: A Hierarchical Reinforcement Learning Approach},
year = {2020},
booktitle = {WWW},
pages = {673–683}
}

@inproceedings{G-NIA,
author = {Tao, Shuchang and Cao, Qi and Shen, Huawei and Huang, Junjie and Wu, Yunfan and Cheng, Xueqi},
title = {Single Node Injection Attack against Graph Neural Networks},
year = {2021},
booktitle = {CIKM},
pages = {1794–1803}
}

@inproceedings{TDGIA,
author = {Zou, Xu and Zheng, Qinkai and Dong, Yuxiao and Guan, Xinyu and Kharlamov, Evgeny and Lu, Jialiang and Tang, Jie},
title = {TDGIA: Effective Injection Attacks on Graph Neural Networks},
year = {2021},
booktitle = {KDD},
pages = {2461–2471}
}

@inproceedings{GCN,
  author = {Thomas N. Kipf and Max Welling},
  title = {Semi-Supervised Classification with Graph Convolutional Networks},
  booktitle = {ICLR},
  year = {2017}
}

@inproceedings{SGC,
  title={Simplifying Graph Convolutional Networks},
  author={Felix Wu and Tianyi Zhang and Amauri H. de Souza and Christopher Fifty and Tao Yu and Kilian Q. Weinberger},
  booktitle={ICML},
  year={2019}
}

@inproceedings{GraphSAGE,
author = {Hamilton, William L. and Ying, Rex and Leskovec, Jure},
title = {Inductive representation learning on large graphs},
year = {2017},
booktitle = {NIPS},
pages = {1025–1035}
}

@article{VGAE,
  title={Variational Graph Auto-Encoders},
  author={Thomas Kipf and Max Welling},
  journal={ArXiv},
  year={2016}
}

@inproceedings{MinMax,
author = {Xu, Kaidi and Chen, Hongge and Liu, Sijia and Chen, Pin-Yu and Weng, Tsui-Wei and Hong, Mingyi and Lin, Xue},
title = {Topology attack and defense for graph neural networks: an optimization perspective},
year = {2019},
booktitle = {IJCAI},
pages = {3961–3967}
}

@inproceedings{Backdoor_Attack_1,
  title={Graph Backdoor},
  author={Zhaohan Xi and Ren Pang and Shouling Ji and Ting Wang},
  booktitle={USENIX Security Symposium},
  year={2020}
}

@inproceedings{Backdoor_Attack_2,
author = {Zhang, Zaixi and Jia, Jinyuan and Wang, Binghui and Gong, Neil Zhenqiang},
title = {Backdoor Attacks to Graph Neural Networks},
year = {2021},
booktitle = {SACMAT},
pages = {15–26}
}

@inproceedings{UGBA,
author = {Dai, Enyan and Lin, Minhua and Zhang, Xiang and Wang, Suhang},
title = {Unnoticeable Backdoor Attacks on Graph Neural Networks},
year = {2023},
booktitle = {WWW},
pages = {2263–2273}
}

@article{Flip_Label,
  author = {Konda Reddy Mopuri and Vaisakh Shaj and R. Venkatesh Babu},
  title = {Adversarial Fooling Beyond "Flipping the Label"},
  journal = {arXiv},
  year = {2020}
}
