@article{vaughan2003brain,
  title={Brain-computer interface technology: a review of the Second International Meeting.},
  author={Vaughan, Theresa M and Heetderks, William J and Trejo, Leonard J and Rymer, William Z and Weinrich, Michael and Moore, Melody M and K{\"u}bler, Andrea and Dobkin, Bruce H and Birbaumer, Niels and Donchin, Emanuel and others},
  journal={IEEE transactions on neural systems and rehabilitation engineering: a publication of the IEEE Engineering in Medicine and Biology Society},
  volume={11},
  number={2},
  pages={94--109},
  year={2003}
}

@article{kaplan2005nonstationary,
  title={Nonstationary nature of the brain activity as revealed by EEG/MEG: methodological, practical and conceptual challenges},
  author={Kaplan, Alexander Ya and Fingelkurts, Andrew A and Fingelkurts, Alexander A and Borisov, Sergei V and Darkhovsky, Boris S},
  journal={Signal processing},
  volume={85},
  number={11},
  pages={2190--2212},
  year={2005},
  publisher={Elsevier}
}

@article{pan2009survey,
  title={A survey on transfer learning},
  author={Pan, Sinno Jialin and Yang, Qiang},
  journal={IEEE Transactions on knowledge and data engineering},
  volume={22},
  number={10},
  pages={1345--1359},
  year={2009},
  publisher={IEEE}
}
@article{jiang2008literature,
  title={A literature survey on domain adaptation of statistical classifiers},
  author={Jiang, Jing},
  journal={URL: http://sifaka. cs. uiuc. edu/jiang4/domainadaptation/survey},
  volume={3},
  number={1-12},
  pages={3},
  year={2008},
  publisher={Citeseer}
}

@inproceedings{ijcai2017p371,
  author    = {Andrew Slavin Ross and Michael C. Hughes and Finale
Doshi-Velez},
  title     = {Right for the Right Reasons: Training Differentiable
Models by Constraining their Explanations},
  booktitle = {Proceedings of the Twenty-Sixth International Joint
Conference on
               Artificial Intelligence, {IJCAI-17}},
  pages     = {2662--2670},
  year      = {2017},
  doi       = {10.24963/ijcai.2017/371},
  url       = {https://doi.org/10.24963/ijcai.2017/371},
}


@article{xiao2017fashion,
  title={Fashion-mnist: a novel image dataset for benchmarking machine learning algorithms},
  author={Xiao, Han and Rasul, Kashif and Vollgraf, Roland},
  journal={arXiv preprint arXiv:1708.07747},
  year={2017}
}


@inproceedings{apicella2022toward,
  author       = {Andrea Apicella and
                  Francesco Isgr{\`{o}} and
                  Andrea Pollastro and
                  Roberto Prevete},

  title        = {Toward the Application of {XAI} Methods in EEG-based Systems},
  booktitle    = {Proceedings of the 3rd Italian Workshop on Explainable Artificial
                  Intelligence co-located with 21th International Conference of the
                  Italian Association for Artificial Intelligence(AIxIA 2022), Udine,
                  Italy, November 28 - December 3, 2022},
  series       = {{CEUR} Workshop Proceedings},
  volume       = {3277},
  pages        = {1--15},
  publisher    = {CEUR-WS.org},
  year         = {2022},
}

@inproceedings{he2016deep,
  title={Deep residual learning for image recognition},
  author={He, Kaiming and Zhang, Xiangyu and Ren, Shaoqing and Sun, Jian},
  booktitle={Proceedings of the IEEE conference on computer vision and pattern recognition},
  pages={770--778},
  year={2016}
}


@article{zhou2022domain,
  title={Domain generalization: A survey},
  author={Zhou, Kaiyang and Liu, Ziwei and Qiao, Yu and Xiang, Tao and Loy, Chen Change},
  journal={IEEE Transactions on Pattern Analysis and Machine Intelligence},
  year={2022},
  publisher={IEEE}
}

@article{jimenez2021study,
  title={A study of the effects of negative transfer on deep unsupervised domain adaptation methods},
  author={Jim{\'e}nez-Guarneros, Magdiel and G{\'o}mez-Gil, Pilar},
  journal={Expert Systems with Applications},
  volume={167},
  pages={114088},
  year={2021},
  publisher={Elsevier}
}

@article{apicella2019explaining,
	author = {Apicella, A. and Isgrò, F. and Prevete, R. and Sorrentino, A. and Tamburrini, G.},
	title={Explaining classification systems using sparse dictionaries},
	year={2019},
	journal={ESANN 2019 - Proceedings, 27th European Symposium on Artificial Neural Networks, Computational Intelligence and Machine Learning},
	pages = {495 – 500},
}

@inproceedings{apicella2015sparse,
  title={Sparse dictionaries for the explanation of classification systems},
  author={Apicella, A and Isgro, F and Prevete, R and Tamburrini, G and Vietri, A},
  booktitle={PIE},
  pages={009},
  year={2015}
}



@inproceedings{ribeiro2016should,
  title={"Why should i trust you?" Explaining the predictions of any classifier},
  author={Ribeiro, Marco Tulio and Singh, Sameer and Guestrin, Carlos},
  booktitle={Proceedings of the 22nd ACM SIGKDD international conference on knowledge discovery and data mining},
  pages={1135--1144},
  year={2016}
}
@article{annuzzi2023impact,
  title={Impact of nutritional factors in blood glucose prediction in type 1 diabetes through machine learning},
  author={Annuzzi, Giovanni and Apicella, Andrea and Arpaia, Pasquale and Bozzetto, Lutgarda and Criscuolo, Sabatina and De Benedetto, Egidio and Pesola, Marisa and Prevete, Roberto and Vallefuoco, Ersilia},
  journal={IEEE Access},
  volume={11},
  pages={17104--17115},
  year={2023},
  publisher={IEEE}
}

@article{schramowski2020making,
  title={Making deep neural networks right for the right scientific reasons by interacting with their explanations},
  author={Schramowski, Patrick and Stammer, Wolfgang and Teso, Stefano and Brugger, Anna and Herbert, Franziska and Shao, Xiaoting and Luigs, Hans-Georg and Mahlein, Anne-Katrin and Kersting, Kristian},
  journal={Nature Machine Intelligence},
  volume={2},
  number={8},
  pages={476--486},
  year={2020},
  publisher={Nature Publishing Group UK London}
}
@article{hagos2023learning,
  title={Learning from Exemplary Explanations},
  author={Hagos, Misgina Tsighe and Curran, Kathleen M and Mac Namee, Brian},
  journal={arXiv preprint arXiv:2307.06026},
  year={2023}
}

@inproceedings{NEURIPS2023_9c537882,
 author = {Pukdee, Rattana and Sam, Dylan and Kolter, J. Zico and
Balcan, Maria-Florina F and Ravikumar, Pradeep},
 booktitle = {Advances in Neural Information Processing Systems},
 pages = {49883--49926},
 publisher = {Curran Associates, Inc.},
 title = {Learning with Explanation Constraints}, 
volume = {36},
 year = {2023}
}

@article{teso2023leveraging,
  title={Leveraging explanations in interactive machine learning: An overview},
  author={Teso, Stefano and Alkan, {\"O}znur and Stammer, Wolfgang and Daly, Elizabeth},
  journal={Frontiers in Artificial Intelligence},
  volume={6},
  pages={1066049},
  year={2023},
  publisher={Frontiers}
}

@article{wosiak2020hybrid,
  title={Hybrid Method of Automated EEG Signals’ Selection Using Reversed Correlation Algorithm for Improved Classification of Emotions},
  author={Wosiak, Agnieszka and Dura, Aleksandra},
  journal={Sensors},
  volume={20},
  number={24},
  pages={7083},
  year={2020},
  publisher={MDPI}
}

@article{zheng2021portable,
  title={A portable HCI system-oriented EEG feature extraction and channel selection for emotion recognition},
  author={Zheng, Xiangwei and Liu, Xiaofeng and Zhang, Yuang and Cui, Lizhen and Yu, Xiaomei},
  journal={International Journal of Intelligent Systems},
  volume={36},
  number={1},
  pages={152--176},
  year={2021},
  publisher={Wiley Online Library}
}

@article{das2020opportunities,
  title={Opportunities and challenges in explainable artificial intelligence (xai): A survey},
  author={Das, Arun and Rad, Paul},
  journal={arXiv preprint arXiv:2006.11371},
  year={2020}
}


@article{schoonderwoerd2021human,
  title={Human-centered XAI: Developing design patterns for explanations of clinical decision support systems},
  author={Schoonderwoerd, Tjeerd AJ and Jorritsma, Wiard and Neerincx, Mark A and Van Den Bosch, Karel},
  journal={International Journal of Human-Computer Studies},
  volume={154},
  pages={102684},
  year={2021},
  publisher={Elsevier}
}

@incollection{selvam2022explainable,
  title={Explainable Artificial Intelligence with Metaheuristic Feature Selection Technique for Biomedical Data Classification},
  author={Selvam, R Pandi and Oliver, A Sheryl and Mohan, V and Prakash, NB and Jayasankar, T},
  booktitle={Biomedical Data Analysis and Processing Using Explainable (XAI) and Responsive Artificial Intelligence (RAI)},
  pages={43--57},
  year={2022},
  publisher={Springer}
}

@inproceedings{zeiler2014visualizing,
  title={Visualizing and understanding convolutional networks},
  author={Zeiler, Matthew D and Fergus, Rob},
  booktitle={European conference on computer vision},
  pages={818--833},
  year={2014},
  organization={Springer}
}



@book{quinonero2008dataset,
  title={Dataset shift in machine learning},
  author={Quinonero-Candela, Joaquin and Sugiyama, Masashi and Schwaighofer, Anton and Lawrence, Neil D},
  year={2008},
  publisher={Mit Press}
}

@article{zheng2015investigating, title={Investigating Critical Frequency Bands and Channels for {EEG}-based Emotion Recognition with Deep Neural Networks}, author={Zheng, Wei-Long and Lu, Bao-Liang}, journal={IEEE Transactions on Autonomous Mental Development}, doi={10.1109/TAMD.2015.2431497}, year={2015}, volume={7}, number={3}, pages={162-175}, publisher={IEEE} }

@inproceedings{duan2013differential, title={Differential entropy feature for {EEG}-based emotion classification}, author={Duan, Ruo-Nan and Zhu, Jia-Yi and Lu, Bao-Liang}, booktitle={6th International IEEE/EMBS Conference on Neural Engineering (NER)}, pages={81--84}, year={2013}, organization={IEEE} }

@article{liyanage2013dynamically,
  title={Dynamically weighted ensemble classification for non-stationary EEG processing},
  author={Liyanage, Sidath Ravindra and Guan, Cuntai and Zhang, Haihong and Ang, Kai Keng and Xu, JianXin and Lee, Tong Heng},
  journal={Journal of neural engineering},
  volume={10},
  number={3},
  pages={036007},
  year={2013},
  publisher={IOP Publishing}
}

@article{meltzer2007individual,
  title={Individual differences in EEG theta and alpha dynamics during working memory correlate with fMRI responses across subjects},
  author={Meltzer, Jed A and Negishi, Michiro and Mayes, Linda C and Constable, R Todd},
  journal={Clinical neurophysiology},
  volume={118},
  number={11},
  pages={2419--2436},
  year={2007},
  publisher={Elsevier}
}

@article{snoek2012practical,
  title={Practical bayesian optimization of machine learning algorithms},
  author={Snoek, Jasper and Larochelle, Hugo and Adams, Ryan P},
  journal={Advances in neural information processing systems},
  volume={25},
  year={2012}
}

@incollection{neyman1992two,
  title={On the two different aspects of the representative method: the method of stratified sampling and the method of purposive selection},
  author={Neyman, Jerzy},
  booktitle={Breakthroughs in statistics},
  pages={123--150},
  year={1992},
  publisher={Springer}
}

@article{kingma2014adam,
  title={Adam: A method for stochastic optimization},
  author={Kingma, Diederik P and Ba, Jimmy},
  journal={arXiv preprint arXiv:1412.6980},
  year={2014}
}

@article{bach2015pixel,
  title={On pixel-wise explanations for non-linear classifier decisions by layer-wise relevance propagation},
  author={Bach, Sebastian and Binder, Alexander and Montavon, Gr{\'e}goire and Klauschen, Frederick and M{\"u}ller, Klaus-Robert and Samek, Wojciech},
  journal={PloS one},
  volume={10},
  number={7},
  pages={e0130140},
  year={2015},
  publisher={Public Library of Science San Francisco, CA USA}
}

@inproceedings{sundararajan2017axiomatic,
  title={Axiomatic attribution for deep networks},
  author={Sundararajan, Mukund and Taly, Ankur and Yan, Qiqi},
  booktitle={International conference on machine learning},
  pages={3319--3328},
  year={2017},
  organization={PMLR}
}

@article{simonyan2013deep,
  title={Deep inside convolutional networks: Visualising image classification models and saliency maps},
  author={Simonyan, Karen and Vedaldi, Andrea and Zisserman, Andrew},
  journal={arXiv preprint arXiv:1312.6034},
  year={2013}
}

@inproceedings{shrikumar2017learning,
  title={Learning important features through propagating activation differences},
  author={Shrikumar, Avanti and Greenside, Peyton and Kundaje, Anshul},
  booktitle={International conference on machine learning},
  pages={3145--3153},
  year={2017},
  organization={PMLR}
}

@article{springenberg2014striving,
  title={Striving for simplicity: The all convolutional net},
  author={Springenberg, Jost Tobias and Dosovitskiy, Alexey and Brox, Thomas and Riedmiller, Martin},
  journal={arXiv preprint arXiv:1412.6806},
  year={2014}
}

@article{apicella2021eeg,
  title={EEG-based detection of emotional valence towards a reproducible measurement of emotions},
  author={Apicella, Andrea and Arpaia, Pasquale and Mastrati, Giovanna and Moccaldi, Nicola},
  journal={Scientific Reports},
  volume={11},
  number={1},
  pages={1--16},
  year={2021},
  publisher={Nature Publishing Group}
}


@article{apicella2021high,
  title={High-wearable EEG-based distraction detection in motor rehabilitation},
  author={Apicella, Andrea and Arpaia, Pasquale and Frosolone, Mirco and Moccaldi, Nicola},
  journal={Scientific Reports},
  volume={11},
  number={1},
  pages={1--9},
  year={2021},
  publisher={Nature Publishing Group}
}
@article{apicella2022eeg,
  title={EEG-based measurement system for monitoring student engagement in learning 4.0},
  author={Apicella, Andrea and Arpaia, Pasquale and Frosolone, Mirco and Improta, Giovanni and Moccaldi, Nicola and Pollastro, Andrea},
  journal={Scientific Reports},
  volume={12},
  number={1},
  pages={1--13},
  year={2022},
  publisher={Nature Publishing Group}
}

@article{apicella2022exploiting,
  title={Exploiting auto-encoders and segmentation methods for middle-level explanations of image classification systems},
  author={Apicella, Andrea and Giugliano, Salvatore and Isgr{\`o}, Francesco and Prevete, Roberto},
  journal={Knowledge-Based Systems},
  volume={255},
  pages={109725},
  year={2022},
  publisher={Elsevier}
}

@article{mashrur2022bci,
  title={BCI-Based Consumers' Choice Prediction From EEG Signals: An Intelligent Neuromarketing Framework},
  author={Mashrur, Fazla Rabbi and Rahman, Khandoker Mahmudur and Miya, Mohammad Tohidul Islam and Vaidyanathan, Ravi and Anwar, Syed Ferhat and Sarker, Farhana and Mamun, Khondaker A},
  journal={Frontiers in Human Neuroscience},
  volume={16},
  year={2022},
  publisher={Frontiers Media SA}
}

@article{marshall2013games,
  title={Games, gameplay, and BCI: the state of the art},
  author={Marshall, David and Coyle, Damien and Wilson, Shane and Callaghan, Michael},
  journal={IEEE Transactions on Computational Intelligence and AI in Games},
  volume={5},
  number={2},
  pages={82--99},
  year={2013},
  publisher={IEEE}
}


@article{subha2010eeg,
  title={EEG signal analysis: a survey},
  author={Subha, D Puthankattil and Joseph, Paul K and Acharya U, Rajendra and Lim, Choo Min and others},
  journal={Journal of medical systems},
  volume={34},
  number={2},
  pages={195--212},
  year={2010},
  publisher={Springer}
}

@inproceedings{arpaia2021wearable,
  title={A Wearable AR-based BCI for Robot Control in ADHD Treatment: Preliminary Evaluation of Adherence to Therapy},
  author={Arpaia, Pasquale and Criscuolo, Sabatina and De Benedetto, Egidio and Donato, Nicola and Duraccio, Luigi},
  booktitle={2021 15th International Conference on Advanced Technologies, Systems and Services in Telecommunications (TELSIKS)},
  pages={321--324},
  year={2021},
  organization={IEEE}
}

@inproceedings{bender2023towards,
  title={Towards Fixing Clever-Hans Predictors with Counterfactual Knowledge Distillation},
  author={Bender, Sidney and Anders, Christopher J and Chormai, Pattarawat and Marxfeld, Heike Antje and Herrmann, Jan and Montavon, Gr{\'e}goire},
  booktitle={Proceedings of the IEEE/CVF International Conference on Computer Vision},
  pages={2607--2615},
  year={2023}
}

@inproceedings{rao2023studying,
  title={Studying How to Efficiently and Effectively Guide Models with Explanations},
  author={Rao, Sukrut and B{\"o}hle, Moritz and Parchami-Araghi, Amin and Schiele, Bernt},
  booktitle={Proceedings of the IEEE/CVF International Conference on Computer Vision},
  pages={1922--1933},
  year={2023}
}

@inproceedings{arpaia2021metrological,
  title={Metrological characterization of a low-cost electroencephalograph for wearable neural interfaces in industry 4.0 applications},
  author={Arpaia, Pasquale and Callegaro, Luca and Cultrera, Alessandro and Esposito, Antonio and Ortolano, Massimo},
  booktitle={2021 IEEE International Workshop on Metrology for Industry 4.0 \& IoT (MetroInd4. 0\&IoT)},
  pages={1--5},
  year={2021},
  organization={IEEE}
}

@article{casson2010wearable,
  title={Wearable electroencephalography},
  author={Casson, Alexander J and Yates, David C and Smith, Shelagh JM and Duncan, John S and Rodriguez-Villegas, Esther},
  journal={IEEE engineering in medicine and biology magazine},
  volume={29},
  number={3},
  pages={44--56},
  year={2010},
  publisher={IEEE}
}



@ARTICLE{apicella2019contrastive,
 author = {Apicella A. and Isgrò F. and Prevete R. and Tamburrini G.},
 title = {Contrastive explanations to classification systems using sparse dictionaries},
 year = {2019},
 journal = {Lecture Notes in Computer Science (including subseries Lecture Notes in Artificial Intelligence and Lecture Notes in Bioinformatics)},
 volume = {11751 LNCS},
 pages = {207 – 218},
}

@article{samek2016evaluating,
  title={Evaluating the visualization of what a deep neural network has learned},
  author={Samek, Wojciech and Binder, Alexander and Montavon, Gr{\'e}goire and Lapuschkin, Sebastian and M{\"u}ller, Klaus-Robert},
  journal={IEEE transactions on neural networks and learning systems},
  volume={28},
  number={11},
  pages={2660--2673},
  year={2016},
  publisher={IEEE}
}


@article{arpaia2022successfully,
  title={How to successfully classify EEG in motor imagery BCI: a metrological analysis of the state of the art},
  author={Arpaia, Pasquale and Esposito, Antonio and Natalizio, Angela and Parvis, Marco},
  journal={Journal of Neural Engineering},
  year={2022},
  publisher={IOP Publishing}
}

@ARTICLE{apicella2022survey,
  author={Apicella, Andrea and Arpaia, Pasquale and Isgrò, Francesco and Mastrati, Giovanna and Moccaldi, Nicola},
  journal={IEEE Access}, 
  title={A survey on EEG-based solutions for emotion recognition with a low number of channels}, 
  year={2022},
  volume={},
  number={},
  pages={1-1},
doi={10.1109/ACCESS.2022.3219844}}

@inproceedings{ribera2019can,
  title={Can we do better explanations? A proposal of user-centered explainable AI.},
  author={Ribera, Mireia and Lapedriza, Agata},
  booktitle={IUI Workshops},
  volume={2327},
  pages={38},
  year={2019}
}
@article{miller2019explanation,
  title={Explanation in artificial intelligence: Insights from the social sciences},
  author={Miller, Tim},
  journal={Artificial intelligence},
  volume={267},
  pages={1--38},
  year={2019},
  publisher={Elsevier}
}
@article{lipton2018mythos,
  title={The Mythos of Model Interpretability: In machine learning, the concept of interpretability is both important and slippery.},
  author={Lipton, Zachary C},
  journal={Queue},
  volume={16},
  number={3},
  pages={31--57},
  year={2018},
  publisher={ACM New York, NY, USA}
}
@article{arrieta2019explainable,
  title={Explainable Artificial Intelligence (XAI): Concepts, Taxonomies, Opportunities and Challenges toward Responsible AI},
  author={Arrieta, Alejandro Barredo and D{\'\i}az-Rodr{\'\i}guez, Natalia and Del Ser, Javier and Bennetot, Adrien and Tabik, Siham and Barbado, Alberto and Garc{\'\i}a, Salvador and Gil-L{\'o}pez, Sergio and Molina, Daniel and Benjamins, Richard and others},
  journal={Information Fusion},
  volume={58},
  issue={June},
  pages={82-115},
  year={2020},
  publisher={Elsevier}
}
@article{weber2022beyond,
  title={Beyond explaining: Opportunities and challenges of XAI-based model improvement},
  author={Weber, Leander and Lapuschkin, Sebastian and Binder, Alexander and Samek, Wojciech},
  journal={Information Fusion},
  year={2022},
  publisher={Elsevier}
}
@article{yeom2021pruning,
  title={Pruning by explaining: A novel criterion for deep neural network pruning},
  author={Yeom, Seul-Ki and Seegerer, Philipp and Lapuschkin, Sebastian and Binder, Alexander and Wiedemann, Simon and M{\"u}ller, Klaus-Robert and Samek, Wojciech},
  journal={Pattern Recognition},
  volume={115},
  pages={107899},
  year={2021},
  publisher={Elsevier}
}

@article{apicella2022enhancement,
  title={Enhancement of SSVEPs classification in BCI-based wearable instrumentation through machine Learning Techniques},
  author={Apicella, Andrea and Arpaia, Pasquale and De Benedetto, Egidio and Donato, Nicola and Duraccio, Luigi and Giugliano, Salvatore and Prevete, Roberto},
  journal={IEEE Sensors Journal},
  volume={22},
  number={9},
  pages={9087--9094},
  year={2022},
  publisher={IEEE}
}

@article{montavon2017explaining,
  title={Explaining nonlinear classification decisions with deep taylor decomposition},
  author={Montavon, Gr{\'e}goire and Lapuschkin, Sebastian and Binder, Alexander and Samek, Wojciech and M{\"u}ller, Klaus-Robert},
  journal={Pattern recognition},
  volume={65},
  pages={211--222},
  year={2017},
  publisher={Elsevier}
}

@inproceedings{sun2021explanation,
  title={Explanation-guided training for cross-domain few-shot classification},
  author={Sun, Jiamei and Lapuschkin, Sebastian and Samek, Wojciech and Zhao, Yunqing and Cheung, Ngai-Man and Binder, Alexander},
  booktitle={2020 25th International Conference on Pattern Recognition (ICPR)},
  pages={7609--7616},
  year={2021},
  organization={IEEE}
}


@article{schiller2019relevance,
  title={Relevance-based feature masking: Improving neural network based whale classification through explainable artificial intelligence},
  author={Schiller, Dominik and Huber, Tobias and Lingenfelser, Florian and Dietz, Michael and Seiderer, Andreas and Andr{\'e}, Elisabeth},
  year={2019}
}

@article{zunino2021excitation,
  title={Excitation dropout: Encouraging plasticity in deep neural networks},
  author={Zunino, Andrea and Bargal, Sarah Adel and Morerio, Pietro and Zhang, Jianming and Sclaroff, Stan and Murino, Vittorio},
  journal={International Journal of Computer Vision},
  volume={129},
  number={4},
  pages={1139--1152},
  year={2021},
  publisher={Springer}
}

@article{hinton2012improving,
  title={Improving neural networks by preventing co-adaptation of feature detectors},
  author={Hinton, Geoffrey E and Srivastava, Nitish and Krizhevsky, Alex and Sutskever, Ilya and Salakhutdinov, Ruslan R},
  journal={arXiv preprint arXiv:1207.0580},
  year={2012}
}

@article{zhang2018top,
  title={Top-down neural attention by excitation backprop},
  author={Zhang, Jianming and Bargal, Sarah Adel and Lin, Zhe and Brandt, Jonathan and Shen, Xiaohui and Sclaroff, Stan},
  journal={International Journal of Computer Vision},
  volume={126},
  number={10},
  pages={1084--1102},
  year={2018},
  publisher={Springer}
}

@article{ismail2021improving,
  title={Improving deep learning interpretability by saliency guided training},
  author={Ismail, Aya Abdelsalam and Corrada Bravo, Hector and Feizi, Soheil},
  journal={Advances in Neural Information Processing Systems},
  volume={34},
  pages={26726--26739},
  year={2021}
}

@inproceedings{ha2019improvement,
  title={Improvement in deep networks for optimization using explainable artificial intelligence},
  author={ha Lee, Jin and hee Shin, Ik and gu Jeong, Sang and Lee, Seung-Ik and Zaheer, Muhamamad Zaigham and Seo, Beom-Su},
  booktitle={2019 International Conference on Information and Communication Technology Convergence (ICTC)},
  pages={525--530},
  year={2019},
  organization={IEEE}
}

@article{bargal2021guided,
  title={Guided zoom: Zooming into network evidence to refine fine-grained model decisions},
  author={Bargal, Sarah Adel and Zunino, Andrea and Petsiuk, Vitali and Zhang, Jianming and Saenko, Kate and Murino, Vittorio and Sclaroff, Stan},
  journal={IEEE Transactions on Pattern Analysis and Machine Intelligence},
  volume={43},
  number={11},
  pages={4196--4202},
  year={2021},
  publisher={IEEE}
}

@inproceedings{zunino2021explainable,
  title={Explainable deep classification models for domain generalization},
  author={Zunino, Andrea and Bargal, Sarah Adel and Volpi, Riccardo and Sameki, Mehrnoosh and Zhang, Jianming and Sclaroff, Stan and Murino, Vittorio and Saenko, Kate},
  booktitle={Proceedings of the IEEE/CVF Conference on Computer Vision and Pattern Recognition},
  pages={3233--3242},
  year={2021}
}

@inproceedings{selvaraju2019taking,
  title={Taking a hint: Leveraging explanations to make vision and language models more grounded},
  author={Selvaraju, Ramprasaath R and Lee, Stefan and Shen, Yilin and Jin, Hongxia and Ghosh, Shalini and Heck, Larry and Batra, Dhruv and Parikh, Devi},
  booktitle={Proceedings of the IEEE/CVF international conference on computer vision},
  pages={2591--2600},
  year={2019}
}

@inproceedings{selvaraju2017grad,
  title={Grad-cam: Visual explanations from deep networks via gradient-based localization},
  author={Selvaraju, Ramprasaath R and Cogswell, Michael and Das, Abhishek and Vedantam, Ramakrishna and Parikh, Devi and Batra, Dhruv},
  booktitle={Proceedings of the IEEE international conference on computer vision},
  pages={618--626},
  year={2017}
}


@article{mahapatra2021interpretability,
  title={Interpretability-driven sample selection using self supervised learning for disease classification and segmentation},
  author={Mahapatra, Dwarikanath and Poellinger, Alexander and Shao, Ling and Reyes, Mauricio},
  journal={IEEE transactions on medical imaging},
  volume={40},
  number={10},
  pages={2548--2562},
  year={2021},
  publisher={IEEE}
}



@inproceedings{apicella2022approach,
  author       = {Andrea Apicella and
                  Francesco Isgr{\`{o}} and
                  Roberto Prevete},
  title        = {{XAI} Approach for Addressing the Dataset Shift Problem: {BCI} as
                  a Case Study (short paper)},
  booktitle    = {Proceedings of 1st Workshop on Bias, Ethical AI, Explainability and
                  the Role of Logic and Logic Programming {(BEWARE} 2022) co-located
                  with the 21th International Conference of the Italian Association
                  for Artificial Intelligence (AI*IA 2022), Udine, Italy, December 2,
                  2022},
  series       = {{CEUR} Workshop Proceedings},
  volume       = {3319},
  pages        = {83--88},
  year         = {2022}, 
}

@inproceedings{mathew2021hatexplain,
  title={Hatexplain: A benchmark dataset for explainable hate speech detection},
  author={Mathew, Binny and Saha, Punyajoy and Yimam, Seid Muhie and Biemann, Chris and Goyal, Pawan and Mukherjee, Animesh},
  booktitle={Proceedings of the AAAI Conference on Artificial Intelligence},
  volume={35},
  number={17},
  pages={14867--14875},
  year={2021}
}


@inproceedings{hind2019ted,
  title={TED: Teaching AI to explain its decisions},
  author={Hind, Michael and Wei, Dennis and Campbell, Murray and Codella, Noel CF and Dhurandhar, Amit and Mojsilovi{\'c}, Aleksandra and Natesan Ramamurthy, Karthikeyan and Varshney, Kush R},
  booktitle={Proceedings of the 2019 AAAI/ACM Conference on AI, Ethics, and Society},
  pages={123--129},
  year={2019}
}


@article{lei2016rationalizing,
  title={Rationalizing neural predictions},
  author={Lei, Tao and Barzilay, Regina and Jaakkola, Tommi},
  journal={arXiv preprint arXiv:1606.04155},
  year={2016}
}

@article{bento2021improving,
  title={Improving deep learning performance by using Explainable Artificial Intelligence (XAI) approaches},
  author={Bento, Vitor and Kohler, Manoela and Diaz, Pedro and Mendoza, Leonardo and Pacheco, Marco Aurelio},
  journal={Discover Artificial Intelligence},
  volume={1},
  pages={1--11},
  year={2021},
  publisher={Springer}
}


@inproceedings{sun2022utilizing,
  title={Utilizing Explainable AI for improving the Performance of Neural Networks},
  author={Sun, Huawei and Servadei, Lorenzo and Feng, Hao and Stephan, Michael and Santra, Avik and Wille, Robert},
  booktitle={2022 21st IEEE International Conference on Machine Learning and Applications (ICMLA)},
  pages={1775--1782},
  year={2022},
  organization={IEEE}
}

@inproceedings{marcilio2020explanations,
  title={From explanations to feature selection: assessing SHAP values as feature selection mechanism},
  author={Marc{\'\i}lio, Wilson E and Eler, Danilo M},
  booktitle={2020 33rd SIBGRAPI conference on Graphics, Patterns and Images (SIBGRAPI)},
  pages={340--347},
  year={2020},
  organization={Ieee}
}

@inproceedings{rieger2020interpretations,
  title={Interpretations are useful: penalizing explanations to align neural networks with prior knowledge},
  author={Rieger, Laura and Singh, Chandan and Murdoch, William and Yu, Bin},
  booktitle={International conference on machine learning},
  pages={8116--8126},
  year={2020},
  organization={PMLR}
}

@article{murdoch2018beyond,
author       = {W. James Murdoch and Peter J. Liu and Bin Yu},
  title        = {Beyond Word Importance: Contextual Decomposition to Extract Interactions from LSTMs},
  booktitle    = {6th International Conference on Learning Representations, {ICLR} 2018, Vancouver, BC, Canada, April 30 - May 3, 2018, Conference Track Proceedings},
  publisher    = {OpenReview.net},
  year         = {2018},
}
@inproceedings{sheikholeslami2021autoablation,
  title={Autoablation: Automated parallel ablation studies for deep learning},
  author={Sheikholeslami, Sina and Meister, Moritz and Wang, Tianze and Payberah, Amir H and Vlassov, Vladimir and Dowling, Jim},
  booktitle={Proceedings of the 1st Workshop on Machine Learning and Systems},
  pages={55--61},
  year={2021}
}
@article{moosbauer2022automated,
  title={Automated benchmark-driven design and explanation of hyperparameter optimizers},
  author={Moosbauer, Julia and Binder, Martin and Schneider, Lennart and Pfisterer, Florian and Becker, Marc and Lang, Michel and Kotthoff, Lars and Bischl, Bernd},
  journal={IEEE Transactions on Evolutionary Computation},
  volume={26},
  number={6},
  pages={1336--1350},
  year={2022},
  publisher={IEEE}
}

@article{demvsar2006statistical,
  title={Statistical comparisons of classifiers over multiple data sets},
  author={Dem{\v{s}}ar, Janez},
  journal={The Journal of Machine learning research},
  volume={7},
  pages={1--30},
  year={2006},
  publisher={JMLR. org}
}


@article{lipton2018troubling,
  title={Troubling trends in machine learning scholarship},
  author={Lipton, Zachary C and Steinhardt, Jacob},
  journal={arXiv preprint arXiv:1807.03341},
  year={2018}
}
@article{sculley2018winner,
  title={Winner's curse? On pace, progress, and empirical rigor},
  author={Sculley, David and Snoek, Jasper and Wiltschko, Alex and Rahimi, Ali},
  year={2018}
}
@inproceedings{henderson2018deep,
  title={Deep reinforcement learning that matters},
  author={Henderson, Peter and Islam, Riashat and Bachman, Philip and Pineau, Joelle and Precup, Doina and Meger, David},
  booktitle={Proceedings of the AAAI conference on artificial intelligence},
  volume={32},
  number={1},
  year={2018}
}

@article{lucic2018gans,
  title={Are gans created equal? a large-scale study},
  author={Lucic, Mario and Kurach, Karol and Michalski, Marcin and Gelly, Sylvain and Bousquet, Olivier},
  journal={Advances in neural information processing systems},
  volume={31},
  year={2018}
}

@inproceedings{vaswani2007attention,
  title={Attention is all you need. In Advances in neural information processing systems},
  author={Vaswani, A and Shazeer, N and Parmar, N and Uszkoreit, J and Jones, L and Gomez, AN and Kaiser, {\L} and Polosukhin, I},
  booktitle={Proc. NIPS},
  pages={5998--6008},
  year={2007}
}
@article{riquelme2018deep,
  title={Deep bayesian bandits showdown: An empirical comparison of bayesian deep networks for thompson sampling},
  author={Riquelme, Carlos and Tucker, George and Snoek, Jasper},
  journal={arXiv preprint arXiv:1802.09127},
  year={2018}
}

@article{melis2017state,
  title={On the state of the art of evaluation in neural language models},
  author={Melis, G{\'a}bor and Dyer, Chris and Blunsom, Phil},
  journal={arXiv preprint arXiv:1707.05589},
  year={2017}
}

@article{reimers2017reporting,
  title={Reporting score distributions makes a difference: Performance study of lstm-networks for sequence tagging},
  author={Reimers, Nils and Gurevych, Iryna},
  journal={arXiv preprint arXiv:1707.09861},
  year={2017}
}
@inproceedings{fokkens2013offspring,
  title={Offspring from reproduction problems: What replication failure teaches us},
  author={Fokkens, Antske and Van Erp, Marieke and Postma, Marten and Pedersen, Ted and Vossen, Piek and Freire, Nuno},
  booktitle={Proceedings of the 51st Annual Meeting of the Association for Computational Linguistics (Volume 1: Long Papers)},
  pages={1691--1701},
  year={2013}
}

@inproceedings{dodge2019show,
 title = "Show Your Work: Improved Reporting of Experimental Results",
    author = "Dodge, Jesse  and
      Gururangan, Suchin  and
      Card, Dallas  and
      Schwartz, Roy  and
      Smith, Noah A.",
    booktitle = "Proceedings of the 2019 Conference on Empirical Methods in Natural Language Processing and the 9th International Joint Conference on Natural Language Processing (EMNLP-IJCNLP)",
    year = "2019",
    pages = "2185--2194",
}

@article{forde2019scientific,
  title={The scientific method in the science of machine learning},
  author={Forde, Jessica Zosa and Paganini, Michela},
  journal={arXiv preprint arXiv:1904.10922},
  year={2019}
}
@article{bell2022modeling,
  title={Modeling the machine learning multiverse},
  author={Bell, Samuel J and Kampman, Onno and Dodge, Jesse and Lawrence, Neil},
  journal={Advances in Neural Information Processing Systems},
  volume={35},
  pages={18416--18429},
  year={2022}
}

@inproceedings{ferrari2019we,
  title={Are we really making much progress? A worrying analysis of recent neural recommendation approaches},
  author={Ferrari Dacrema, Maurizio and Cremonesi, Paolo and Jannach, Dietmar},
  booktitle={Proceedings of the 13th ACM conference on recommender systems},
  pages={101--109},
  year={2019}
}

@inproceedings{musgrave2020metric,
  title={A metric learning reality check},
  author={Musgrave, Kevin and Belongie, Serge and Lim, Ser-Nam},
  booktitle={Computer Vision--ECCV 2020: 16th European Conference, Glasgow, UK, August 23--28, 2020, Proceedings, Part XXV 16},
  pages={681--699},
  year={2020},
  organization={Springer}
}
@inproceedings{sun2020we,
  title={Are we evaluating rigorously? benchmarking recommendation for reproducible evaluation and fair comparison},
  author={Sun, Zhu and Yu, Di and Fang, Hui and Yang, Jie and Qu, Xinghua and Zhang, Jie and Geng, Cong},
  booktitle={Proceedings of the 14th ACM Conference on Recommender Systems},
  pages={23--32},
  year={2020}
}

@article{liem2020run,
  title={Run, forest, run? on randomization and reproducibility in predictive software engineering},
  author={Liem, Cynthia and Panichella, Annibale},
  journal={arXiv preprint arXiv:2012.08387},
  year={2020}
}
@article{paullada2021data,
  title={Data and its (dis) contents: A survey of dataset development and use in machine learning research},
  author={Paullada, Amandalynne and Raji, Inioluwa Deborah and Bender, Emily M and Denton, Emily and Hanna, Alex},
  journal={Patterns},
  volume={2},
  number={11},
  pages={100336},
  year={2021},
  publisher={Elsevier}
}
@article{meyes2019ablation,
  title={Ablation studies in artificial neural networks},
  author={Meyes, Richard and Lu, Melanie and de Puiseau, Constantin Waubert and Meisen, Tobias},
  journal={arXiv preprint arXiv:1901.08644},
  year={2019}
}

@inproceedings{woods2018expanding,
  title={Expanding search in the space of empirical ml},
  author={Woods, Bronwyn},
  booktitle={Critiquing and Correcting Trends in Machine Learning workshop at NeurIPS 2018},
  year={2018}
}

@InProceedings{nagarajan2018impact,
  author = {Nagarajan, Prabhat and Warnell, Garrett and Stone, Peter},
  title = {The Impact of Nondeterminism on Reproducibility in Deep Reinforcement Learning},
  booktitle = {2nd Reproducibility in Machine Learning Workshop at ICML 2018, Stockholm, Sweden},
  location = {Stockholm, Sweden},
  month = {July},
  year = {2018}
} 

@inproceedings{madhyastha2019model,
  author       = {Pranava Madhyastha and
                  Rishabh Jain},
  title        = {On Model Stability as a Function of Random Seed},
  booktitle    = {Proceedings of the 23rd Conference on Computational Natural Language Learning, CoNLL 2019, Hong Kong, China, November 3-4, 2019},
  pages        = {929--939},
  year         = {2019},
}


@inproceedings{summers2021nondeterminism,
  title={Nondeterminism and instability in neural network optimization},
  author={Summers, Cecilia and Dinneen, Michael J},
  booktitle={International Conference on Machine Learning},
  pages={9913--9922},
  year={2021},
  organization={PMLR}
}
@inproceedings{recht2019imagenet,
  title={Do imagenet classifiers generalize to imagenet?},
  author={Recht, Benjamin and Roelofs, Rebecca and Schmidt, Ludwig and Shankar, Vaishaal},
  booktitle={International conference on machine learning},
  pages={5389--5400},
  year={2019},
  organization={PMLR}
}

@inproceedings{mitchell2019model,
  title={Model cards for model reporting},
  author={Mitchell, Margaret and Wu, Simone and Zaldivar, Andrew and Barnes, Parker and Vasserman, Lucy and Hutchinson, Ben and Spitzer, Elena and Raji, Inioluwa Deborah and Gebru, Timnit},
  booktitle={Proceedings of the conference on fairness, accountability, and transparency},
  pages={220--229},
  year={2019}
}


@article{vaughan2003brain,
  title={Brain-computer interface technology: a review of the Second International Meeting.},
  author={Vaughan, Theresa M and Heetderks, William J and Trejo, Leonard J and Rymer, William Z and Weinrich, Michael and Moore, Melody M and K{\"u}bler, Andrea and Dobkin, Bruce H and Birbaumer, Niels and Donchin, Emanuel and others},
  journal={IEEE transactions on neural systems and rehabilitation engineering: a publication of the IEEE Engineering in Medicine and Biology Society},
  volume={11},
  number={2},
  pages={94--109},
  year={2003}
}

@article{kaplan2005nonstationary,
  title={Nonstationary nature of the brain activity as revealed by EEG/MEG: methodological, practical and conceptual challenges},
  author={Kaplan, Alexander Ya and Fingelkurts, Andrew A and Fingelkurts, Alexander A and Borisov, Sergei V and Darkhovsky, Boris S},
  journal={Signal processing},
  volume={85},
  number={11},
  pages={2190--2212},
  year={2005},
  publisher={Elsevier}
}

@article{pan2009survey,
  title={A survey on transfer learning},
  author={Pan, Sinno Jialin and Yang, Qiang},
  journal={IEEE Transactions on knowledge and data engineering},
  volume={22},
  number={10},
  pages={1345--1359},
  year={2009},
  publisher={IEEE}
}
@article{jiang2008literature,
  title={A literature survey on domain adaptation of statistical classifiers},
  author={Jiang, Jing},
  journal={URL: http://sifaka. cs. uiuc. edu/jiang4/domainadaptation/survey},
  volume={3},
  number={1-12},
  pages={3},
  year={2008},
  publisher={Citeseer}
}


@article{xiao2017fashion,
  title={Fashion-mnist: a novel image dataset for benchmarking machine learning algorithms},
  author={Xiao, Han and Rasul, Kashif and Vollgraf, Roland},
  journal={arXiv preprint arXiv:1708.07747},
  year={2017}
}




@inproceedings{he2016deep,
  title={Deep residual learning for image recognition},
  author={He, Kaiming and Zhang, Xiangyu and Ren, Shaoqing and Sun, Jian},
  booktitle={Proceedings of the IEEE conference on computer vision and pattern recognition},
  pages={770--778},
  year={2016}
}


@article{zhou2022domain,
  title={Domain generalization: A survey},
  author={Zhou, Kaiyang and Liu, Ziwei and Qiao, Yu and Xiang, Tao and Loy, Chen Change},
  journal={IEEE Transactions on Pattern Analysis and Machine Intelligence},
  year={2022},
  publisher={IEEE}
}

@article{jimenez2021study,
  title={A study of the effects of negative transfer on deep unsupervised domain adaptation methods},
  author={Jim{\'e}nez-Guarneros, Magdiel and G{\'o}mez-Gil, Pilar},
  journal={Expert Systems with Applications},
  volume={167},
  pages={114088},
  year={2021},
  publisher={Elsevier}
}

@inproceedings{apicella2015sparse,
  title={Sparse dictionaries for the explanation of classification systems},
  author={Apicella, A and Isgro, F and Prevete, R and Tamburrini, G and Vietri, A},
  booktitle={PIE},
  pages={009},
  year={2015}
}



@article{wosiak2020hybrid,
  title={Hybrid Method of Automated EEG Signals’ Selection Using Reversed Correlation Algorithm for Improved Classification of Emotions},
  author={Wosiak, Agnieszka and Dura, Aleksandra},
  journal={Sensors},
  volume={20},
  number={24},
  pages={7083},
  year={2020},
  publisher={MDPI}
}

@article{zheng2021portable,
  title={A portable HCI system-oriented EEG feature extraction and channel selection for emotion recognition},
  author={Zheng, Xiangwei and Liu, Xiaofeng and Zhang, Yuang and Cui, Lizhen and Yu, Xiaomei},
  journal={International Journal of Intelligent Systems},
  volume={36},
  number={1},
  pages={152--176},
  year={2021},
  publisher={Wiley Online Library}
}

@article{das2020opportunities,
  title={Opportunities and challenges in explainable artificial intelligence (xai): A survey},
  author={Das, Arun and Rad, Paul},
  journal={arXiv preprint arXiv:2006.11371},
  year={2020}
}


@inproceedings{qian2021xnlp,
  title={XNLP: A living survey for XAI research in natural language processing},
  author={Qian, Kun and Danilevsky, Marina and Katsis, Yannis and Kawas, Ban and Oduor, Erick and Popa, Lucian and Li, Yunyao},
  booktitle={26th International Conference on Intelligent User Interfaces-Companion},
  pages={78--80},
  year={2021}
}

@incollection{laxmi2022modeling,
  title={Modeling of Explainable Artificial Intelligence with Correlation-Based Feature Selection Approach for Biomedical Data Analysis},
  author={Laxmi Lydia, E and Anupama, CSS and Sharmili, N},
  booktitle={Biomedical Data Analysis and Processing Using Explainable (XAI) and Responsive Artificial Intelligence (RAI)},
  pages={17--32},
  year={2022},
  publisher={Springer}
}


@article{ieracitano2022novel,
  title={A novel explainable machine learning approach for EEG-based brain-computer interface systems},
  author={Ieracitano, Cosimo and Mammone, Nadia and Hussain, Amir and Morabito, Francesco Carlo},
  journal={Neural Computing and Applications},
  volume={34},
  number={14},
  pages={11347--11360},
  year={2022},
  publisher={Springer}
}

@inproceedings{du2019learning,
  title={Learning credible deep neural networks with rationale regularization},
  author={Du, Mengnan and Liu, Ninghao and Yang, Fan and Hu, Xia},
  booktitle={2019 IEEE International Conference on Data Mining (ICDM)},
  pages={150--159},
  year={2019},
  organization={IEEE}
}


@inproceedings{hu-etal-2016-harnessing,
    title = "Harnessing Deep Neural Networks with Logic Rules",
    author = "Hu, Zhiting  and
      Ma, Xuezhe  and
      Liu, Zhengzhong  and
      Hovy, Eduard  and
      Xing, Eric",
    editor = "Erk, Katrin  and
      Smith, Noah A.",
    booktitle = "Proceedings of the 54th Annual Meeting of the Association for Computational Linguistics (Volume 1: Long Papers)",
    month = aug,
    year = "2016",
    address = "Berlin, Germany",
    publisher = "Association for Computational Linguistics",
    url = "https://aclanthology.org/P16-1228",
    doi = "10.18653/v1/P16-1228",
    pages = "2410--2420",
}

@article{apicella2018integration,
  title={Integration of context information through probabilistic ontological knowledge into image classification},
  author={Apicella, Andrea and Corazza, Anna and Isgr{\`o}, Francesco and Vettigli, Giuseppe},
  journal={Information},
  volume={9},
  number={10},
  pages={252},
  year={2018},
  publisher={MDPI}
}
@article{yu2023mixing,
  title={Mixing approach for text data augmentation based on an ensemble of explainable artificial intelligence methods},
  author={Yu, Jinyi and Choi, Jinhae and Lee, Younghoon},
  journal={Neural Processing Letters},
  volume={55},
  number={2},
  pages={1741--1757},
  year={2023},
  publisher={Springer}
}

@inproceedings{fukui2019attention,
  title={Attention branch network: Learning of attention mechanism for visual explanation},
  author={Fukui, Hiroshi and Hirakawa, Tsubasa and Yamashita, Takayoshi and Fujiyoshi, Hironobu},
  booktitle={Proceedings of the IEEE/CVF conference on computer vision and pattern recognition},
  pages={10705--10714},
  year={2019}
}


@inproceedings{mitsuhara2019embedding,
  author       = {Masahiro Mitsuhara and
                  Hiroshi Fukui and
                  Yusuke Sakashita and
                  Takanori Ogata and
                  Tsubasa Hirakawa and
                  Takayoshi Yamashita and
                  Hironobu Fujiyoshi},
  editor       = {Giovanni Maria Farinella and
                  Petia Radeva and
                  Jos{\'{e}} Braz and
                  Kadi Bouatouch},
  title        = {Embedding Human Knowledge into Deep Neural Network via Attention Map},
  booktitle    = {Proceedings of the 16th International Joint Conference on Computer
                  Vision, Imaging and Computer Graphics Theory and Applications, {VISIGRAPP}
                  2021, Volume 5: VISAPP, Online Streaming, February 8-10, 2021},
  pages        = {626--636},
  publisher    = {{SCITEPRESS}},
  year         = {2021},
  url          = {https://doi.org/10.5220/0010335806260636},
  doi          = {10.5220/0010335806260636}
}



@inproceedings{pillai2022consistent,
  title={Consistent explanations by contrastive learning},
  author={Pillai, Vipin and Koohpayegani, Soroush Abbasi and Ouligian, Ashley and Fong, Dennis and Pirsiavash, Hamed},
  booktitle={Proceedings of the IEEE/CVF Conference on Computer Vision and Pattern Recognition},
  pages={10213--10222},
  year={2022}
}

@inproceedings{pillai2021explainable,
  title={Explainable models with consistent interpretations},
  author={Pillai, Vipin and Pirsiavash, Hamed},
  booktitle={Proceedings of the AAAI Conference on Artificial Intelligence},
  volume={35},
  number={3},
  pages={2431--2439},
  year={2021}
}



@article{gramegna2022shapley,
  title={Shapley feature selection},
  author={Gramegna, Alex and Giudici, Paolo},
  journal={FinTech},
  volume={1},
  number={1},
  pages={72--80},
  year={2022},
  publisher={MDPI}
}
@inproceedings{bobek2021explanation,
  title={Explanation-driven model stacking},
  author={Bobek, Szymon and Mozolewski, Maciej and Nalepa, Grzegorz J},
  booktitle={International Conference on Computational Science},
  pages={361--371},
  year={2021},
  organization={Springer}
}
@inproceedings{liu2023icel,
  title={ICEL: Learning with Inconsistent Explanations},
  author={Liu, Biao and Wu, Xiaoyu and Yuan, Bo},
  booktitle={ICASSP 2023-2023 IEEE International Conference on Acoustics, Speech and Signal Processing (ICASSP)},
  pages={1--5},
  year={2023},
  organization={IEEE}
}

@inproceedings{zhou2016learning,
  title={Learning deep features for discriminative localization},
  author={Zhou, Bolei and Khosla, Aditya and Lapedriza, Agata and Oliva, Aude and Torralba, Antonio},
  booktitle={Proceedings of the IEEE conference on computer vision and pattern recognition},
  pages={2921--2929},
  year={2016}
}


@inproceedings{teso2019explanatory,
  title={Explanatory interactive machine learning},
  author={Teso, Stefano and Kersting, Kristian},
  booktitle={Proceedings of the 2019 AAAI/ACM Conference on AI, Ethics, and Society},
  pages={239--245},
  year={2019}
}

@article{ha2021adaptive,
  title={Adaptive wavelet distillation from neural networks through interpretations},
  author={Ha, Wooseok and Singh, Chandan and Lanusse, Francois and Upadhyayula, Srigokul and Yu, Bin},
  journal={Advances in Neural Information Processing Systems},
  volume={34},
  pages={20669--20682},
  year={2021}
}

@article{anders2022finding,
  title={Finding and removing Clever Hans: using explanation methods to debug and improve deep models},
  author={Anders, Christopher J and Weber, Leander and Neumann, David and Samek, Wojciech and M{\"u}ller, Klaus-Robert and Lapuschkin, Sebastian},
  journal={Information Fusion},
  volume={77},
  pages={261--295},
  year={2022},
  publisher={Elsevier}
}


@inproceedings{rathod2022review,
  title={Review on Epilepsy Detection with Explainable Artificial Intelligence},
  author={Rathod, Prajakta and Naik, Shefali},
  booktitle={2022 10th International Conference on Emerging Trends in Engineering and Technology-Signal and Information Processing (ICETET-SIP-22)},
  pages={1--6},
  year={2022},
  organization={IEEE}
}

@book{quinonero2008dataset,
  title={Dataset shift in machine learning},
  author={Quinonero-Candela, Joaquin and Sugiyama, Masashi and Schwaighofer, Anton and Lawrence, Neil D},
  year={2008},
  publisher={Mit Press}
}

@article{zheng2015investigating, title={Investigating Critical Frequency Bands and Channels for {EEG}-based Emotion Recognition with Deep Neural Networks}, author={Zheng, Wei-Long and Lu, Bao-Liang}, journal={IEEE Transactions on Autonomous Mental Development}, doi={10.1109/TAMD.2015.2431497}, year={2015}, volume={7}, number={3}, pages={162-175}, publisher={IEEE} }

@inproceedings{duan2013differential, title={Differential entropy feature for {EEG}-based emotion classification}, author={Duan, Ruo-Nan and Zhu, Jia-Yi and Lu, Bao-Liang}, booktitle={6th International IEEE/EMBS Conference on Neural Engineering (NER)}, pages={81--84}, year={2013}, organization={IEEE} }

@article{liyanage2013dynamically,
  title={Dynamically weighted ensemble classification for non-stationary EEG processing},
  author={Liyanage, Sidath Ravindra and Guan, Cuntai and Zhang, Haihong and Ang, Kai Keng and Xu, JianXin and Lee, Tong Heng},
  journal={Journal of neural engineering},
  volume={10},
  number={3},
  pages={036007},
  year={2013},
  publisher={IOP Publishing}
}

@article{meltzer2007individual,
  title={Individual differences in EEG theta and alpha dynamics during working memory correlate with fMRI responses across subjects},
  author={Meltzer, Jed A and Negishi, Michiro and Mayes, Linda C and Constable, R Todd},
  journal={Clinical neurophysiology},
  volume={118},
  number={11},
  pages={2419--2436},
  year={2007},
  publisher={Elsevier}
}

@article{snoek2012practical,
  title={Practical bayesian optimization of machine learning algorithms},
  author={Snoek, Jasper and Larochelle, Hugo and Adams, Ryan P},
  journal={Advances in neural information processing systems},
  volume={25},
  year={2012}
}

@incollection{neyman1992two,
  title={On the two different aspects of the representative method: the method of stratified sampling and the method of purposive selection},
  author={Neyman, Jerzy},
  booktitle={Breakthroughs in statistics},
  pages={123--150},
  year={1992},
  publisher={Springer}
}

@article{kingma2014adam,
  title={Adam: A method for stochastic optimization},
  author={Kingma, Diederik P and Ba, Jimmy},
  journal={arXiv preprint arXiv:1412.6980},
  year={2014}
}

@article{bach2015pixel,
  title={On pixel-wise explanations for non-linear classifier decisions by layer-wise relevance propagation},
  author={Bach, Sebastian and Binder, Alexander and Montavon, Gr{\'e}goire and Klauschen, Frederick and M{\"u}ller, Klaus-Robert and Samek, Wojciech},
  journal={PloS one},
  volume={10},
  number={7},
  pages={e0130140},
  year={2015},
  publisher={Public Library of Science San Francisco, CA USA}
}

@article{simonyan2013deep,
  title={Deep inside convolutional networks: Visualising image classification models and saliency maps},
  author={Simonyan, Karen and Vedaldi, Andrea and Zisserman, Andrew},
  journal={arXiv preprint arXiv:1312.6034},
  year={2013}
}

@inproceedings{shrikumar2017learning,
  title={Learning important features through propagating activation differences},
  author={Shrikumar, Avanti and Greenside, Peyton and Kundaje, Anshul},
  booktitle={International conference on machine learning},
  pages={3145--3153},
  year={2017},
  organization={PMLR}
}

@article{springenberg2014striving,
  title={Striving for simplicity: The all convolutional net},
  author={Springenberg, Jost Tobias and Dosovitskiy, Alexey and Brox, Thomas and Riedmiller, Martin},
  journal={arXiv preprint arXiv:1412.6806},
  year={2014}
}

@article{apicella2021eeg,
  title={EEG-based detection of emotional valence towards a reproducible measurement of emotions},
  author={Apicella, Andrea and Arpaia, Pasquale and Mastrati, Giovanna and Moccaldi, Nicola},
  journal={Scientific Reports},
  volume={11},
  number={1},
  pages={1--16},
  year={2021},
  publisher={Nature Publishing Group}
}


@article{apicella2021high,
  title={High-wearable EEG-based distraction detection in motor rehabilitation},
  author={Apicella, Andrea and Arpaia, Pasquale and Frosolone, Mirco and Moccaldi, Nicola},
  journal={Scientific Reports},
  volume={11},
  number={1},
  pages={1--9},
  year={2021},
  publisher={Nature Publishing Group}
}
@article{apicella2022eeg,
  title={EEG-based measurement system for monitoring student engagement in learning 4.0},
  author={Apicella, Andrea and Arpaia, Pasquale and Frosolone, Mirco and Improta, Giovanni and Moccaldi, Nicola and Pollastro, Andrea},
  journal={Scientific Reports},
  volume={12},
  number={1},
  pages={1--13},
  year={2022},
  publisher={Nature Publishing Group}
}



@article{mashrur2022bci,
  title={BCI-Based Consumers' Choice Prediction From EEG Signals: An Intelligent Neuromarketing Framework},
  author={Mashrur, Fazla Rabbi and Rahman, Khandoker Mahmudur and Miya, Mohammad Tohidul Islam and Vaidyanathan, Ravi and Anwar, Syed Ferhat and Sarker, Farhana and Mamun, Khondaker A},
  journal={Frontiers in Human Neuroscience},
  volume={16},
  year={2022},
  publisher={Frontiers Media SA}
}

@article{marshall2013games,
  title={Games, gameplay, and BCI: the state of the art},
  author={Marshall, David and Coyle, Damien and Wilson, Shane and Callaghan, Michael},
  journal={IEEE Transactions on Computational Intelligence and AI in Games},
  volume={5},
  number={2},
  pages={82--99},
  year={2013},
  publisher={IEEE}
}


@article{subha2010eeg,
  title={EEG signal analysis: a survey},
  author={Subha, D Puthankattil and Joseph, Paul K and Acharya U, Rajendra and Lim, Choo Min and others},
  journal={Journal of medical systems},
  volume={34},
  number={2},
  pages={195--212},
  year={2010},
  publisher={Springer}
}

@inproceedings{arpaia2021wearable,
  title={A Wearable AR-based BCI for Robot Control in ADHD Treatment: Preliminary Evaluation of Adherence to Therapy},
  author={Arpaia, Pasquale and Criscuolo, Sabatina and De Benedetto, Egidio and Donato, Nicola and Duraccio, Luigi},
  booktitle={2021 15th International Conference on Advanced Technologies, Systems and Services in Telecommunications (TELSIKS)},
  pages={321--324},
  year={2021},
  organization={IEEE}
}

@inproceedings{arpaia2021metrological,
  title={Metrological characterization of a low-cost electroencephalograph for wearable neural interfaces in industry 4.0 applications},
  author={Arpaia, Pasquale and Callegaro, Luca and Cultrera, Alessandro and Esposito, Antonio and Ortolano, Massimo},
  booktitle={2021 IEEE International Workshop on Metrology for Industry 4.0 \& IoT (MetroInd4. 0\&IoT)},
  pages={1--5},
  year={2021},
  organization={IEEE}
}

@article{casson2010wearable,
  title={Wearable electroencephalography},
  author={Casson, Alexander J and Yates, David C and Smith, Shelagh JM and Duncan, John S and Rodriguez-Villegas, Esther},
  journal={IEEE engineering in medicine and biology magazine},
  volume={29},
  number={3},
  pages={44--56},
  year={2010},
  publisher={IEEE}
}



@ARTICLE{apicella2019contrastive,
 author = {Apicella A. and Isgrò F. and Prevete R. and Tamburrini G.},
 title = {Contrastive explanations to classification systems using sparse dictionaries},
 year = {2019},
 journal = {Lecture Notes in Computer Science (including subseries Lecture Notes in Artificial Intelligence and Lecture Notes in Bioinformatics)},
 volume = {11751 LNCS},
 pages = {207 – 218},
}



@article{arpaia2022successfully,
  title={How to successfully classify EEG in motor imagery BCI: a metrological analysis of the state of the art},
  author={Arpaia, Pasquale and Esposito, Antonio and Natalizio, Angela and Parvis, Marco},
  journal={Journal of Neural Engineering},
  year={2022},
  publisher={IOP Publishing}
}

@ARTICLE{apicella2022survey,
  author={Apicella, Andrea and Arpaia, Pasquale and Isgrò, Francesco and Mastrati, Giovanna and Moccaldi, Nicola},
  journal={IEEE Access}, 
  title={A survey on EEG-based solutions for emotion recognition with a low number of channels}, 
  year={2022},
  volume={},
  number={},
  pages={1-1},
doi={10.1109/ACCESS.2022.3219844}}



@article{apicella2022enhancement,
  title={Enhancement of SSVEPs classification in BCI-based wearable instrumentation through machine Learning Techniques},
  author={Apicella, Andrea and Arpaia, Pasquale and De Benedetto, Egidio and Donato, Nicola and Duraccio, Luigi and Giugliano, Salvatore and Prevete, Roberto},
  journal={IEEE Sensors Journal},
  volume={22},
  number={9},
  pages={9087--9094},
  year={2022},
  publisher={IEEE}
}

@article{erion2019learning,
  title={Learning explainable models using attribution priors},
  author={Erion, Gabriel and Janizek, Joseph D and Sturmfels, Pascal and Lundberg, Scott M and Lee, Su-In},
  year={2019}
}


@inproceedings{liu-avci-2019-incorporating,
    title = "Incorporating Priors with Feature Attribution on Text Classification",
    author = "Liu, Frederick  and
      Avci, Besim",
    editor = "Korhonen, Anna  and
      Traum, David  and
      M{\`a}rquez, Llu{\'\i}s",
    booktitle = "Proceedings of the 57th Annual Meeting of the Association for Computational Linguistics",
    month = jul,
    year = "2019",
    address = "Florence, Italy",
    publisher = "Association for Computational Linguistics",
    url = "https://aclanthology.org/P19-1631",
    doi = "10.18653/v1/P19-1631",
    pages = "6274--6283",
}


@article{weinberger2020learning,
  title={Learning deep attribution priors based on prior knowledge},
  author={Weinberger, Ethan and Janizek, Joseph and Lee, Su-In},
  journal={Advances in Neural Information Processing Systems},
  volume={33},
  pages={14034--14045},
  year={2020}
}



@article{antwarg2023shapley,
  title={Shapley-based feature augmentation},
  author={Antwarg, Liat and Galed, Chen and Shimoni, Nathaniel and Rokach, Lior and Shapira, Bracha},
  journal={Information Fusion},
  volume={96},
  pages={92--102},
  year={2023},
  publisher={Elsevier}
}

@article{Krizhevsky09,
  title={Learning multiple layers of features from tiny images},
  author={Krizhevsky, A. and Hinton, G.},
  journal={Master's thesis, Department of Computer Science, University of Toronto},
  year={2009},
  publisher={Citeseer}
}

@inproceedings{coates2011analysis,
  title={An analysis of single-layer networks in unsupervised feature learning},
  author={Coates, Adam and Ng, Andrew and Lee, Honglak},
  booktitle={Proceedings of the fourteenth international conference on artificial intelligence and statistics},
  pages={215--223},
  year={2011},
  organization={JMLR Workshop and Conference Proceedings}
}

@inproceedings{xie2020self,
  title={Self-training with noisy student improves imagenet classification},
  author={Xie, Qizhe and Luong, Minh-Thang and Hovy, Eduard and Le, Quoc V},
  booktitle={Proceedings of the IEEE/CVF conference on computer vision and pattern recognition},
  pages={10687--10698},
  year={2020}
}
@inproceedings{arslan2022towards,
  title={Towards refined classifications driven by shap explanations},
  author={Arslan, Yusuf and Lebichot, Bertrand and Allix, Kevin and Veiber, Lisa and Lefebvre, Cl{\'e}ment and Boytsov, Andrey and Goujon, Anne and Bissyand{\'e}, Tegawend{\'e} F and Klein, Jacques},
  booktitle={International Cross-Domain Conference for Machine Learning and Knowledge Extraction},
  pages={68--81},
  year={2022},
  organization={Springer}
}
@inproceedings{stacey2022supervising,
  title={Supervising model attention with human explanations for robust natural language inference},
  author={Stacey, Joe and Belinkov, Yonatan and Rei, Marek},
  booktitle={Proceedings of the AAAI conference on artificial intelligence},
  volume={36},
  number={10},
  pages={11349--11357},
  year={2022}
}
@inproceedings{hagos2022impact,
  title={Impact of Feedback Type on Explanatory Interactive Learning},
  author={Hagos, Misgina Tsighe and Curran, Kathleen M and Mac Namee, Brian},
  booktitle={International Symposium on Methodologies for Intelligent Systems},
  pages={127--137},
  year={2022},
  organization={Springer}
}

@inproceedings{tan2019efficientnet,
  title={Efficientnet: Rethinking model scaling for convolutional neural networks},
  author={Tan, Mingxing and Le, Quoc},
  booktitle={International conference on machine learning},
  pages={6105--6114},
  year={2019},
  organization={PMLR}
}
@article{hagos2022identifying,
  title={Identifying Spurious Correlations and Correcting them with an Explanation-based Learning},
  author={Hagos, Misgina Tsighe and Curran, Kathleen M and Mac Namee, Brian},
  journal={arXiv preprint arXiv:2211.08285},
  year={2022}
}

@article{lecun1998gradient,
  title={Gradient-based learning applied to document recognition},
  author={LeCun, Yann and Bottou, L{\'e}on and Bengio, Yoshua and Haffner, Patrick},
  journal={Proceedings of the IEEE},
  volume={86},
  number={11},
  pages={2278--2324},
  year={1998},
  publisher={Ieee}
}

@misc{howard2017mobilenets,
      title={MobileNets: Efficient Convolutional Neural Networks for Mobile Vision Applications}, 
      author={Andrew G. Howard and Menglong Zhu and Bo Chen and Dmitry Kalenichenko and Weijun Wang and Tobias Weyand and Marco Andreetto and Hartwig Adam},
      year={2017},
      eprint={1704.04861},
      archivePrefix={arXiv},
      primaryClass={cs.CV}
}

@inproceedings{deng2009imagenet,
  title={Imagenet: A large-scale hierarchical image database},
  author={Deng, Jia and Dong, Wei and Socher, Richard and Li, Li-Jia and Li, Kai and Fei-Fei, Li},
  booktitle={2009 IEEE conference on computer vision and pattern recognition},
  pages={248--255},
  year={2009},
  organization={Ieee}
} 



@inproceedings{apicella2023shap,
author       = {Andrea Apicella and Salvatore Giugliano and Francesco Isgr{\`{o}} and Roberto Prevete},
  title        = {SHAP-based Explanations to Improve Classification Systems},
  booktitle    = {Proceedings of the 4th Italian Workshop on Explainable Artificial Intelligence co-located with 22nd International Conference of the Italian Association for Artificial Intelligence(AIxIA 2023), Roma, Italy, November 8, 2023},
  series       = {{CEUR} Workshop Proceedings},
  volume       = {3518},
  pages        = {76--86},
  publisher    = {CEUR-WS.org},
  year         = {2023},

}

@article{apicella2023strategies,
	author = {Apicella, Andrea and Di Lorenzo, Luca and Isgrò, Francesco and Pollastro, Andrea and Prevete, Roberto},
	title = {Strategies to Exploit XAI to Improve Classification Systems},
	year = {2023},
	journal = {Communications in Computer and Information Science},
	volume = {1901 CCIS},
	pages = {147 – 159},
    doi={10.1007/978-3-031-44064-9\_9}
}

@article{montavon2019layer,
  title={Layer-wise relevance propagation: an overview},
  author={Montavon, Gr{\'e}goire and Binder, Alexander and Lapuschkin, Sebastian and Samek, Wojciech and M{\"u}ller, Klaus-Robert},
  journal={Explainable AI: interpreting, explaining and visualizing deep learning},
  pages={193--209},
  year={2019},
  publisher={Springer}
}

@incollection{NIPS2017_7062,
title = {A Unified Approach to Interpreting Model Predictions},
author = {Lundberg, Scott M and Lee, Su-In},
booktitle = {Advances in Neural Information Processing Systems 30},
editor = {I. Guyon and U. V. Luxburg and S. Bengio and H. Wallach and R. Fergus and S. Vishwanathan and R. Garnett},
pages = {4765--4774},
year = {2017},
publisher = {Curran Associates, Inc.},
}

@article{dejong1986explanation,
  title={Explanation-based learning: An alternative view},
  author={DeJong, Gerald and Mooney, Raymond},
  journal={Machine learning},
  volume={1},
  pages={145--176},
  year={1986},
  publisher={Springer}
}

@article{erhan2009,
  title={Visualizing higher-layer features of a deep network},
  author={Erhan, D. and Bengio, Y. and Courville, . and Vincent, P.},
  journal={University of Montreal},
  volume={1341},
  number={3},
  pages={1},
  year={2009}
}

@article{bach2015,
  title={On pixel-wise explanations for non-linear classifier decisions by layer-wise relevance propagation},
  author={Bach, Sebastian and Binder, Alexander and Montavon, Gr{\'e}goire and Klauschen, Frederick and M{\"u}ller, Klaus-Robert and Samek, Wojciech},
  journal={PloS one},
  volume={10},
  number={7},
  pages={e0130140},
  year={2015},
  publisher={Public Library of Science}
}

@inproceedings{binder2016,
  title={Layer-wise relevance propagation for neural networks with local renormalization layers},
  author={Binder, Alexander and Montavon, Gr{\'e}goire and Lapuschkin, Sebastian and M{\"u}ller, Klaus-Robert and Samek, Wojciech},
  booktitle={International Conference on Artificial Neural Networks},
  pages={63--71},
  year={2016},
  address = {Barcelona, Spain},
  organization={Springer}
}

@article{montavon2017_2,
  title={Explaining nonlinear classification decisions with deep taylor decomposition},
  author={Montavon, Gr{\'e}goire and Lapuschkin, Sebastian and Binder, Alexander and Samek, Wojciech and M{\"u}ller, Klaus-Robert},
  journal={Pattern Recognition},
  volume={65},
  pages={211--222},
  year={2017},
  publisher={Elsevier}
}

@inproceedings{zeiler2011,
  title={Adaptive deconvolutional networks for mid and high level feature learning},
  author={Zeiler, M. D. and Taylor, G. W. and Fergus, R.},
  booktitle={Computer Vision (ICCV), 2011 IEEE International Conference on},
  pages={2018--2025},
  year={2011},
  organization={IEEE},
  address = {Barcelona, Spain}
}

@inproceedings{zeiler2014,
  title={Visualizing and understanding convolutional networks},
  author={Zeiler, M. D. and Fergus, R.},
  booktitle={European Conference on Computer Cision},
  pages={818--833},
  year={2014},
  organization={Springer},
  address = {Zurich, Switzerland}
}

@inproceedings{dosovitskiy2016,
  title={Inverting visual representations with convolutional networks},
  author={Dosovitskiy, A. and Brox, T.},
  booktitle={Proceedings of the IEEE Conference on Computer Vision and Pattern Recognition},
  pages={4829--4837},
  year={2016},
  address = {Las Vegas, USA}
}

@inproceedings{kim2018interpretability,
  title={Interpretability beyond feature attribution: Quantitative testing with concept activation vectors (tcav)},
  author={Kim, Been and Wattenberg, Martin and Gilmer, Justin and Cai, Carrie and Wexler, James and Viegas, Fernanda and others},
  booktitle={International conference on machine learning},
  pages={2668--2677},
  year={2018},
  organization={PMLR}
}

@article{ghorbani2019towards,
  title={Towards automatic concept-based explanations},
  author={Ghorbani, Amirata and Wexler, James and Zou, James and Kim, Been},
  journal={arXiv preprint arXiv:1902.03129},
  year={2019}
}

@inproceedings{akula2020cocox,
  title={Cocox: Generating conceptual and counterfactual explanations via fault-lines},
  author={Akula, Arjun and Wang, Shuai and Zhu, Song-Chun},
  booktitle={Proceedings of the AAAI Conference on Artificial Intelligence},
  volume={34},
  pages={2594--2601},
  year={2020}
}

@inproceedings{apicella2021explanations,
  title={Explanations in terms of hierarchically organised middle level features},
  author={Apicella, Andrea and Giugliano, Salvatore and Isgr{\`o}, Francesco and Prevete, Roberto and others},
  booktitle={CEUR Workshop Proceedings},
  year={2021}
}

@article{kakogeorgiou2021evaluating,
  title={Evaluating explainable artificial intelligence methods for multi-label deep learning classification tasks in remote sensing},
  author={Kakogeorgiou, Ioannis and Karantzalos, Konstantinos},
  journal={International Journal of Applied Earth Observation and Geoinformation},
  volume={103},
  pages={102520},
  year={2021},
  publisher={Elsevier}
}

@article{tjoa2022quantifying,
  title={Quantifying explainability of saliency methods in deep neural networks with a synthetic dataset},
  author={Tjoa, Erico and Guan, Cuntai},
  journal={IEEE Transactions on Artificial Intelligence},
  volume={4},
  number={4},
  pages={858--870},
  year={2022},
  publisher={IEEE}
}

@article{islam2022systematic,
  title={A systematic review of explainable artificial intelligence in terms of different application domains and tasks},
  author={Islam, Mir Riyanul and Ahmed, Mobyen Uddin and Barua, Shaibal and Begum, Shahina},
  journal={Applied Sciences},
  volume={12},
  number={3},
  pages={1353},
  year={2022},
  publisher={MDPI}
}


@article{vaswani2017attention,
  title={Attention is all you need},
  author={Vaswani, A},
  journal={Advances in Neural Information Processing Systems},
  year={2017}
}



%TODO: AGGIUNGERE BEWARE 2023 QUANDO ESCONO PROCEEDINGS


