@incollection{NIPS2017_7062,
title = {A Unified Approach to Interpreting Model Predictions},
author = {Lundberg, Scott M and Lee, Su-In},
booktitle = {Advances in Neural Information Processing Systems 30},
editor = {I. Guyon and U. V. Luxburg and S. Bengio and H. Wallach and R. Fergus and S. Vishwanathan and R. Garnett},
pages = {4765--4774},
year = {2017},
publisher = {Curran Associates, Inc.},
}

@inproceedings{akula2020cocox,
  title={Cocox: Generating conceptual and counterfactual explanations via fault-lines},
  author={Akula, Arjun and Wang, Shuai and Zhu, Song-Chun},
  booktitle={Proceedings of the AAAI Conference on Artificial Intelligence},
  volume={34},
  pages={2594--2601},
  year={2020}
}

@article{anders2022finding,
  title={Finding and removing Clever Hans: using explanation methods to debug and improve deep models},
  author={Anders, Christopher J and Weber, Leander and Neumann, David and Samek, Wojciech and M{\"u}ller, Klaus-Robert and Lapuschkin, Sebastian},
  journal={Information Fusion},
  volume={77},
  pages={261--295},
  year={2022},
  publisher={Elsevier}
}

@article{antwarg2023shapley,
  title={Shapley-based feature augmentation},
  author={Antwarg, Liat and Galed, Chen and Shimoni, Nathaniel and Rokach, Lior and Shapira, Bracha},
  journal={Information Fusion},
  volume={96},
  pages={92--102},
  year={2023},
  publisher={Elsevier}
}

@article{apicella2018integration,
  title={Integration of context information through probabilistic ontological knowledge into image classification},
  author={Apicella, Andrea and Corazza, Anna and Isgr{\`o}, Francesco and Vettigli, Giuseppe},
  journal={Information},
  volume={9},
  number={10},
  pages={252},
  year={2018},
  publisher={MDPI}
}

@inproceedings{apicella2021explanations,
  title={Explanations in terms of hierarchically organised middle level features},
  author={Apicella, Andrea and Giugliano, Salvatore and Isgr{\`o}, Francesco and Prevete, Roberto and others},
  booktitle={CEUR Workshop Proceedings},
  year={2021}
}

@article{apicella2022exploiting,
  title={Exploiting auto-encoders and segmentation methods for middle-level explanations of image classification systems},
  author={Apicella, Andrea and Giugliano, Salvatore and Isgr{\`o}, Francesco and Prevete, Roberto},
  journal={Knowledge-Based Systems},
  volume={255},
  pages={109725},
  year={2022},
  publisher={Elsevier}
}

@inproceedings{apicella2023shap,
author       = {Andrea Apicella and Salvatore Giugliano and Francesco Isgr{\`{o}} and Roberto Prevete},
  title        = {SHAP-based Explanations to Improve Classification Systems},
  booktitle    = {Proceedings of the 4th Italian Workshop on Explainable Artificial Intelligence co-located with 22nd International Conference of the Italian Association for Artificial Intelligence(AIxIA 2023), Roma, Italy, November 8, 2023},
  series       = {{CEUR} Workshop Proceedings},
  volume       = {3518},
  pages        = {76--86},
  publisher    = {CEUR-WS.org},
  year         = {2023},

}

@article{apicella2023strategies,
	author = {Apicella, Andrea and Di Lorenzo, Luca and Isgrò, Francesco and Pollastro, Andrea and Prevete, Roberto},
	title = {Strategies to Exploit XAI to Improve Classification Systems},
	year = {2023},
	journal = {Communications in Computer and Information Science},
	volume = {1901 CCIS},
	pages = {147 – 159},
    doi={10.1007/978-3-031-44064-9\_9}
}

@article{bach2015,
  title={On pixel-wise explanations for non-linear classifier decisions by layer-wise relevance propagation},
  author={Bach, Sebastian and Binder, Alexander and Montavon, Gr{\'e}goire and Klauschen, Frederick and M{\"u}ller, Klaus-Robert and Samek, Wojciech},
  journal={PloS one},
  volume={10},
  number={7},
  pages={e0130140},
  year={2015},
  publisher={Public Library of Science}
}

@article{bargal2021guided,
  title={Guided zoom: Zooming into network evidence to refine fine-grained model decisions},
  author={Bargal, Sarah Adel and Zunino, Andrea and Petsiuk, Vitali and Zhang, Jianming and Saenko, Kate and Murino, Vittorio and Sclaroff, Stan},
  journal={IEEE Transactions on Pattern Analysis and Machine Intelligence},
  volume={43},
  number={11},
  pages={4196--4202},
  year={2021},
  publisher={IEEE}
}

@inproceedings{binder2016,
  title={Layer-wise relevance propagation for neural networks with local renormalization layers},
  author={Binder, Alexander and Montavon, Gr{\'e}goire and Lapuschkin, Sebastian and M{\"u}ller, Klaus-Robert and Samek, Wojciech},
  booktitle={International Conference on Artificial Neural Networks},
  pages={63--71},
  year={2016},
  address = {Barcelona, Spain},
  organization={Springer}
}

@inproceedings{dosovitskiy2016,
  title={Inverting visual representations with convolutional networks},
  author={Dosovitskiy, A. and Brox, T.},
  booktitle={Proceedings of the IEEE Conference on Computer Vision and Pattern Recognition},
  pages={4829--4837},
  year={2016},
  address = {Las Vegas, USA}
}

@article{erhan2009,
  title={Visualizing higher-layer features of a deep network},
  author={Erhan, D. and Bengio, Y. and Courville, . and Vincent, P.},
  journal={University of Montreal},
  volume={1341},
  number={3},
  pages={1},
  year={2009}
}

@inproceedings{fukui2019attention,
  title={Attention branch network: Learning of attention mechanism for visual explanation},
  author={Fukui, Hiroshi and Hirakawa, Tsubasa and Yamashita, Takayoshi and Fujiyoshi, Hironobu},
  booktitle={Proceedings of the IEEE/CVF conference on computer vision and pattern recognition},
  pages={10705--10714},
  year={2019}
}

@article{ghorbani2019towards,
  title={Towards automatic concept-based explanations},
  author={Ghorbani, Amirata and Wexler, James and Zou, James and Kim, Been},
  journal={arXiv preprint arXiv:1902.03129},
  year={2019}
}

@inproceedings{ha2019improvement,
  title={Improvement in deep networks for optimization using explainable artificial intelligence},
  author={ha Lee, Jin and hee Shin, Ik and gu Jeong, Sang and Lee, Seung-Ik and Zaheer, Muhamamad Zaigham and Seo, Beom-Su},
  booktitle={2019 International Conference on Information and Communication Technology Convergence (ICTC)},
  pages={525--530},
  year={2019},
  organization={IEEE}
}

@inproceedings{hagos2022impact,
  title={Impact of Feedback Type on Explanatory Interactive Learning},
  author={Hagos, Misgina Tsighe and Curran, Kathleen M and Mac Namee, Brian},
  booktitle={International Symposium on Methodologies for Intelligent Systems},
  pages={127--137},
  year={2022},
  organization={Springer}
}

@article{hinton2012improving,
  title={Improving neural networks by preventing co-adaptation of feature detectors},
  author={Hinton, Geoffrey E and Srivastava, Nitish and Krizhevsky, Alex and Sutskever, Ilya and Salakhutdinov, Ruslan R},
  journal={arXiv preprint arXiv:1207.0580},
  year={2012}
}

@inproceedings{hu-etal-2016-harnessing,
    title = "Harnessing Deep Neural Networks with Logic Rules",
    author = "Hu, Zhiting  and
      Ma, Xuezhe  and
      Liu, Zhengzhong  and
      Hovy, Eduard  and
      Xing, Eric",
    editor = "Erk, Katrin  and
      Smith, Noah A.",
    booktitle = "Proceedings of the 54th Annual Meeting of the Association for Computational Linguistics (Volume 1: Long Papers)",
    month = aug,
    year = "2016",
    address = "Berlin, Germany",
    publisher = "Association for Computational Linguistics",
    url = "https://aclanthology.org/P16-1228",
    doi = "10.18653/v1/P16-1228",
    pages = "2410--2420",
}

@inproceedings{ijcai2017p371,
  author    = {Andrew Slavin Ross and Michael C. Hughes and Finale
Doshi-Velez},
  title     = {Right for the Right Reasons: Training Differentiable
Models by Constraining their Explanations},
  booktitle = {Proceedings of the Twenty-Sixth International Joint
Conference on
               Artificial Intelligence, {IJCAI-17}},
  pages     = {2662--2670},
  year      = {2017},
  doi       = {10.24963/ijcai.2017/371},
  url       = {https://doi.org/10.24963/ijcai.2017/371},
}

@article{ismail2021improving,
  title={Improving deep learning interpretability by saliency guided training},
  author={Ismail, Aya Abdelsalam and Corrada Bravo, Hector and Feizi, Soheil},
  journal={Advances in Neural Information Processing Systems},
  volume={34},
  pages={26726--26739},
  year={2021}
}

@inproceedings{kim2018interpretability,
  title={Interpretability beyond feature attribution: Quantitative testing with concept activation vectors (tcav)},
  author={Kim, Been and Wattenberg, Martin and Gilmer, Justin and Cai, Carrie and Wexler, James and Viegas, Fernanda and others},
  booktitle={International conference on machine learning},
  pages={2668--2677},
  year={2018},
  organization={PMLR}
}

@inproceedings{liu2023icel,
  title={ICEL: Learning with Inconsistent Explanations},
  author={Liu, Biao and Wu, Xiaoyu and Yuan, Bo},
  booktitle={ICASSP 2023-2023 IEEE International Conference on Acoustics, Speech and Signal Processing (ICASSP)},
  pages={1--5},
  year={2023},
  organization={IEEE}
}

@article{mahapatra2021interpretability,
  title={Interpretability-driven sample selection using self supervised learning for disease classification and segmentation},
  author={Mahapatra, Dwarikanath and Poellinger, Alexander and Shao, Ling and Reyes, Mauricio},
  journal={IEEE transactions on medical imaging},
  volume={40},
  number={10},
  pages={2548--2562},
  year={2021},
  publisher={IEEE}
}

@inproceedings{mitsuhara2019embedding,
  author       = {Masahiro Mitsuhara and
                  Hiroshi Fukui and
                  Yusuke Sakashita and
                  Takanori Ogata and
                  Tsubasa Hirakawa and
                  Takayoshi Yamashita and
                  Hironobu Fujiyoshi},
  editor       = {Giovanni Maria Farinella and
                  Petia Radeva and
                  Jos{\'{e}} Braz and
                  Kadi Bouatouch},
  title        = {Embedding Human Knowledge into Deep Neural Network via Attention Map},
  booktitle    = {Proceedings of the 16th International Joint Conference on Computer
                  Vision, Imaging and Computer Graphics Theory and Applications, {VISIGRAPP}
                  2021, Volume 5: VISAPP, Online Streaming, February 8-10, 2021},
  pages        = {626--636},
  publisher    = {{SCITEPRESS}},
  year         = {2021},
  url          = {https://doi.org/10.5220/0010335806260636},
  doi          = {10.5220/0010335806260636}
}

@article{montavon2017_2,
  title={Explaining nonlinear classification decisions with deep taylor decomposition},
  author={Montavon, Gr{\'e}goire and Lapuschkin, Sebastian and Binder, Alexander and Samek, Wojciech and M{\"u}ller, Klaus-Robert},
  journal={Pattern Recognition},
  volume={65},
  pages={211--222},
  year={2017},
  publisher={Elsevier}
}

@article{montavon2017explaining,
  title={Explaining nonlinear classification decisions with deep taylor decomposition},
  author={Montavon, Gr{\'e}goire and Lapuschkin, Sebastian and Binder, Alexander and Samek, Wojciech and M{\"u}ller, Klaus-Robert},
  journal={Pattern recognition},
  volume={65},
  pages={211--222},
  year={2017},
  publisher={Elsevier}
}

@article{montavon2019layer,
  title={Layer-wise relevance propagation: an overview},
  author={Montavon, Gr{\'e}goire and Binder, Alexander and Lapuschkin, Sebastian and Samek, Wojciech and M{\"u}ller, Klaus-Robert},
  journal={Explainable AI: interpreting, explaining and visualizing deep learning},
  pages={193--209},
  year={2019},
  publisher={Springer}
}

@article{murdoch2018beyond,
author       = {W. James Murdoch and Peter J. Liu and Bin Yu},
  title        = {Beyond Word Importance: Contextual Decomposition to Extract Interactions from LSTMs},
  booktitle    = {6th International Conference on Learning Representations, {ICLR} 2018, Vancouver, BC, Canada, April 30 - May 3, 2018, Conference Track Proceedings},
  publisher    = {OpenReview.net},
  year         = {2018},
}

@inproceedings{ribeiro2016should,
  title={"Why should i trust you?" Explaining the predictions of any classifier},
  author={Ribeiro, Marco Tulio and Singh, Sameer and Guestrin, Carlos},
  booktitle={Proceedings of the 22nd ACM SIGKDD international conference on knowledge discovery and data mining},
  pages={1135--1144},
  year={2016}
}

@inproceedings{ribera2019can,
  title={Can we do better explanations? A proposal of user-centered explainable AI.},
  author={Ribera, Mireia and Lapedriza, Agata},
  booktitle={IUI Workshops},
  volume={2327},
  pages={38},
  year={2019}
}

@inproceedings{rieger2020interpretations,
  title={Interpretations are useful: penalizing explanations to align neural networks with prior knowledge},
  author={Rieger, Laura and Singh, Chandan and Murdoch, William and Yu, Bin},
  booktitle={International conference on machine learning},
  pages={8116--8126},
  year={2020},
  organization={PMLR}
}

@article{schiller2019relevance,
  title={Relevance-based feature masking: Improving neural network based whale classification through explainable artificial intelligence},
  author={Schiller, Dominik and Huber, Tobias and Lingenfelser, Florian and Dietz, Michael and Seiderer, Andreas and Andr{\'e}, Elisabeth},
  year={2019}
}

@article{schramowski2020making,
  title={Making deep neural networks right for the right scientific reasons by interacting with their explanations},
  author={Schramowski, Patrick and Stammer, Wolfgang and Teso, Stefano and Brugger, Anna and Herbert, Franziska and Shao, Xiaoting and Luigs, Hans-Georg and Mahlein, Anne-Katrin and Kersting, Kristian},
  journal={Nature Machine Intelligence},
  volume={2},
  number={8},
  pages={476--486},
  year={2020},
  publisher={Nature Publishing Group UK London}
}

@inproceedings{selvaraju2017grad,
  title={Grad-cam: Visual explanations from deep networks via gradient-based localization},
  author={Selvaraju, Ramprasaath R and Cogswell, Michael and Das, Abhishek and Vedantam, Ramakrishna and Parikh, Devi and Batra, Dhruv},
  booktitle={Proceedings of the IEEE international conference on computer vision},
  pages={618--626},
  year={2017}
}

@inproceedings{selvaraju2019taking,
  title={Taking a hint: Leveraging explanations to make vision and language models more grounded},
  author={Selvaraju, Ramprasaath R and Lee, Stefan and Shen, Yilin and Jin, Hongxia and Ghosh, Shalini and Heck, Larry and Batra, Dhruv and Parikh, Devi},
  booktitle={Proceedings of the IEEE/CVF international conference on computer vision},
  pages={2591--2600},
  year={2019}
}

@inproceedings{sun2021explanation,
  title={Explanation-guided training for cross-domain few-shot classification},
  author={Sun, Jiamei and Lapuschkin, Sebastian and Samek, Wojciech and Zhao, Yunqing and Cheung, Ngai-Man and Binder, Alexander},
  booktitle={2020 25th International Conference on Pattern Recognition (ICPR)},
  pages={7609--7616},
  year={2021},
  organization={IEEE}
}

@inproceedings{sun2022utilizing,
  title={Utilizing Explainable AI for improving the Performance of Neural Networks},
  author={Sun, Huawei and Servadei, Lorenzo and Feng, Hao and Stephan, Michael and Santra, Avik and Wille, Robert},
  booktitle={2022 21st IEEE International Conference on Machine Learning and Applications (ICMLA)},
  pages={1775--1782},
  year={2022},
  organization={IEEE}
}

@inproceedings{teso2019explanatory,
  title={Explanatory interactive machine learning},
  author={Teso, Stefano and Kersting, Kristian},
  booktitle={Proceedings of the 2019 AAAI/ACM Conference on AI, Ethics, and Society},
  pages={239--245},
  year={2019}
}

@article{weber2022beyond,
  title={Beyond explaining: Opportunities and challenges of XAI-based model improvement},
  author={Weber, Leander and Lapuschkin, Sebastian and Binder, Alexander and Samek, Wojciech},
  journal={Information Fusion},
  year={2022},
  publisher={Elsevier}
}

@inproceedings{zeiler2011,
  title={Adaptive deconvolutional networks for mid and high level feature learning},
  author={Zeiler, M. D. and Taylor, G. W. and Fergus, R.},
  booktitle={Computer Vision (ICCV), 2011 IEEE International Conference on},
  pages={2018--2025},
  year={2011},
  organization={IEEE},
  address = {Barcelona, Spain}
}

@inproceedings{zeiler2014,
  title={Visualizing and understanding convolutional networks},
  author={Zeiler, M. D. and Fergus, R.},
  booktitle={European Conference on Computer Cision},
  pages={818--833},
  year={2014},
  organization={Springer},
  address = {Zurich, Switzerland}
}

@article{zhang2018top,
  title={Top-down neural attention by excitation backprop},
  author={Zhang, Jianming and Bargal, Sarah Adel and Lin, Zhe and Brandt, Jonathan and Shen, Xiaohui and Sclaroff, Stan},
  journal={International Journal of Computer Vision},
  volume={126},
  number={10},
  pages={1084--1102},
  year={2018},
  publisher={Springer}
}

@inproceedings{zhou2016learning,
  title={Learning deep features for discriminative localization},
  author={Zhou, Bolei and Khosla, Aditya and Lapedriza, Agata and Oliva, Aude and Torralba, Antonio},
  booktitle={Proceedings of the IEEE conference on computer vision and pattern recognition},
  pages={2921--2929},
  year={2016}
}

@article{zunino2021excitation,
  title={Excitation dropout: Encouraging plasticity in deep neural networks},
  author={Zunino, Andrea and Bargal, Sarah Adel and Morerio, Pietro and Zhang, Jianming and Sclaroff, Stan and Murino, Vittorio},
  journal={International Journal of Computer Vision},
  volume={129},
  number={4},
  pages={1139--1152},
  year={2021},
  publisher={Springer}
}

@inproceedings{zunino2021explainable,
  title={Explainable deep classification models for domain generalization},
  author={Zunino, Andrea and Bargal, Sarah Adel and Volpi, Riccardo and Sameki, Mehrnoosh and Zhang, Jianming and Sclaroff, Stan and Murino, Vittorio and Saenko, Kate},
  booktitle={Proceedings of the IEEE/CVF Conference on Computer Vision and Pattern Recognition},
  pages={3233--3242},
  year={2021}
}

