@inproceedings{NauleauVBBT22,
  author       = {Florent Nauleau and
                  Fabien Vivodtzev and
                  Thibault Bridel{-}Bertomeu and
                  H{\'{e}}lo{\"{\i}}se Beaugendre and
                  Julien Tierny},
  title        = {Topological Analysis of Ensembles of Hydrodynamic Turbulent Flows
                  An Experimental Study},
  booktitle    = ldav,
  year         = {2022}

@article{NonatoA19,
  author       = {Luis Gustavo Nonato and
                  Micha{\"{e}}l Aupetit},
  title        = {Multidimensional Projection for Visual Analytics: Linking Techniques
                  with Distortions, Tasks, and Layout Enrichment},
  journal      = tvcg,
  year         = {2019}

@article{OHJSH11,
	author = {Patrick Oesterling and Christian Heine and Heike J\"anicke and Gerik Scheuermann and Gerhard Heyer},
	title = {{Visualization of High Dimensional Point Clouds Using their Density Distribution's Topology}},
	journal = tvcg,
	year = {2011},
}

@article{Oesterling0WS13,
  author    = {Patrick Oesterling and
               Christian Heine and
               Gunther H. Weber and
               Gerik Scheuermann},
  title     = {Visualizing nD Point Clouds as Topological Landscape Profiles to Guide
               Local Data Analysis},
  journal   = tvcg,
  year      = {2013},
}

@inproceedings{OesterlingHJS10,
  author    = {Patrick Oesterling and
               Christian Heine and
               Heike J{\"{a}}nicke and
               Gerik Scheuermann},
  title     = {Visual analysis of high dimensional point clouds using topological
               landscapes},
  booktitle = "Proc. PacificVis",
  year      = {2010},
}

@inproceedings{OesterlingSTHKEW10,
  author    = {Patrick Oesterling and
               Gerik Scheuermann and
               Sven Teresniak and
               Gerhard Heyer and
               Steffen Koch and
               Thomas Ertl and
               Gunther H. Weber},
  title     = {Two-stage framework for a topology-based projection and visualization
               of classified document collections},
  booktitle = {Proc. IEEE VAST},
  year      = {2010},
}

@inproceedings{SinghMC07,
  author       = {Gurjeet Singh and
                  Facundo M{\'{e}}moli and
                  Gunnar E. Carlsson},
  title        = {Topological Methods for the Analysis of High Dimensional Data Sets
                  and {3D} Object Recognition},
  booktitle    = {{PBG}},
  publisher    = {Eurographics Association},
  year         = {2007}

@inproceedings{SolerPDPCT19,
  author       = {Maxime Soler and
                  Martin Petitfrere and
                  Gilles Darche and
                  M{\'{e}}lanie Plainchault and
                  Bruno Conche and
                  Julien Tierny},
  title        = {Ranking Viscous Finger Simulations to an Acquired Ground Truth with
                  Topology-Aware Matchings},
  booktitle    = ldav,
  year         = {2019}

@article{Weber:2007,
	Author = {Weber, Gunther and Bremer, Peer-Timo and Pascucci, Valerio},
	Issn = {1077-2626},
	Issue_Date = {November 2007},
	Journal = tvcg,
	Title = {{Topological Landscapes: A Terrain Metaphor for Scientific Data}},
	Year = {2007}
}

@article{abs-1806-08460,
  author    = {Lin Yan and
               Yaodong Zhao and
               Paul Rosen and
               Carlos Scheidegger and
               Bei Wang},
  title     = {Homology-Preserving Dimensionality Reduction via Manifold
Landmarking
               and Tearing},
  journal   = {CoRR},
  year      = {2018},
  archivePrefix = {arXiv},
}

@article{amid2022trimap,
	title={{TriMap}: Large-scale dimensionality reduction using triplets},
	author={Amid, Ehsan and Warmuth, Manfred K},
	year={2022}
}

@article{barannikov2021representation,
	title={Representation topology divergence: A method for comparing neural network representations},
	author={Barannikov, Serguei and Trofimov, Ilya and Balabin, Nikita and Burnaev, Evgeny},
	journal={arXiv preprint arXiv:2201.00058},
	year={2021}
}

@inproceedings{beiBrain18,
  author = {Keri Anderson and Jeffrey Anderson and Sourabh Palande and Bei Wang},
  title = {Topological Data Analysis of Functional {MRI} Connectivity in Time and Space Domains},
  booktitle = {MICCAI Workshop on Connectomics in NeuroImaging},
  year = "2018"
}

@book{borg97,
title = "Modern Multidimensional Scaling - Theory and Applications",
author = "Borg, I. and Groenen P.",
publisher = "Springer Series in Statistics",
year = "1997"
}

@inproceedings{carr04,
  author    = {Hamish A. Carr and
               Jack Snoeyink and
               Michiel van de Panne},
  title     = {{Simplifying Flexible Isosurfaces Using Local Geometric Measures}},
  booktitle = {IEEE VIS},
  year      = {2004},
}

@inproceedings{carriere2021optimizing,
	title={Optimizing persistent homology based functions},
	author={Carriere, Mathieu and Chazal, Fr{\'e}d{\'e}ric and Glisse, Marc and Ike, Yuichi and Kannan, Hariprasad and Umeda, Yuhei},
	booktitle={ICML},
	year={2021},
}

@article{chazal_introduction_2021,
	title={An introduction to topological data analysis: fundamental and practical aspects for data scientists},
	author={Chazal, Fr{\'e}d{\'e}ric and Michel, Bertrand},
	journal={Frontiers in artificial intelligence},
	year={2021},
	publisher={Frontiers}
}

@article{chemistry_vis14,
  author = "Guenther, D. and Alvarez-Boto, R. and Contreras-Garcia, J.
  and Piquemal, J.-P. and Tierny, J.",
  title = "Characterizing Molecular Interactions in Chemical Systems",
  journal = tvcg,
  year={2014},
}

@book{dimensionReductionBook,
author = "Lee, J. A.  and Verleysen,  M.",
title ="Nonlinear Dimensionality Reduction",
publisher = "Springer",
year = "2007"
}

@article{doraiswamy2020topomap,
	title={{TopoMap}: A 0-dimensional homology preserving projection of high-dimensional data},
	author={Doraiswamy, Harish and Tierny, Julien and Silva, Paulo JS and Nonato, Luis Gustavo and Silva, Claudio},
	journal=tvcg,
	year={2020},
	publisher={IEEE}
}

@book{edelsbrunner_computational_2010,
	title = {Computational topology: an introduction},
	shorttitle = {Computational topology},
	publisher = {AMS},
	author = {Edelsbrunner, Herbert and Harer, John L.},
	year = {2010},
}

@article{gerber2010,
	Author = {S Gerber and P Bremer and V Pascucci and R Whitaker},
	Issn = {1077-2626},
	Journal = tvcg,
	Publisher = {IEEE Computer Society},
	Title = {{Visual Exploration of High Dimensional Scalar Functions}},
	Year = {2010}
}

@article{gerber2013,
author = {Samuel Gerber and Oliver Rübel and Peer-Timo Bremer and Valerio Pascucci and Ross T. Whitaker},
title = {{Morse–Smale Regression}},
journal = {J. Comput. Graph. Stat.},
year  = {2013},
publisher = {Taylor & Francis},
}

@article{guardieiro2024topomap++,
	title={Topo{M}ap++: A faster and more space efficient technique to compute projections with topological guarantees},
	author={Guardieiro, Vitoria and de Oliveira, Felipe Inagaki and Doraiswamy, Harish and Nonato, Luis Gustavo and Silva, Claudio},
	journal=tvcg,
	year={2024},
	publisher={IEEE}
}

@article{gyulassy_ev14,
  author = {Gyulassy, A. and Bremer, P.T. and Grout, R. and Kolla, H. and Chen,
J. and Pascucci, V.},
  title = {Stability of Dissipation Elements: A case study in combustion},
  journal = cgf,
year = {2014}
}

@article{gyulassy_vis07,
  author    = {Attila Gyulassy and
               Mark A. Duchaineau and
               Vijay Natarajan and
               Valerio Pascucci and
               Eduardo Bringa and
               Andrew Higginbotham and
               Bernd Hamann},
  title     = {Topologically Clean Distance Fields},
  journal   = vis,
  year      = {2007},
}

@article{gyulassy_vis15,
  author = "Gyulassy, A. and Knoll, A. and Lau, K.C. and Wang, B. and Bremer,
P.T. and Papka, M.E. and Curtiss, L. A. and Pascucci, V.",
  title = "Interstitial and Interlayer Ion Diffusion Geometry Extraction in
Graphitic Nanosphere Battery Materials",
  journal = tvcg,
year={2016},
}

@article{harshChemistry,
author = {Bhatia, Harsh and Gyulassy, Attila G. and Lordi, Vincenzo and Pask, John E. and Pascucci, Valerio and Bremer, Peer-Timo},
title = {TopoMS: Comprehensive topological exploration for molecular and condensed-matter systems},
journal = {J. Comput. Chem.},
year = {2018}
}

@article{heine16,
  author = "Heine, C. and Leitte, H. and Hlawitschka, M. and Iuricich, F. and
De Floriani, L. and Scheuermann, G. and Hagen, H. and Garth, C.",
  title = "A Survey of Topology-based Methods in Visualization",
  journal = cgf,
  year = "2016",
}

@article{hinton2002stochastic,
	title={Stochastic neighbor embedding},
	author={Hinton, Geoffrey E and Roweis, Sam},
	journal={Advances in neural information processing systems},
	year={2002}
}

@article{hinton_reducing_2006,
	title={Reducing the dimensionality of data with neural networks},
	author={Hinton, Geoffrey E and Salakhutdinov, Ruslan R},
	journal={Science},
	year={2006},
	publisher={American Association for the Advancement of Science}
}

@ARTICLE{joia:tvcg:2011,
  author = {P. Joia and D. Coimbra and J. Cuminato and F. Paulovich and L.G. Nonato},
  title = {Local Affine Multidimensional Projection},
  journal = tvcg,
  year = {2011},
}

@article{kasten_tvcg11,
  author = {Kasten, J. and Reininghaus, J. and Hotz, I. and Hege, H.C.},
  title = {Two-dimensional time-dependent vortex regions based on the
acceleration magnitude},
  journal = tvcg,
  year = {2011},
}

@article{laney_vis06,
  author = {Laney, D. E. and Bremer, P.T. and Mascarenhas, A. and Miller, P.
and Pascucci, V.},
  title = {Understanding the Structure of the Turbulent Mixing Layer in
Hydrodynamic Instabilities},
  journal = vis,
  year = {2006},
}

@article{mcinnes2018umap,
	title={{UMAP}: {Uniform} {Manifold} {Approximation} and {Projection} for dimension reduction},
	author={McInnes, Leland and Healy, John and Melville, James},
	journal={arXiv preprint arXiv:1802.03426},
	year={2018}
}

@inproceedings{moor2020topological,
	title={Topological {Autoencoders}},
	author={Moor, Michael and Horn, Max and Rieck, Bastian and Borgwardt, Karsten},
	booktitle={International conference on machine learning},
	year={2020},
	organization={PMLR}
}

@article{nelson2022topology,
	title={Topology-preserving dimensionality reduction via interleaving optimization},
	author={Nelson, Bradley J and Luo, Yuan},
	journal={arXiv preprint arXiv:2201.13012},
	year={2022}
}

@article{pearson1901liii,
	title={On lines and planes of closest fit to systems of points in space},
	author={Pearson, Karl},
	journal={The London, Edinburgh, and Dublin philosophical magazine and journal of science},
	year={1901},
	publisher={Taylor \& Francis}
}

@ARTICLE{reeb46,
  author = {Georges Reeb},
  title = {Sur les points singuliers d'une forme de {P}faff compl\`etement
  int\'egrable ou d'une fonction num\'erique},
  journal = {Comptes-rendus de l'Académie des Sciences},
  year = {1946},
}

@article{roweis2000nonlinear,
  title={Nonlinear dimensionality reduction by locally linear embedding},
  author={Roweis, Sam T and Saul, Lawrence K},
  journal={Science},
  year={2000},
}

@inproceedings{schonenberger2020witness,
	title={Witness {Autoencoder}: Shaping the latent space with witness complexes},
	author={Sch{\"o}nenberger, Simon Till and Varava, Anastasiia and Polianskii, Vladislav and Chung, Jen Jen and Kragic, Danica and Siegwart, Roland},
	booktitle={TDA \& Beyond},
	year={2020}
}

@article{shivashankar2016felix,
  title={Felix: A Topology Based Framework for Visual Exploration of Cosmic
Filaments},
  author={Shivashankar, Nithin and Pranav, Pratyush and Natarajan, Vijay and van
de Weygaert, Rien and Bos, EG Patrick and Rieder, Steven},
  journal=tvcg,
  year={2016}

@inproceedings{silva2003global,
  title={Global versus local methods in nonlinear dimensionality reduction},
  author={Silva, Vin D and Tenenbaum, Joshua B},
  booktitle={NeurIPS},
  year={2003}
}

@article{sousbie11,
  author = {Sousbie, T.},
  title = {The Persistent Cosmic Web and its Filamentary Structure: Theory and
Implementations},
  journal = {Royal Astronomical Society},
  year = {2011}

@article{surveyDimensionReduction1,
author = "Cunninghamn, J. P.  Ghahramani, Z.",
title = "Linear dimensionality reduction: Survey, insights, and
generalizations.",
journal = {JMLR},
year    = {2015},
}

@techreport{surveyDimensionReduction2,
author="van der Maaten, L. and Postma, E. and van den Herik, J.",
title ="Dimensionality reduction: A comparative review",
institution="Tilburg University",
year = "2007",
}

@article{tenenbaum_global_2000,
	title={A global geometric framework for nonlinear dimensionality reduction},
	author={Tenenbaum, Joshua B and Silva, Vin de and Langford, John C},
	journal={Science},
	year={2000},
	publisher={American Association for the Advancement of Science}
}

@article{topoAngler,
author    = {Alexander Bock and
               Harish Doraiswamy and
               Adam Summers and
               Cl{\'{a}}udio T. Silva},
journal=tvcg,
title={TopoAngler: Interactive Topology-Based Extraction of Fishes},
year={2018},
}

@article{torgerson1952multidimensional,
	title={Multidimensional {Scaling}: I. Theory and method},
	author={Torgerson, Warren S},
	journal={Psychometrika},
	year={1952},
	publisher={Springer}
}

@inproceedings{trofimov2023learning,
	title={Learning topology-preserving data representations},
	author={Trofimov, Ilya and Cherniavskii, Daniil and Tulchinskii, Eduard and Balabin, Nikita and Burnaev, Evgeny and Barannikov, Serguei},
	booktitle={ICLR},
	year={2023}
}

@article{van2008visualizing,
	title={Visualizing data using t-{SNE}.},
	author={Van der Maaten, Laurens and Hinton, Geoffrey},
	journal={JMLR},
	year={2008}
}

@article{wang_understanding_2021,
	title={Understanding how dimension reduction tools work: an empirical approach to deciphering t-{SNE}, {UMAP}, {TriMap}, and {PaCMAP} for data visualization},
	author={Wang, Yingfan and Huang, Haiyang and Rudin, Cynthia and Shaposhnik, Yaron},
	journal={JMLR},
	year={2021}
}

@incollection{zomorodian_computational_2010,
	edition = {2},
	title = {Computational topology},
	isbn = {978-1-58488-820-8},
	urldate = {2024-10-07},
	booktitle = {Algorithms and theory of computation handbook: special topics and techniques},
	author = {Zomorodian, Afra},
	year = {2010},
}

