@inproceedings{A.Oussidi2018Deepgenerativemodels,
  title = {Deep Generative Models: Survey},
  booktitle = {2018 {{International Conference}} on {{Intelligent Systems}} and {{Computer Vision}} ({{ISCV}})},
  author = {{A. Oussidi} and {A. Elhassouny}},
  year = {2018},
  month = apr,
  pages = {1--8},
  doi = {10.1109/ISACV.2018.8354080},
  langid = {english}
}

@inproceedings{Ayala2023Diffusionmodelsremote,
  title = {Diffusion Models for Remote Sensing Imagery Semantic Segmentation},
  booktitle = {{{IGARSS}} 2023 - 2023 {{IEEE International Geoscience}} and {{Remote Sensing Symposium}}},
  author = {Ayala, C. and Sesma, R. and Aranda, C. and Galar, M.},
  year = {2023},
  month = jul,
  pages = {5654--5657},
  issn = {2153-7003},
  doi = {10.1109/IGARSS52108.2023.10281461},
  langid = {english}
}

@article{Chen2021SMAPGANgenerativeadversarial,
  title = {{{SMAPGAN}}: Generative Adversarial Network-Based Semisupervised Styled Map Tile Generation Method},
  shorttitle = {Smapgan},
  author = {Chen, Xu and Chen, Songqiang and Xu, Tian and Yin, Bangguo and Peng, Jian and Mei, Xiaoming and Li, Haifeng},
  year = {2021},
  month = may,
  journal = {IEEE Transactions on Geoscience and Remote Sensing},
  volume = {59},
  number = {5},
  pages = {4388--4406},
  issn = {0196-2892, 1558-0644},
  doi = {10.1109/TGRS.2020.3021819},
  urldate = {2024-08-19},
  copyright = {https://ieeexplore.ieee.org/Xplorehelp/downloads/license-information/IEEE.html},
  langid = {english}
}

@article{Fu2023Levelawareconsistentmultilevel,
  title = {Level-Aware Consistent Multilevel Map Translation from Satellite Imagery},
  author = {Fu, Ying and Fang, Zheng and Chen, Linwei and Song, Tao and Lin, Defu},
  year = {2023},
  journal = {IEEE Transactions on Geoscience and Remote Sensing},
  volume = {61},
  pages = {1--14},
  issn = {0196-2892, 1558-0644},
  doi = {10.1109/TGRS.2022.3220423},
  urldate = {2023-03-03},
  langid = {english},
  lccn = {1}
}

@article{Jiang2020RWSNetsemanticsegmentation,
  title = {{{RWSNet}}: A Semantic Segmentation Network Based on {{SegNet}} Combined with Random Walk for Remote Sensing},
  shorttitle = {{{RWSNet}}},
  author = {Jiang, Jie and Lyu, Chengjin and Liu, Siying and He, Yongqiang and Hao, Xuetao},
  year = {2020},
  month = jan,
  journal = {International Journal of Remote Sensing},
  volume = {41},
  number = {2},
  pages = {487--505},
  issn = {0143-1161, 1366-5901},
  doi = {10.1080/01431161.2019.1643937},
  urldate = {2021-12-29},
  copyright = {3.151},
  langid = {english}
}

@inproceedings{Kingma2013Autoencodingvariationalbayes,
  title = {Auto-Encoding Variational Bayes},
  booktitle = {Advances in {{Neural Information Processing Systems}} 26: 27th {{Annual Conference}} on {{Neural Information Processing Systems}} 2013, {{Lake Tahoe}}, {{Nevada}}, {{United States}}, {{December}} 5-8, 2013},
  author = {Kingma, Diederik P. and Welling, Max},
  year = {2013},
  pages = {439--446},
  langid = {english}
}

@article{Liu2021CscGANconditionalscaleconsistent,
  title = {{{CscGAN}}: Conditional Scale-Consistent Generation Network for Multi-Level Remote Sensing Image to Map Translation},
  shorttitle = {{{CscGAN}}},
  author = {Liu, Yuanyuan and Wang, Wenbin and Fang, Fang and Zhou, Lin and Sun, Chenxing and Zheng, Ying and Chen, Zhanlong},
  year = {2021},
  month = may,
  journal = {Remote Sensing},
  volume = {13},
  number = {10},
  pages = {1936},
  issn = {2072-4292},
  doi = {10.3390/rs13101936},
  urldate = {2021-10-12},
  copyright = {4.848},
  langid = {english}
}

@inproceedings{Shen2022Highqualitysegmentation,
  title = {High Quality Segmentation for Ultra High-Resolution Images},
  booktitle = {Proceedings of the {{IEEE}}/{{CVF Conference}} on {{Computer Vision}} and {{Pattern Recognition}}},
  author = {Shen, Tiancheng and Zhang, Yuechen and Qi, Lu and Kuen, Jason and Xie, Xingyu and Wu, Jianlong and Lin, Zhe and Jia, Jiaya},
  year = {2022},
  pages = {1310--1319},
  urldate = {2024-03-07},
  langid = {english}
}

@misc{Zhao2024RSmambalargeremote,
  title = {{{RS-mamba}} for Large Remote Sensing Image Dense Prediction},
  author = {Zhao, Sijie and Chen, Hao and Zhang, Xueliang and Xiao, Pengfeng and Bai, Lei and Ouyang, Wanli},
  year = {2024},
  month = mar,
  langid = {english}
}

