@inproceedings{A.Oussidi2018Deepgenerativemodels,
  title = {Deep Generative Models: Survey},
  booktitle = {2018 {{International Conference}} on {{Intelligent Systems}} and {{Computer Vision}} ({{ISCV}})},
  author = {{A. Oussidi} and {A. Elhassouny}},
  year = {2018},
  month = apr,
  pages = {1--8},
  doi = {10.1109/ISACV.2018.8354080},
  langid = {english}
}

@inproceedings{Avrahami2022Blendeddiffusiontextdriven,
  title = {Blended Diffusion for Text-Driven Editing of Natural Images},
  booktitle = {Proceedings of the {{IEEE}}/{{CVF Conference}} on {{Computer Vision}} and {{Pattern Recognition}}},
  author = {Avrahami, Omri and Lischinski, Dani and Fried, Ohad},
  year = {2022},
  pages = {18208--18218},
  urldate = {2024-09-25},
  langid = {english}
}

@inproceedings{Ayala2023Diffusionmodelsremote,
  title = {Diffusion Models for Remote Sensing Imagery Semantic Segmentation},
  booktitle = {{{IGARSS}} 2023 - 2023 {{IEEE International Geoscience}} and {{Remote Sensing Symposium}}},
  author = {Ayala, C. and Sesma, R. and Aranda, C. and Galar, M.},
  year = {2023},
  month = jul,
  pages = {5654--5657},
  issn = {2153-7003},
  doi = {10.1109/IGARSS52108.2023.10281461},
  langid = {english}
}

@inproceedings{Bruns1996Similarityspatialscenes,
  title = {Similarity of Spatial Scenes},
  booktitle = {Seventh {{International Symposium}} on {{Spatial Data Handling}}},
  author = {Bruns, H. T. and Egenhover, M. J.},
  year = {1996},
  langid = {english}
}

@inproceedings{Caron2021Emergingpropertiesselfsupervised,
  title = {Emerging Properties in Self-Supervised Vision Transformers},
  booktitle = {Proceedings of the {{IEEE}}/{{CVF International Conference}} on {{Computer Vision}}},
  author = {Caron, Mathilde and Touvron, Hugo and Misra, Ishan and J{\'e}gou, Herv{\'e} and Mairal, Julien and Bojanowski, Piotr and Joulin, Armand},
  year = {2021},
  number = {arXiv:2104.14294},
  pages = {9650--9660},
  urldate = {2024-04-12},
  langid = {english}
}

@article{Chen2021ReconstructionbiasUnet,
  title = {Reconstruction Bias {{U-net}} for Road Extraction from Optical Remote Sensing Images},
  author = {Chen, Ziyi and Wang, Cheng and Li, Jonathan and Xie, Nianci and Han, Yan and Du, Jixiang},
  year = {2021},
  journal = {IEEE Journal of Selected Topics in Applied Earth Observations and Remote Sensing},
  volume = {14},
  pages = {2284--2294},
  issn = {1939-1404, 2151-1535},
  doi = {10.1109/jstars.2021.3053603},
  urldate = {2022-02-17},
  copyright = {3.784},
  langid = {english},
  lccn = {3.784}
}

@article{Chen2021Selfattentionreconstructionbias,
  title = {Self-Attention in Reconstruction Bias {{U-net}} for Semantic Segmentation of Building Rooftops in Optical Remote Sensing Images},
  author = {Chen, Ziyi and Li, Dilong and Fan, Wentao and Guan, Haiyan and Wang, Cheng and Li, Jonathan},
  year = {2021},
  month = jun,
  journal = {Remote Sensing},
  volume = {13},
  number = {13},
  pages = {2524},
  issn = {2072-4292},
  doi = {10.3390/rs13132524},
  urldate = {2022-02-17},
  copyright = {4.848},
  langid = {english},
  lccn = {4.848}
}

@article{Chen2021SMAPGANgenerativeadversarial,
  title = {{{SMAPGAN}}: Generative Adversarial Network-Based Semisupervised Styled Map Tile Generation Method},
  shorttitle = {Smapgan},
  author = {Chen, Xu and Chen, Songqiang and Xu, Tian and Yin, Bangguo and Peng, Jian and Mei, Xiaoming and Li, Haifeng},
  year = {2021},
  month = may,
  journal = {IEEE Transactions on Geoscience and Remote Sensing},
  volume = {59},
  number = {5},
  pages = {4388--4406},
  issn = {0196-2892, 1558-0644},
  doi = {10.1109/TGRS.2020.3021819},
  urldate = {2024-08-19},
  copyright = {https://ieeexplore.ieee.org/Xplorehelp/downloads/license-information/IEEE.html},
  langid = {english}
}

@article{Chen2022Generatingmultiscalemaps,
  title = {Generating Multiscale Maps from Satellite Images via Series Generative Adversarial Networks},
  author = {Chen, Xu and Yin, Bangguo and Chen, Songqiang and Li, Haifeng and Xu, Tian},
  year = {2022},
  journal = {IEEE Geoscience and Remote Sensing Letters},
  volume = {19},
  pages = {1--5},
  issn = {1558-0571},
  doi = {10.1109/LGRS.2021.3129285},
  urldate = {2024-09-25},
  langid = {english}
}

@misc{Chen2023SparseViTrevisitingactivation,
  title = {{{SparseViT}}: Revisiting Activation Sparsity for Efficient High-Resolution Vision Transformer},
  shorttitle = {{{SparseViT}}},
  author = {Chen, Xuanyao and Liu, Zhijian and Tang, Haotian and Yi, Li and Zhao, Hang and Han, Song},
  year = {2023},
  month = mar,
  urldate = {2024-03-07},
  langid = {english}
}

@inproceedings{Cheng2022Maskedattentionmasktransformer,
  title = {Masked-Attention Mask Transformer for Universal Image Segmentation},
  booktitle = {Proceedings of the {{IEEE}}/{{CVF Conference}} on {{Computer Vision}} and {{Pattern Recognition}}},
  author = {Cheng, Bowen and Misra, Ishan and Schwing, Alexander G. and Kirillov, Alexander and Girdhar, Rohit},
  year = {2022},
  pages = {1290--1299},
  urldate = {2023-09-26},
  langid = {english}
}

@inproceedings{Cherti2023Reproduciblescalinglaws,
  title = {Reproducible Scaling Laws for Contrastive Language-Image Learning},
  booktitle = {2023 {{IEEE}}/{{CVF Conference}} on {{Computer Vision}} and {{Pattern Recognition}} ({{CVPR}})},
  author = {Cherti, Mehdi and Beaumont, Romain and Wightman, Ross and Wortsman, Mitchell and Ilharco, Gabriel and Gordon, Cade and Schuhmann, Christoph and Schmidt, Ludwig and Jitsev, Jenia},
  year = {2023},
  month = jun,
  eprint = {2212.07143},
  primaryclass = {cs},
  pages = {2818--2829},
  doi = {10.1109/CVPR52729.2023.00276},
  urldate = {2024-09-29},
  archiveprefix = {arXiv},
  langid = {english}
}

@inproceedings{Choi2018StarGANunifiedgenerative,
  title = {{{StarGAN}}: Unified Generative Adversarial Networks for Multi-Domain Image-to-Image Translation},
  shorttitle = {{{StarGAN}}},
  booktitle = {Proceedings of the {{IEEE Conference}} on {{Computer Vision}} and {{Pattern Recognition}}},
  author = {Choi, Yunjey and Choi, Minje and Kim, Munyoung and Ha, Jung-Woo and Kim, Sunghun and Choo, Jaegul},
  year = {2018},
  number = {arXiv:1711.09020},
  pages = {8789--8797},
  urldate = {2024-09-25},
  langid = {english}
}

@article{Czerkawski2024Exploringcapabilitytexttoimage,
  title = {Exploring the Capability of Text-to-Image Diffusion Models with Structural Edge Guidance for Multispectral Satellite Image Inpainting},
  author = {Czerkawski, Mikolaj and Tachtatzis, Christos},
  year = {2024},
  journal = {IEEE Geoscience and Remote Sensing Letters},
  volume = {21},
  pages = {1--5},
  issn = {1558-0571},
  doi = {10.1109/LGRS.2024.3370212},
  urldate = {2024-06-30},
  langid = {english}
}

@misc{Dhariwal2021Diffusionmodelsbeat,
  title = {Diffusion Models Beat {{GANs}} on Image Synthesis},
  author = {Dhariwal, Prafulla and Nichol, Alex},
  year = {2021},
  month = jun,
  number = {arXiv:2105.05233},
  eprint = {2105.05233},
  publisher = {arXiv},
  urldate = {2022-08-01},
  archiveprefix = {arXiv},
  langid = {english}
}

@inproceedings{Ding2019LearningRoItransformer,
  title = {Learning {{RoI}} Transformer for Oriented Object Detection in Aerial Images},
  booktitle = {Proceedings of the {{IEEE}}/{{CVF Conference}} on {{Computer Vision}} and {{Pattern Recognition}}},
  author = {Ding, Jian and Xue, Nan and Long, Yang and Xia, Gui-Song and Lu, Qikai},
  year = {2019},
  pages = {2849--2858},
  urldate = {2024-09-25},
  langid = {english}
}

@inproceedings{Dosovitskiy2020imageworth16x16,
  title = {An Image Is Worth 16x16 Words: Transformers for Image Recognition at Scale},
  shorttitle = {An Image Is Worth 16x16 Words},
  booktitle = {International {{Conference}} on {{Learning Representations}}},
  author = {Dosovitskiy, Alexey and Beyer, Lucas and Kolesnikov, Alexander and Weissenborn, Dirk and Zhai, Xiaohua and Unterthiner, Thomas and Dehghani, Mostafa and Minderer, Matthias and Heigold, Georg and Gelly, Sylvain and Uszkoreit, Jakob and Houlsby, Neil},
  year = {2020},
  month = oct,
  urldate = {2025-02-14},
  langid = {english}
}

@misc{Espinosa2023Generateyourown,
  title = {Generate Your Own Scotland: Satellite Image Generation Conditioned on Maps},
  shorttitle = {Generate Your Own Scotland},
  author = {Espinosa, Miguel and Crowley, Elliot J.},
  year = {2023},
  month = aug,
  urldate = {2024-09-28},
  langid = {english}
}

@inproceedings{Ezequiel2014UAVaerialimaging,
  title = {{{UAV}} Aerial Imaging Applications for Post-Disaster Assessment, Environmental Management and Infrastructure Development},
  booktitle = {2014 {{International Conference}} on {{Unmanned Aircraft Systems}} ({{ICUAS}})},
  author = {Ezequiel, Carlos Alphonso F and Cua, Matthew and Libatique, Nathaniel C and Tangonan, Gregory L and Alampay, Raphael and Labuguen, Rollyn T and Favila, Chrisandro M and Honrado, Jaime Luis E and Canos, Vinni and Devaney, Charles and {Others}},
  year = {2014},
  langid = {english}
}

@article{Feng2019Learningcartographicbuilding,
  title = {Learning Cartographic Building Generalization with Deep Convolutional Neural Networks},
  author = {Feng, Yu and Thiemann, Frank and Sester, Monika},
  year = {2019},
  month = jun,
  journal = {ISPRS International Journal of Geo-Information},
  volume = {8},
  number = {6},
  pages = {258},
  publisher = {Multidisciplinary Digital Publishing Institute},
  issn = {2220-9964},
  doi = {10.3390/ijgi8060258},
  urldate = {2025-03-26},
  copyright = {http://creativecommons.org/licenses/by/3.0/},
  langid = {english}
}

@article{Fu2021Translationaerialimage,
  title = {Translation of Aerial Image into Digital Map via Discriminative Segmentation and Creative Generation},
  author = {Fu, Ying and Liang, Shuaizhe and Chen, Dongdong and Chen, Zhanlong},
  year = {2021},
  journal = {IEEE Transactions on Geoscience and Remote Sensing},
  volume = {60},
  pages = {1--15},
  issn = {0196-2892, 1558-0644},
  doi = {10.1109/TGRS.2021.3110894},
  urldate = {2021-10-12},
  copyright = {5.6},
  langid = {english}
}

@article{Fu2023Levelawareconsistentmultilevel,
  title = {Level-Aware Consistent Multilevel Map Translation from Satellite Imagery},
  author = {Fu, Ying and Fang, Zheng and Chen, Linwei and Song, Tao and Lin, Defu},
  year = {2023},
  journal = {IEEE Transactions on Geoscience and Remote Sensing},
  volume = {61},
  pages = {1--14},
  issn = {0196-2892, 1558-0644},
  doi = {10.1109/TGRS.2022.3220423},
  urldate = {2023-03-03},
  langid = {english},
  lccn = {1}
}

@misc{Ganguli2019GeoGANconditionalGAN,
  title = {{{GeoGAN}}: A Conditional {{GAN}} with Reconstruction and Style Loss to Generate Standard Layer of Maps from Satellite Images},
  shorttitle = {{{GeoGAN}}},
  author = {Ganguli, Swetava and Garzon, Pedro and Glaser, Noa},
  year = {2019},
  month = apr,
  number = {arXiv:1902.05611},
  eprint = {1902.05611},
  primaryclass = {cs},
  publisher = {arXiv},
  doi = {10.48550/arXiv.1902.05611},
  urldate = {2024-09-24},
  archiveprefix = {arXiv},
  langid = {english}
}

@article{Gao2022Multiscenariosimulationecological,
  title = {Multi-Scenario Simulation and Ecological Risk Analysis of Land Use Based on the {{PLUS}} Model: A Case Study of Nanjing},
  shorttitle = {Multi-Scenario Simulation and Ecological Risk Analysis of Land Use Based on the {{PLUS}} Model},
  author = {Gao, Lina and Tao, Fei and Liu, Runrui and Wang, Zilong and Leng, Hongjun and Zhou, Tong},
  year = {2022},
  month = oct,
  journal = {Sustainable Cities and Society},
  volume = {85},
  pages = {104055},
  issn = {2210-6707},
  doi = {10.1016/j.scs.2022.104055},
  urldate = {2025-04-14},
  langid = {english}
}

@incollection{Goodfellow2014Generativeadversarialnets,
  title = {Generative Adversarial Nets},
  booktitle = {Advances in {{Neural Information Processing Systems}} 27},
  author = {Goodfellow, Ian and {Pouget-Abadie}, Jean and Mirza, Mehdi and Xu, Bing and {Warde-Farley}, David and Ozair, Sherjil and Courville, Aaron and Bengio, Yoshua},
  editor = {Ghahramani, Z. and Welling, M. and Cortes, C. and Lawrence, N. D. and Weinberger, K. Q.},
  year = {2014},
  pages = {2672--2680},
  publisher = {Curran Associates, Inc.},
  urldate = {2019-12-18},
  langid = {english}
}

@inproceedings{Guo2022ISDNetintegratingshallow,
  title = {{{ISDNet}}: Integrating Shallow and Deep Networks for Efficient Ultra-High Resolution Segmentation},
  shorttitle = {{{ISDNet}}},
  booktitle = {2022 {{IEEE}}/{{CVF Conference}} on {{Computer Vision}} and {{Pattern Recognition}} ({{CVPR}})},
  author = {Guo, Shaohua and Liu, Liang and Gan, Zhenye and Wang, Yabiao and Zhang, Wuhao and Wang, Chengjie and Jiang, Guannan and Zhang, Wei and Yi, Ran and Ma, Lizhuang and Xu, Ke},
  year = {2022},
  month = jun,
  pages = {4351--4360},
  publisher = {IEEE},
  address = {New Orleans, LA, USA},
  doi = {10.1109/CVPR52688.2022.00432},
  urldate = {2024-03-07},
  isbn = {978-1-6654-6946-3},
  langid = {english}
}

@inproceedings{Guo2024SkySensemultimodalremote,
  title = {{{SkySense}}: A Multi-Modal Remote Sensing Foundation Model towards Universal Interpretation for {{Earth}} Observation Imagery},
  shorttitle = {{{SkySense}}},
  booktitle = {Proceedings of the {{IEEE}}/{{CVF Conference}} on {{Computer Vision}} and {{Pattern Recognition}}},
  author = {Guo, Xin and Lao, Jiangwei and Dang, Bo and Zhang, Yingying and Yu, Lei and Ru, Lixiang and Zhong, Liheng and Huang, Ziyuan and Wu, Kang and Hu, Dingxiang and He, Huimei and Wang, Jian and Chen, Jingdong and Yang, Ming and Zhang, Yongjun and Li, Yansheng},
  year = {2024},
  eprint = {2312.10115},
  primaryclass = {cs},
  pages = {27672--27683},
  publisher = {arXiv},
  urldate = {2024-06-30},
  archiveprefix = {arXiv},
  langid = {english}
}

@inproceedings{Han2021ReDetrotationequivariantdetector,
  title = {{{ReDet}}: A Rotation-Equivariant Detector for Aerial Object Detection},
  shorttitle = {{{ReDet}}},
  booktitle = {Proceedings of the {{IEEE}}/{{CVF Conference}} on {{Computer Vision}} and {{Pattern Recognition}}},
  author = {Han, Jiaming and Ding, Jian and Xue, Nan and Xia, Gui-Song},
  year = {2021},
  pages = {2786--2795},
  urldate = {2024-09-25},
  langid = {english}
}

@incollection{Haunold1993keystrokelevelanalysis,
  title = {A Keystroke Level Analysis of Manual Map Digitizing},
  booktitle = {Spatial {{Information Theory A Theoretical Basis}} for {{GIS}}},
  author = {Haunold, Peter and Kuhn, Werner},
  editor = {Frank, Andrew U. and Campari, Irene and Goos, Gerhard and Hartmanis, Juris},
  year = {1993},
  volume = {716},
  pages = {406--420},
  publisher = {Springer Berlin Heidelberg},
  address = {Berlin, Heidelberg},
  doi = {10.1007/3-540-57207-4_27},
  urldate = {2024-10-17},
  isbn = {978-3-540-57207-7 978-3-540-47966-6},
  langid = {english}
}

@misc{Hertz2022Prompttopromptimageediting,
  title = {Prompt-to-Prompt Image Editing with Cross Attention Control},
  author = {Hertz, Amir and Mokady, Ron and Tenenbaum, Jay and Aberman, Kfir and Pritch, Yael and {Cohen-Or}, Daniel},
  year = {2022},
  month = aug,
  urldate = {2024-09-26},
  langid = {english}
}

@inproceedings{Heusel2017GANstrainedtwo,
  title = {{{GANs}} Trained by a Two Time-Scale Update Rule Converge to a Local Nash Equilibrium},
  booktitle = {Advances in {{Neural Information Processing Systems}}},
  author = {Heusel, Martin and Ramsauer, Hubert and Unterthiner, Thomas and Nessler, Bernhard and Hochreiter, Sepp},
  year = {2017},
  volume = {30},
  publisher = {Curran Associates, Inc.},
  urldate = {2024-09-29},
  langid = {english}
}

@inproceedings{Ho2020Denoisingdiffusionprobabilistic,
  title = {Denoising Diffusion Probabilistic Models},
  booktitle = {Advances in {{Neural Information Processing Systems}}},
  author = {Ho, Jonathan and Jain, Ajay and Abbeel, Pieter},
  year = {2020},
  volume = {33},
  pages = {6840--6851},
  langid = {english}
}

@article{Ho2022Cascadeddiffusionmodels,
  title = {Cascaded Diffusion Models for High Fidelity Image Generation},
  author = {Ho, Jonathan and Saharia, Chitwan and Chan, William and Fleet, David J. and Norouzi, Mohammad and Salimans, Tim},
  year = {2022},
  journal = {Journal of Machine Learning Research},
  volume = {23},
  number = {47},
  pages = {1--33},
  issn = {1533-7928},
  urldate = {2024-06-21},
  langid = {english}
}

@inproceedings{Isola2017Imagetoimagetranslationconditional,
  title = {Image-to-Image Translation with Conditional Adversarial Networks},
  booktitle = {2017 {{IEEE Conference}} on {{Computer Vision}} and {{Pattern Recognition}} ({{CVPR}})},
  author = {Isola, Phillip and Zhu, Jun-Yan and Zhou, Tinghui and Efros, Alexei A.},
  year = {2017},
  month = jul,
  number = {arXiv:1611.07004},
  pages = {5967--5976},
  publisher = {IEEE},
  address = {Honolulu, HI},
  doi = {10/gfrfv9},
  urldate = {2019-12-18},
  isbn = {978-1-5386-0457-1},
  langid = {english}
}

@article{Jiang2020RWSNetsemanticsegmentation,
  title = {{{RWSNet}}: A Semantic Segmentation Network Based on {{SegNet}} Combined with Random Walk for Remote Sensing},
  shorttitle = {{{RWSNet}}},
  author = {Jiang, Jie and Lyu, Chengjin and Liu, Siying and He, Yongqiang and Hao, Xuetao},
  year = {2020},
  month = jan,
  journal = {International Journal of Remote Sensing},
  volume = {41},
  number = {2},
  pages = {487--505},
  issn = {0143-1161, 1366-5901},
  doi = {10.1080/01431161.2019.1643937},
  urldate = {2021-12-29},
  copyright = {3.151},
  langid = {english}
}

@inproceedings{Jiang2020TSITsimpleversatile,
  title = {{{TSIT}}: A Simple and Versatile Framework for Image-to-Image Translation},
  shorttitle = {Tsit},
  booktitle = {Proc. {{Eur}}. {{Conf}}. {{Comput}}. {{Vis}}.},
  author = {Jiang, Liming and Zhang, Changxu and Huang, Mingyang and Liu, Chunxiao and Shi, Jianping and Loy, Chen Change},
  year = {2020},
  month = jul,
  eprint = {2007.12072},
  primaryclass = {cs},
  pages = {206--222},
  doi = {10.48550/arXiv.2007.12072},
  urldate = {2024-11-25},
  archiveprefix = {arXiv},
  langid = {english}
}

@misc{Khanna2023DiffusionSatgenerativefoundation,
  title = {{{DiffusionSat}}: A Generative Foundation Model for Satellite Imagery},
  shorttitle = {{{DiffusionSat}}},
  author = {Khanna, Samar and Liu, Patrick and Zhou, Linqi and Meng, Chenlin and Rombach, Robin and Burke, Marshall and Lobell, David and Ermon, Stefano},
  year = {2023},
  month = dec,
  urldate = {2024-09-28},
  langid = {english}
}

@inproceedings{Kingma2013Autoencodingvariationalbayes,
  title = {Auto-Encoding Variational Bayes},
  booktitle = {Advances in {{Neural Information Processing Systems}} 26: 27th {{Annual Conference}} on {{Neural Information Processing Systems}} 2013, {{Lake Tahoe}}, {{Nevada}}, {{United States}}, {{December}} 5-8, 2013},
  author = {Kingma, Diederik P. and Welling, Max},
  year = {2013},
  pages = {439--446},
  langid = {english}
}

@inproceedings{Kuckreja2024GeoChatgroundedlarge,
  title = {{{GeoChat}}: Grounded Large Vision-Language Model for Remote Sensing},
  shorttitle = {{{GeoChat}}},
  booktitle = {Proceedings of the {{IEEE}}/{{CVF Conference}} on {{Computer Vision}} and {{Pattern Recognition}}},
  author = {Kuckreja, Kartik and Danish, Muhammad Sohail and Naseer, Muzammal and Das, Abhijit and Khan, Salman and Khan, Fahad Shahbaz},
  year = {2024},
  pages = {27831--27840},
  urldate = {2024-06-30},
  langid = {english}
}

@inproceedings{Ledig2017Photorealisticsingleimage,
  title = {Photo-Realistic Single Image Super-Resolution Using a Generative Adversarial Network},
  booktitle = {Proceedings of the {{IEEE Conference}} on {{Computer Vision}} and {{Pattern Recognition}}},
  author = {Ledig, Christian and Theis, Lucas and Huszar, Ferenc and Caballero, Jose and Cunningham, Andrew and Acosta, Alejandro and Aitken, Andrew and Tejani, Alykhan and Totz, Johannes and Wang, Zehan and Shi, Wenzhe},
  year = {2017},
  pages = {4681--4690},
  urldate = {2022-05-26},
  langid = {english}
}

@article{Li2020MapGANintelligentgeneration,
  title = {{{MapGAN}}: An Intelligent Generation Model for Network Tile Maps},
  shorttitle = {{{MapGAN}}},
  author = {Li, Jingtao and Chen, Zhanlong and Zhao, Xiaozhen and Shao, Lijia},
  year = {2020},
  month = may,
  journal = {Sensors},
  volume = {20},
  number = {11},
  pages = {3119},
  issn = {1424-8220},
  doi = {10.3390/s20113119},
  urldate = {2021-10-15},
  copyright = {3.576},
  langid = {english}
}

@inproceedings{Li2021SeMoYOLOmultiscaleobject,
  title = {{{SeMo-YOLO}}: A Multiscale Object Detection Network in Satellite Remote Sensing Images},
  shorttitle = {{{SeMo-YOLO}}},
  booktitle = {2021 {{International Joint Conference}} on {{Neural Networks}} ({{IJCNN}})},
  author = {Li, Peng and Che, Cheng},
  year = {2021},
  month = jul,
  pages = {1--8},
  publisher = {IEEE},
  address = {Shenzhen, China},
  doi = {10.1109/IJCNN52387.2021.9534343},
  urldate = {2021-10-18},
  isbn = {978-1-6654-3900-8},
  langid = {english}
}

@article{Li2022SRDiffsingleimage,
  title = {{{SRDiff}}: Single Image Super-Resolution with Diffusion Probabilistic Models},
  shorttitle = {{{SRDiff}}},
  author = {Li, Haoying and Yang, Yifan and Chang, Meng and Chen, Shiqi and Feng, Huajun and Xu, Zhihai and Li, Qi and Chen, Yueting},
  year = {2022},
  month = mar,
  journal = {Neurocomputing},
  volume = {479},
  pages = {47--59},
  issn = {0925-2312},
  doi = {10.1016/j.neucom.2022.01.029},
  urldate = {2024-10-22},
  langid = {english}
}

@article{Li2024BLIPdiffusionpretrainedsubject,
  title = {{{BLIP-diffusion}}: Pre-Trained Subject Representation for Controllable Text-to-Image Generation and Editing},
  author = {Li, Dongxu and Li, Junnan and Hoi, Steven},
  year = {2024},
  journal = {Advances in Neural Information Processing Systems},
  volume = {36},
  langid = {english}
}

@article{Li2024Learningholisticallydetect,
  title = {Learning to Holistically Detect Bridges from Large-Size {{VHR}} Remote Sensing Imagery},
  author = {Li, Yansheng and Luo, Junwei and Zhang, Yongjun and Tan, Yihua and Yu, Jin-Gang and Bai, Song},
  year = {2024},
  journal = {IEEE Transactions on Pattern Analysis and Machine Intelligence},
  pages = {1--18},
  issn = {0162-8828, 2160-9292, 1939-3539},
  doi = {10.1109/TPAMI.2024.3393024},
  urldate = {2024-06-05},
  copyright = {https://ieeexplore.ieee.org/Xplorehelp/downloads/license-information/IEEE.html},
  langid = {english}
}

@misc{Lin2024DiffBIRblindimage,
  title = {{{DiffBIR}}: Towards Blind Image Restoration with Generative Diffusion Prior},
  shorttitle = {{{DiffBIR}}},
  author = {Lin, Xinqi and He, Jingwen and Chen, Ziyan and Lyu, Zhaoyang and Dai, Bo and Yu, Fanghua and Ouyang, Wanli and Qiao, Yu and Dong, Chao},
  year = {2024},
  month = apr,
  number = {arXiv:2308.15070},
  eprint = {2308.15070},
  primaryclass = {cs},
  publisher = {arXiv},
  doi = {10.48550/arXiv.2308.15070},
  urldate = {2024-07-04},
  archiveprefix = {arXiv},
  langid = {english}
}

@article{Liu2021CscGANconditionalscaleconsistent,
  title = {{{CscGAN}}: Conditional Scale-Consistent Generation Network for Multi-Level Remote Sensing Image to Map Translation},
  shorttitle = {{{CscGAN}}},
  author = {Liu, Yuanyuan and Wang, Wenbin and Fang, Fang and Zhou, Lin and Sun, Chenxing and Zheng, Ying and Chen, Zhanlong},
  year = {2021},
  month = may,
  journal = {Remote Sensing},
  volume = {13},
  number = {10},
  pages = {1936},
  issn = {2072-4292},
  doi = {10.3390/rs13101936},
  urldate = {2021-10-12},
  copyright = {4.848},
  langid = {english}
}

@article{Liu2022RAANetresidualASPP,
  title = {{{RAANet}}: A Residual {{ASPP}} with Attention Framework for Semantic Segmentation of High-Resolution Remote Sensing Images},
  shorttitle = {{{RAANet}}},
  author = {Liu, Runrui and Tao, Fei and Liu, Xintao and Na, Jiaming and Leng, Hongjun and Wu, Junjie and Zhou, Tong},
  year = {2022},
  month = jan,
  journal = {Remote Sensing},
  volume = {14},
  number = {13},
  pages = {3109},
  publisher = {Multidisciplinary Digital Publishing Institute},
  issn = {2072-4292},
  doi = {10.3390/rs14133109},
  urldate = {2025-04-14},
  copyright = {http://creativecommons.org/licenses/by/3.0/},
  langid = {english}
}

@misc{Liu2024DQDETRDETRdynamic,
  title = {{{DQ-DETR}}: {{DETR}} with Dynamic Query for Tiny Object Detection},
  shorttitle = {Dq-Detr},
  author = {Liu, Hou-I. and Huang, Yi-Xin and Shuai, Hong-Han and Cheng, Wen-Huang},
  year = {2024},
  month = apr,
  urldate = {2024-09-26},
  langid = {english}
}

@article{Lu2023ScoreSegleveragingscorebased,
  title = {{{ScoreSeg}}: Leveraging Score-Based Generative Model for Self-Supervised Semantic Segmentation of Remote Sensing},
  shorttitle = {{{ScoreSeg}}},
  author = {Lu, Junzhe and He, Guangjun and Dou, Hongkun and Gao, Qing and Fang, Leyuan and Deng, Yue},
  year = {2023},
  journal = {IEEE Journal of Selected Topics in Applied Earth Observations and Remote Sensing},
  pages = {1--16},
  issn = {2151-1535},
  doi = {10.1109/JSTARS.2023.3314866},
  langid = {english},
  lccn = {3}
}

@misc{Luc2016Semanticsegmentationusing,
  title = {Semantic Segmentation Using Adversarial Networks},
  author = {Luc, Pauline and Couprie, Camille and Chintala, Soumith and Verbeek, Jakob},
  year = {2016},
  month = nov,
  number = {arXiv:1611.08408},
  eprint = {1611.08408},
  publisher = {arXiv},
  urldate = {2022-05-24},
  archiveprefix = {arXiv},
  langid = {english}
}

@article{Ma2024multilevelmultimodalfusion,
  title = {A Multilevel Multimodal Fusion Transformer for Remote Sensing Semantic Segmentation},
  author = {Ma, Xianping and Zhang, Xiaokang and Pun, Man-On and Liu, Ming},
  year = {2024},
  journal = {IEEE Transactions on Geoscience and Remote Sensing},
  volume = {62},
  pages = {1--15},
  issn = {1558-0644},
  doi = {10.1109/TGRS.2024.3373033},
  urldate = {2024-09-20},
  langid = {english}
}

@misc{Mall2023Remotesensingvisionlanguage,
  title = {Remote Sensing Vision-Language Foundation Models without Annotations via Ground Remote Alignment},
  author = {Mall, Utkarsh and Phoo, Cheng Perng and Liu, Meilin Kelsey and Vondrick, Carl and Hariharan, Bharath and Bala, Kavita},
  year = {2023},
  month = dec,
  number = {arXiv:2312.06960},
  eprint = {2312.06960},
  primaryclass = {cs},
  publisher = {arXiv},
  doi = {10.48550/arXiv.2312.06960},
  urldate = {2024-03-12},
  archiveprefix = {arXiv},
  langid = {english}
}

@misc{Mirza2014Conditionalgenerativeadversarial,
  title = {Conditional Generative Adversarial Nets},
  author = {Mirza, Mehdi and Osindero, Simon},
  year = {2014},
  month = nov,
  number = {arXiv:1411.1784},
  eprint = {1411.1784},
  publisher = {arXiv},
  urldate = {2019-12-18},
  archiveprefix = {arXiv},
  langid = {english}
}

@misc{Mou2023T2Iadapterlearningadapters,
  title = {{{T2I-adapter}}: Learning Adapters to Dig out More Controllable Ability for Text-to-Image Diffusion Models},
  shorttitle = {{{T2I-adapter}}},
  author = {Mou, Chong and Wang, Xintao and Xie, Liangbin and Wu, Yanze and Zhang, Jian and Qi, Zhongang and Shan, Ying and Qie, Xiaohu},
  year = {2023},
  month = feb,
  urldate = {2024-09-20},
  langid = {english}
}

@misc{Muhtar2024LHRSbotempoweringremote,
  title = {{{LHRS-bot}}: Empowering Remote Sensing with {{VGI-enhanced}} Large Multimodal Language Model},
  shorttitle = {{{LHRS-bot}}},
  author = {Muhtar, Dilxat and Li, Zhenshi and Gu, Feng and Zhang, Xueliang and Xiao, Pengfeng},
  year = {2024},
  month = feb,
  urldate = {2024-03-07},
  langid = {english}
}

@misc{Nichol2021Improveddenoisingdiffusion,
  title = {Improved Denoising Diffusion Probabilistic Models},
  author = {Nichol, Alex and Dhariwal, Prafulla},
  year = {2021},
  month = feb,
  number = {arXiv:2102.09672},
  eprint = {2102.09672},
  publisher = {arXiv},
  doi = {10.48550/arXiv.2102.09672},
  urldate = {2023-03-03},
  archiveprefix = {arXiv},
  langid = {english}
}

@misc{Nie2023blessingrandomnessSDE,
  title = {The Blessing of Randomness: {{SDE}} Beats {{ODE}} in General Diffusion-Based Image Editing},
  shorttitle = {The Blessing of Randomness},
  author = {Nie, Shen and Guo, Hanzhong Allan and Lu, Cheng and Zhou, Yuhao and Zheng, Chenyu and Li, Chongxuan},
  year = {2023},
  month = nov,
  urldate = {2024-09-26},
  langid = {english}
}

@inproceedings{Ou2023methodefficientsynthesizing,
  title = {A Method of Efficient Synthesizing Post-Disaster Remote Sensing Image with Diffusion Model and {{LLM}}},
  booktitle = {2023 {{Asia Pacific Signal}} and {{Information Processing Association Annual Summit}} and {{Conference}} ({{APSIPA ASC}})},
  author = {Ou, Ruizhe and Yan, Haotian and Wu, Ming and Zhang, Chuang},
  year = {2023},
  month = oct,
  pages = {1549--1555},
  issn = {2640-0103},
  doi = {10.1109/APSIPAASC58517.2023.10317383},
  urldate = {2024-09-28},
  langid = {english}
}

@misc{Pang2021Imagetoimagetranslationmethods,
  title = {Image-to-Image Translation: Methods and Applications},
  shorttitle = {Image-to-Image Translation},
  author = {Pang, Yingxue and Lin, Jianxin and Qin, Tao and Chen, Zhibo},
  year = {2021},
  month = jul,
  number = {arXiv:2101.08629},
  eprint = {2101.08629},
  publisher = {arXiv},
  doi = {10.48550/arXiv.2101.08629},
  urldate = {2023-03-09},
  archiveprefix = {arXiv},
  langid = {english}
}

@article{Park2011Hybridlinesimplification,
  title = {Hybrid Line Simplification for Cartographic Generalization},
  author = {Park, W. and Yu, K.},
  year = {2011},
  journal = {Pattern Recognition Letters},
  volume = {32},
  number = {9},
  pages = {1267--1273},
  langid = {english}
}

@inproceedings{Park2019Semanticimagesynthesis,
  title = {Semantic Image Synthesis with Spatially-Adaptive Normalization},
  booktitle = {Proceedings of the {{IEEE}}/{{CVF Conference}} on {{Computer Vision}} and {{Pattern Recognition}}},
  author = {Park, Taesung and Liu, Ming-Yu and Wang, Ting-Chun and Zhu, Jun-Yan},
  year = {2019},
  eprint = {1903.07291},
  primaryclass = {cs},
  pages = {2337--2346},
  publisher = {{Proceedings of the IEEE/CVF Conference on Computer Vision and Pattern Recognition}},
  urldate = {2024-07-31},
  archiveprefix = {arXiv},
  langid = {english}
}

@inproceedings{Pei2018Doeshazeremoval,
  title = {Does Haze Removal Help {{CNN-based}} Image Classification?},
  booktitle = {Proceedings of the {{European Conference}} on {{Computer Vision}} ({{ECCV}})},
  author = {Pei, Yanting and Huang, Yaping and Zou, Qi and Lu, Yuhang and Wang, Song},
  year = {2018},
  pages = {682--697},
  urldate = {2024-09-30},
  langid = {english}
}

@inproceedings{Peng2023Diffusionbasedimagetranslation,
  title = {Diffusion-Based Image Translation with Label Guidance for Domain Adaptive Semantic Segmentation},
  booktitle = {Proceedings of the {{IEEE}}/{{CVF International Conference}} on {{Computer Vision}}},
  author = {Peng, Duo and Hu, Ping and Ke, Qiuhong and Liu, Jun},
  year = {2023},
  pages = {808--820},
  urldate = {2024-07-01},
  langid = {english}
}

@inproceedings{Radford2021Learningtransferablevisual,
  title = {Learning Transferable Visual Models from Natural Language Supervision},
  author = {Radford, Alec and Kim, Jong Wook and Hallacy, Chris and Ramesh, Aditya and Goh, Gabriel and Agarwal, Sandhini and Sastry, Girish and Askell, Amanda and Mishkin, Pamela and Clark, Jack},
  year = {2021},
  pages = {8748--8763},
  publisher = {PMLR},
  langid = {english}
}

@inproceedings{Rombach2022Highresolutionimagesynthesis,
  title = {High-Resolution Image Synthesis with Latent Diffusion Models},
  booktitle = {Proceedings of the {{IEEE}}/{{CVF Conference}} on {{Computer Vision}} and {{Pattern Recognition}}},
  author = {Rombach, Robin and Blattmann, Andreas and Lorenz, Dominik and Esser, Patrick and Ommer, Bj{\"o}rn},
  year = {2022},
  pages = {10684--10695},
  publisher = {IEEE},
  urldate = {2024-09-25},
  langid = {english}
}

@article{Saharia2022Imagesuperresolutioniterative,
  title = {Image Super-Resolution via Iterative Refinement},
  author = {Saharia, Chitwan and Ho, Jonathan and Chan, William and Salimans, Tim and Fleet, David J. and Norouzi, Mohammad},
  year = {2022},
  journal = {IEEE Transactions on Pattern Analysis and Machine Intelligence},
  pages = {1--14},
  issn = {1939-3539},
  doi = {10/gqtndw},
  copyright = {16.389},
  langid = {english},
  lccn = {1}
}

@inproceedings{Saharia2022Paletteimagetoimagediffusion,
  title = {Palette: Image-to-Image Diffusion Models},
  shorttitle = {Palette},
  booktitle = {Special {{Interest Group}} on {{Computer Graphics}} and {{Interactive Techniques Conference Proceedings}}},
  author = {Saharia, Chitwan and Chan, William and Chang, Huiwen and Lee, Chris and Ho, Jonathan and Salimans, Tim and Fleet, David and Norouzi, Mohammad},
  year = {2022},
  month = aug,
  number = {arXiv:2111.05826},
  pages = {1--10},
  publisher = {ACM},
  address = {Vancouver BC Canada},
  doi = {10/gq9gtb},
  urldate = {2022-12-09},
  isbn = {978-1-4503-9337-9},
  langid = {english}
}

@article{Saharia2022Photorealistictexttoimagediffusion,
  title = {Photorealistic Text-to-Image Diffusion Models with Deep Language Understanding},
  author = {Saharia, Chitwan and Chan, William and Saxena, Saurabh and Li, Lala and Whang, Jay and Denton, Emily L. and Ghasemipour, Kamyar and Gontijo Lopes, Raphael and Karagol Ayan, Burcu and Salimans, Tim and Ho, Jonathan and Fleet, David J. and Norouzi, Mohammad},
  year = {2022},
  month = dec,
  journal = {Advances in Neural Information Processing Systems},
  volume = {35},
  pages = {36479--36494},
  urldate = {2024-06-21},
  langid = {english}
}

@misc{Sebaq2023RSDiffremotesensing,
  title = {{{RSDiff}}: Remote Sensing Image Generation from Text Using Diffusion Model},
  shorttitle = {{{RSDiff}}},
  author = {Sebaq, Ahmad and ElHelw, Mohamed},
  year = {2023},
  month = sep,
  number = {arXiv:2309.02455},
  eprint = {2309.02455},
  primaryclass = {cs},
  publisher = {arXiv},
  doi = {10.48550/arXiv.2309.02455},
  urldate = {2024-09-28},
  archiveprefix = {arXiv},
  langid = {english}
}

@article{Sester2018Buildinggeneralizationusing,
  title = {Building Generalization Using Deep Learning},
  author = {Sester, Monika and Feng, Yu and Thiemann, Frank},
  year = {2018},
  journal = {The Isprs-international Archives of the Photogrammetry, Remote Sensing and Spatial Information Sciences; XLII-4},
  volume = {42},
  pages = {565--572},
  publisher = {G{\"o}ttingen: Copernicus GmbH},
  urldate = {2025-03-26},
  langid = {english}
}

@inproceedings{Shen2022Highqualitysegmentation,
  title = {High Quality Segmentation for Ultra High-Resolution Images},
  booktitle = {Proceedings of the {{IEEE}}/{{CVF Conference}} on {{Computer Vision}} and {{Pattern Recognition}}},
  author = {Shen, Tiancheng and Zhang, Yuechen and Qi, Lu and Kuen, Jason and Xie, Xingyu and Wu, Jianlong and Lin, Zhe and Jia, Jiaya},
  year = {2022},
  pages = {1310--1319},
  urldate = {2024-03-07},
  langid = {english}
}

@misc{Shi2023DragDiffusionharnessingdiffusion,
  title = {{{DragDiffusion}}: Harnessing Diffusion Models for Interactive Point-Based Image Editing},
  shorttitle = {{{DragDiffusion}}},
  author = {Shi, Yujun and Xue, Chuhui and Liew, Jun Hao and Pan, Jiachun and Yan, Hanshu and Zhang, Wenqing and Tan, Vincent Y. F. and Bai, Song},
  year = {2023},
  month = jun,
  urldate = {2024-09-26},
  langid = {english}
}

@article{Skidmore1997Useremotesensing,
  title = {Use of Remote Sensing and {{GIS}} for Sustainable Land Management},
  author = {Skidmore, Andrew K and Bijker, Wietske and Schmidt, Karin and Kumar, Lalit},
  year = {1997},
  journal = {ITC-Journal},
  langid = {english}
}

@inproceedings{Sohl-Dickstein2015Deepunsupervisedlearning,
  title = {Deep Unsupervised Learning Using Nonequilibrium Thermodynamics},
  booktitle = {Proceedings of the 32nd {{International Conference}} on {{Machine Learning}}},
  author = {{Sohl-Dickstein}, Jascha and Weiss, Eric and Maheswaranathan, Niru and Ganguli, Surya},
  year = {2015},
  month = jun,
  pages = {2256--2265},
  publisher = {PMLR},
  issn = {1938-7228},
  urldate = {2024-09-25},
  langid = {english}
}

@misc{Song2022Denoisingdiffusionimplicit,
  title = {Denoising Diffusion Implicit Models},
  author = {Song, Jiaming and Meng, Chenlin and Ermon, Stefano},
  year = {2022},
  month = oct,
  number = {arXiv:2010.02502},
  eprint = {2010.02502},
  publisher = {arXiv},
  doi = {10.48550/arXiv.2010.02502},
  urldate = {2023-02-28},
  archiveprefix = {arXiv},
  langid = {english}
}

@incollection{Srinivasan2022Generatingbasemap,
  title = {Generating the Base Map of Regions Using an Efficient Object Segmentation Technique in Satellite Images},
  booktitle = {Soft {{Computing}} and {{Its Engineering Applications}}},
  author = {Srinivasan, Kavitha and Gurijala, Sudhamsu and Sai Chitti Subrahmanyam, V. and Swetha, B.},
  editor = {Patel, Kanubhai K. and Doctor, Gayatri and Patel, Atul and Lingras, Pawan},
  year = {2022},
  volume = {1572},
  pages = {341--355},
  publisher = {Springer International Publishing},
  address = {Cham},
  urldate = {2023-03-03},
  isbn = {978-3-031-05766-3 978-3-031-05767-0},
  langid = {english}
}

@misc{Tang2024CRSdiffcontrollableremote,
  title = {{{CRS-diff}}: Controllable Remote Sensing Image Generation with Diffusion Model},
  shorttitle = {{{CRS-diff}}},
  author = {Tang, Datao and Cao, Xiangyong and Hou, Xingsong and Jiang, Zhongyuan and Liu, Junmin and Meng, Deyu},
  year = {2024},
  month = mar,
  urldate = {2024-09-28},
  langid = {english}
}

@article{Tasar2020ColorMapGANunsuperviseddomain,
  title = {{{ColorMapGAN}}: Unsupervised Domain Adaptation for Semantic Segmentation Using Color Mapping Generative Adversarial Networks},
  shorttitle = {{{ColorMapGAN}}},
  author = {Tasar, Onur and Happy, S. L. and Tarabalka, Yuliya and Alliez, Pierre},
  year = {2020},
  month = oct,
  journal = {IEEE Transactions on Geoscience and Remote Sensing},
  volume = {58},
  number = {10},
  pages = {7178--7193},
  issn = {1558-0644},
  doi = {10.1109/TGRS.2020.2980417},
  copyright = {5.6},
  langid = {english},
  lccn = {5.6}
}

@misc{Toker2024SatSynthaugmentingimagemask,
  title = {{{SatSynth}}: Augmenting Image-Mask Pairs through Diffusion Models for Aerial Semantic Segmentation},
  shorttitle = {{{SatSynth}}},
  author = {Toker, Aysim and Eisenberger, Marvin and Cremers, Daniel and {Leal-Taix{\'e}}, Laura},
  year = {2024},
  month = mar,
  number = {arXiv:2403.16605},
  eprint = {2403.16605},
  primaryclass = {cs},
  publisher = {arXiv},
  doi = {10.48550/arXiv.2403.16605},
  urldate = {2024-05-13},
  archiveprefix = {arXiv},
  langid = {english}
}

@inproceedings{Vaswani2017Attentionallyou,
  title = {Attention Is All You Need},
  booktitle = {Advances in {{Neural Information Processing Systems}}},
  author = {Vaswani, Ashish and Shazeer, Noam and Parmar, Niki and Uszkoreit, Jakob and Jones, Llion and Gomez, Aidan N and ukasz Kaiser, {\L} and Polosukhin, Illia},
  year = {2017},
  volume = {30},
  publisher = {Curran Associates, Inc.},
  urldate = {2025-03-26},
  langid = {english}
}

@article{Wang2004Imagequalityassessment,
  title = {Image Quality Assessment: From Error Visibility to Structural Similarity},
  shorttitle = {Image Quality Assessment},
  author = {Wang, Zhou and Bovik, A.C. and Sheikh, H.R. and Simoncelli, E.P.},
  year = {2004},
  month = apr,
  journal = {IEEE Transactions on Image Processing},
  volume = {13},
  number = {4},
  pages = {600--612},
  issn = {1941-0042},
  doi = {10.1109/TIP.2003.819861},
  urldate = {2024-09-29},
  copyright = {https://ieeexplore.ieee.org/Xplorehelp/downloads/license-information/IEEE.html},
  langid = {english}
}

@inproceedings{Wang2018Highresolutionimagesynthesis,
  title = {High-Resolution Image Synthesis and Semantic Manipulation with Conditional {{GANs}}},
  booktitle = {Proc. {{IEEE}}/{{CVF Conf}}. {{Comput}}. {{Vis}}. {{Pattern Recognit}}.},
  author = {Wang, Ting-Chun and Liu, Ming-Yu and Zhu, Jun-Yan and Tao, Andrew and Kautz, Jan and Catanzaro, Bryan},
  year = {2018},
  month = jun,
  eprint = {1711.11585},
  primaryclass = {cs},
  pages = {8798--8807},
  urldate = {2024-10-17},
  archiveprefix = {arXiv},
  langid = {english}
}

@misc{Wang2022Pretrainingallyou,
  title = {Pretraining Is All You Need for Image-to-Image Translation},
  author = {Wang, Tengfei and Zhang, Ting and Zhang, Bo and Ouyang, Hao and Chen, Dong and Chen, Qifeng and Wen, Fang},
  year = {2022},
  month = may,
  number = {arXiv:2205.12952},
  eprint = {2205.12952},
  primaryclass = {cs},
  publisher = {arXiv},
  doi = {10.48550/arXiv.2205.12952},
  urldate = {2023-09-19},
  archiveprefix = {arXiv},
  langid = {english}
}

@misc{Wang2022Semanticimagesynthesis,
  title = {Semantic Image Synthesis via Diffusion Models},
  author = {Wang, Weilun and Bao, Jianmin and Zhou, Wengang and Chen, Dongdong and Chen, Dong and Yuan, Lu and Li, Houqiang},
  year = {2022},
  month = nov,
  number = {arXiv:2207.00050},
  eprint = {2207.00050},
  primaryclass = {cs},
  publisher = {arXiv},
  doi = {10.48550/arXiv.2207.00050},
  urldate = {2023-12-14},
  archiveprefix = {arXiv},
  langid = {english}
}

@article{Wang2023DSViTdynamicallyscalable,
  title = {{{DSViT}}: Dynamically Scalable Vision Transformer for Remote Sensing Image Segmentation and Classification},
  shorttitle = {{{DSViT}}},
  author = {Wang, Falin and Ji, Jian and Wang, Yuan},
  year = {2023},
  journal = {IEEE Journal of Selected Topics in Applied Earth Observations and Remote Sensing},
  volume = {16},
  pages = {5441--5452},
  issn = {2151-1535},
  doi = {10.1109/JSTARS.2023.3285259},
  urldate = {2024-06-30},
  langid = {english}
}

@inproceedings{Wang2023UPerNetConvNeXtsemantic,
  title = {{{UPerNet}} with {{ConvNeXt}} for Semantic Segmentation},
  booktitle = {2023 {{IEEE}} 3rd {{International Conference}} on {{Electronic Technology}}, {{Communication}} and {{Information}} ({{ICETCI}})},
  author = {Wang, Runze and Jiang, Haoyu and Li, Yufei},
  year = {2023},
  month = may,
  pages = {764--769},
  doi = {10.1109/ICETCI57876.2023.10177013},
  langid = {english}
}

@article{Wang2024Exploitingdiffusionprior,
  title = {Exploiting Diffusion Prior for Real-World Image Super-Resolution},
  author = {Wang, Jianyi and Yue, Zongsheng and Zhou, Shangchen and Chan, Kelvin C. K. and Loy, Chen Change},
  year = {2024},
  month = jul,
  journal = {International Journal of Computer Vision},
  issn = {1573-1405},
  doi = {10.1007/s11263-024-02168-7},
  urldate = {2024-09-28},
  langid = {english}
}

@misc{Wang2024Semanticguidedlarge,
  title = {Semantic Guided Large Scale Factor Remote Sensing Image Super-Resolution with Generative Diffusion Prior},
  author = {Wang, Ce and Sun, Wanjie},
  year = {2024},
  month = may,
  number = {arXiv:2405.07044},
  eprint = {2405.07044},
  primaryclass = {cs},
  publisher = {arXiv},
  doi = {10.48550/arXiv.2405.07044},
  urldate = {2024-06-30},
  archiveprefix = {arXiv},
  langid = {english}
}

@misc{Wu2024TaiyidiffusionXLadvancingbilingual,
  title = {Taiyi-Diffusion-{{XL}}: Advancing Bilingual Text-to-Image Generation with Large Vision-Language Model Support},
  shorttitle = {Taiyi-Diffusion-{{XL}}},
  author = {Wu, Xiaojun and Zhang, Dixiang and Gan, Ruyi and Lu, Junyu and Wu, Ziwei and Sun, Renliang and Zhang, Jiaxing and Zhang, Pingjian and Song, Yan},
  year = {2024},
  month = jun,
  number = {arXiv:2401.14688},
  eprint = {2401.14688},
  primaryclass = {cs},
  publisher = {arXiv},
  doi = {10.48550/arXiv.2401.14688},
  urldate = {2024-06-25},
  archiveprefix = {arXiv},
  langid = {english}
}

@misc{X2023Diffusionmodelsimagetoimage,
  title = {Diffusion Models for Image-to-Image and Segmentation},
  author = {X, Michael},
  year = {2023},
  month = feb,
  journal = {Medium},
  urldate = {2023-09-20},
  langid = {english}
}

@article{Xi2021Wideslidingwindow,
  title = {Wide Sliding Window and Subsampling Network for Hyperspectral Image Classification},
  author = {Xi, Jiangbo and Ersoy, Okan K. and Fang, Jianwu and Cong, Ming and Wu, Tianjun and Zhao, Chaoying and Li, Zhenhong},
  year = {2021},
  month = mar,
  journal = {Remote Sensing},
  volume = {13},
  number = {7},
  pages = {1290},
  issn = {2072-4292},
  doi = {10.3390/rs13071290},
  urldate = {2021-10-18},
  copyright = {4.848},
  langid = {english}
}

@inproceedings{Xia2024ViTCoMervisiontransformer,
  title = {{{ViT-CoMer}}: Vision Transformer with Convolutional Multi-Scale Feature Interaction for Dense Predictions},
  shorttitle = {{{ViT-CoMer}}},
  booktitle = {Proceedings of the {{IEEE}}/{{CVF Conference}} on {{Computer Vision}} and {{Pattern Recognition}}},
  author = {Xia, Chunlong and Wang, Xinliang and Lv, Feng and Hao, Xin and Shi, Yifeng},
  year = {2024},
  pages = {5493--5502},
  urldate = {2024-06-30},
  langid = {english}
}

@article{Xiao2024EDiffSRefficientdiffusion,
  title = {{{EDiffSR}}: An Efficient Diffusion Probabilistic Model for Remote Sensing Image Super-Resolution},
  shorttitle = {{{EDiffSR}}},
  author = {Xiao, Yi and Yuan, Qiangqiang and Jiang, Kui and He, Jiang and Jin, Xianyu and Zhang, Liangpei},
  year = {2024},
  journal = {IEEE Transactions on Geoscience and Remote Sensing},
  volume = {62},
  pages = {1--14},
  issn = {1558-0644},
  doi = {10.1109/TGRS.2023.3341437},
  urldate = {2024-06-30},
  langid = {english}
}

@inproceedings{Yang2019SCRDetmorerobust,
  title = {{{SCRDet}}: Towards More Robust Detection for Small, Cluttered and Rotated Objects},
  shorttitle = {{{SCRDet}}},
  booktitle = {Proceedings of the {{IEEE}}/{{CVF International Conference}} on {{Computer Vision}}},
  author = {Yang, Xue and Yang, Jirui and Yan, Junchi and Zhang, Yue and Zhang, Tengfei and Guo, Zhi and Sun, Xian and Fu, Kun},
  year = {2019},
  pages = {8232--8241},
  urldate = {2024-09-25},
  langid = {english}
}

@misc{Yang2024Pixelawarestablediffusion,
  title = {Pixel-Aware Stable Diffusion for Realistic Image Super-Resolution and Personalized Stylization},
  author = {Yang, Tao and Wu, Rongyuan and Ren, Peiran and Xie, Xuansong and Zhang, Lei},
  year = {2024},
  month = jul,
  number = {arXiv:2308.14469},
  eprint = {2308.14469},
  primaryclass = {cs},
  publisher = {arXiv},
  doi = {10.48550/arXiv.2308.14469},
  urldate = {2024-09-28},
  archiveprefix = {arXiv},
  langid = {english}
}

@article{Yao2023Extendedvisiontransformer,
  title = {Extended Vision Transformer ({{ExViT}}) for Land Use and Land Cover Classification: A Multimodal Deep Learning Framework},
  shorttitle = {Extended Vision Transformer ({{ExViT}}) for Land Use and Land Cover Classification},
  author = {Yao, Jing and Zhang, Bing and Li, Chenyu and Hong, Danfeng and Chanussot, Jocelyn},
  year = {2023},
  journal = {IEEE Transactions on Geoscience and Remote Sensing},
  volume = {61},
  pages = {1--15},
  issn = {1558-0644},
  doi = {10.1109/TGRS.2023.3284671},
  urldate = {2024-06-30},
  langid = {english}
}

@article{Yin2020Airportdetectionbased,
  title = {Airport Detection Based on Improved Faster {{RCNN}} in Large Scale Remote Sensing Images},
  author = {Yin, Shoulin and Li, Hang and Teng, Lin},
  year = {2020},
  month = dec,
  journal = {Sensing and Imaging},
  volume = {21},
  number = {1},
  pages = {49},
  issn = {1557-2064, 1557-2072},
  doi = {10.1007/s11220-020-00314-2},
  urldate = {2021-10-18},
  langid = {english}
}

@article{Yuan2023Efficientcontrollableremote,
  title = {Efficient and Controllable Remote Sensing Fake Sample Generation Based on Diffusion Model},
  author = {Yuan, Zhiqiang and Hao, Chongyang and Zhou, Ruixue and Chen, Jialiang and Yu, Miao and Zhang, Wenkai and Wang, Hongqi and Sun, Xian},
  year = {2023},
  journal = {IEEE Transactions on Geoscience and Remote Sensing},
  volume = {61},
  pages = {1--12},
  issn = {0196-2892, 1558-0644},
  doi = {10.1109/TGRS.2023.3268331},
  urldate = {2024-06-24},
  copyright = {https://ieeexplore.ieee.org/Xplorehelp/downloads/license-information/IEEE.html},
  langid = {english}
}

@article{Zhang2020enhancedGANmodel,
  title = {An Enhanced {{GAN}} Model for Automatic Satellite-to-Map Image Conversion},
  author = {Zhang, Ying and Yin, Yifang and Zimmermann, Roger and Wang, Guanfeng and Varadarajan, Jagannadan and Ng, See-Kiong},
  year = {2020},
  journal = {IEEE Access},
  volume = {8},
  pages = {176704--176716},
  issn = {2169-3536},
  doi = {10.1109/ACCESS.2020.3025008},
  urldate = {2023-03-03},
  langid = {english},
  lccn = {3}
}

@inproceedings{Zhang2023Addingconditionalcontrol,
  title = {Adding Conditional Control to Text-to-Image Diffusion Models},
  booktitle = {2023 {{IEEE}}/{{CVF International Conference}} on {{Computer Vision}} ({{ICCV}})},
  author = {Zhang, Lvmin and Rao, Anyi and Agrawala, Maneesh},
  year = {2023},
  month = oct,
  pages = {3813--3824},
  publisher = {IEEE},
  address = {Paris, France},
  doi = {10.1109/ICCV51070.2023.00355},
  urldate = {2024-02-26},
  isbn = {979-8-3503-0718-4},
  langid = {english}
}

@article{Zhang2024EarthGPTuniversalmultimodal,
  title = {{{EarthGPT}}: A Universal Multimodal Large Language Model for Multisensor Image Comprehension in Remote Sensing Domain},
  shorttitle = {{{EarthGPT}}},
  author = {Zhang, Wei and Cai, Miaoxin and Zhang, Tong and Zhuang, Yin and Mao, Xuerui},
  year = {2024},
  journal = {IEEE Transactions on Geoscience and Remote Sensing},
  volume = {62},
  pages = {1--20},
  issn = {1558-0644},
  doi = {10.1109/TGRS.2024.3409624},
  urldate = {2024-09-20},
  langid = {english}
}

@misc{Zhang2024RSAMsegSAMbasedapproach,
  title = {{{RSAM-seg}}: A {{SAM-based}} Approach with Prior Knowledge Integration for Remote Sensing Image Semantic Segmentation},
  shorttitle = {{{RSAM-seg}}},
  author = {Zhang, Jie and Yang, Xubing and Jiang, Rui and Shao, Wei and Zhang, Li},
  year = {2024},
  month = feb,
  urldate = {2024-03-29},
  langid = {english}
}

@inproceedings{Zhao2023CDDFusecorrelationdrivendualbranch,
  title = {{{CDDFuse}}: Correlation-Driven Dual-Branch Feature Decomposition for Multi-Modality Image Fusion},
  shorttitle = {{{CDDFuse}}},
  booktitle = {Proceedings of the {{IEEE}}/{{CVF Conference}} on {{Computer Vision}} and {{Pattern Recognition}}},
  author = {Zhao, Zixiang and Bai, Haowen and Zhang, Jiangshe and Zhang, Yulun and Xu, Shuang and Lin, Zudi and Timofte, Radu and Van Gool, Luc},
  year = {2023},
  pages = {5906--5916},
  urldate = {2024-03-29},
  langid = {english}
}

@inproceedings{Zhao2023Labelfreedomstable,
  title = {Label Freedom: Stable Diffusion for Remote Sensing Image Semantic Segmentation Data Generation},
  shorttitle = {Label Freedom},
  booktitle = {2023 {{IEEE International Conference}} on {{Big Data}} (Bigdata)},
  author = {Zhao, Chenbo and Ogawa, Yoshiki and Chen, Shenglong and Yang, Zhehui and Sekimoto, Yoshihide},
  year = {2023},
  month = dec,
  pages = {1022--1030},
  doi = {10.1109/BigData59044.2023.10386381},
  urldate = {2024-09-28},
  langid = {english}
}

@misc{Zhao2024RSmambalargeremote,
  title = {{{RS-mamba}} for Large Remote Sensing Image Dense Prediction},
  author = {Zhao, Sijie and Chen, Hao and Zhang, Xueliang and Xiao, Pengfeng and Bai, Lei and Ouyang, Wanli},
  year = {2024},
  month = mar,
  langid = {english}
}

@inproceedings{Zhong2021scalableblockchainbasedhighdefinition,
  title = {A Scalable Blockchain-Based High-Definition Map Update Management System},
  booktitle = {2021 {{IEEE International Smart Cities Conference}} ({{ISC2}})},
  author = {Zhong, Lei and Onishi, Ryokichi and Wang, Ling and Ruan, Leifeng and Tan, Soo Jin},
  year = {2021},
  month = sep,
  pages = {1--4},
  issn = {2687-8860},
  doi = {10.1109/ISC253183.2021.9562840},
  urldate = {2024-09-25},
  langid = {english}
}

@inproceedings{Zhu2017Unpairedimagetoimagetranslation,
  title = {Unpaired Image-to-Image Translation Using Cycle-Consistent Adversarial Networks},
  booktitle = {2017 {{IEEE International Conference}} on {{Computer Vision}} ({{ICCV}})},
  author = {Zhu, Jun-Yan and Park, Taesung and Isola, Phillip and Efros, Alexei A.},
  year = {2017},
  month = oct,
  pages = {2242--2251},
  publisher = {IEEE},
  address = {Venice},
  doi = {10.1109/ICCV.2017.244},
  urldate = {2025-01-07},
  isbn = {978-1-5386-1032-9},
  langid = {english}
}
