% Use this file for citations not found in the ACL Anthology (contained in "anthology.bib").

@inproceedings{cheon2017homomorphic,
  title={Homomorphic encryption for arithmetic of approximate numbers},
  author={Cheon, Jung Hee and Kim, Andrey and Kim, Miran and Song, Yongsoo},
  booktitle={Advances in Cryptology--ASIACRYPT 2017: 23rd International Conference on the Theory and Applications of Cryptology and Information Security, Hong Kong, China, December 3-7, 2017, Proceedings, Part I 23},
  pages={409--437},
  year={2017},
  organization={Springer}
}


@inproceedings{gilad2016cryptonets,
  title={Cryptonets: Applying neural networks to encrypted data with high throughput and accuracy},
  author={Gilad-Bachrach, Ran and Dowlin, Nathan and Laine, Kim and Lauter, Kristin and Naehrig, Michael and Wernsing, John},
  booktitle={International conference on machine learning},
  pages={201--210},
  year={2016},
  organization={PMLR}
}

@inproceedings{chen2018tvm,
  title={$\{$TVM$\}$: An automated $\{$End-to-End$\}$ optimizing compiler for deep learning},
  author={Chen, Tianqi and Moreau, Thierry and Jiang, Ziheng and Zheng, Lianmin and Yan, Eddie and Shen, Haichen and Cowan, Meghan and Wang, Leyuan and Hu, Yuwei and Ceze, Luis and others},
  booktitle={13th USENIX Symposium on Operating Systems Design and Implementation (OSDI 18)},
  pages={578--594},
  year={2018}
}

@article{ragan2013halide,
  title={Halide: a language and compiler for optimizing parallelism, locality, and recomputation in image processing pipelines},
  author={Ragan-Kelley, Jonathan and Barnes, Connelly and Adams, Andrew and Paris, Sylvain and Durand, Fr{\'e}do and Amarasinghe, Saman},
  journal={Acm Sigplan Notices},
  volume={48},
  number={6},
  pages={519--530},
  year={2013},
  publisher={ACM New York, NY, USA}
}

@inproceedings{Ng2023SoK,
  author={Ng, Lucien K. L. and Chow, Sherman S. M.},
  booktitle={2023 IEEE Symposium on Security and Privacy (SP)}, 
  title={SoK: Cryptographic Neural-Network Computation}, 
  year={2023},
  volume={},
  number={},
  pages={497-514},
  keywords={Wide area networks;Training;Privacy;Differential privacy;Program processors;Machine learning;Cryptography},
  doi={10.1109/SP46215.2023.10179483}}


@inproceedings{Huang2024GeniBatch,
author = {Huang, Xinyang and Zhang, Junxue and Cheng, Xiaodian and Zhang, Hong and Jin, Yilun and Hu, Shuihai and Tian, Han and Chen, Kai},
title = {Accelerating Privacy-Preserving Machine Learning With GeniBatch},
year = {2024},
isbn = {9798400704376},
publisher = {Association for Computing Machinery},
address = {New York, NY, USA},
url = {https://doi.org/10.1145/3627703.3629563},
doi = {10.1145/3627703.3629563},
booktitle = {Proceedings of the Nineteenth European Conference on Computer Systems},
pages = {489–504},
numpages = {16},
location = {Athens, Greece},
series = {EuroSys '24}
}

@inproceedings{Frimpong2024GuardML,
author = {Frimpong, Eugene and Nguyen, Khoa and Budzys, Mindaugas and Khan, Tanveer and Michalas, Antonis},
title = {GuardML: Efficient Privacy-Preserving Machine Learning Services Through Hybrid Homomorphic Encryption},
year = {2024},
isbn = {9798400702433},
publisher = {Association for Computing Machinery},
address = {New York, NY, USA},
url = {https://doi.org/10.1145/3605098.3635983},
doi = {10.1145/3605098.3635983},
booktitle = {Proceedings of the 39th ACM/SIGAPP Symposium on Applied Computing},
pages = {953–962},
numpages = {10},
location = {Avila, Spain},
series = {SAC '24}
}

@inproceedings{Pang2024BOLT,
  author={Pang, Qi and Zhu, Jinhao and Möllering, Helen and Zheng, Wenting and Schneider, Thomas},
  booktitle={2024 IEEE Symposium on Security and Privacy (SP)}, 
  title={BOLT: Privacy-Preserving, Accurate and Efficient Inference for Transformers}, 
  year={2024},
  volume={},
  number={},
  pages={4753-4771},
  doi={10.1109/SP54263.2024.00130}}

@article{Choi2024Touch,
title={Blind-Touch: Homomorphic Encryption-Based Distributed Neural Network Inference for Privacy-Preserving Fingerprint Authentication}, volume={38}, url={https://ojs.aaai.org/index.php/AAAI/article/view/30200}, 
DOI={10.1609/aaai.v38i20.30200},
number={20}, 
journal={Proceedings of the AAAI Conference on Artificial Intelligence}, 
author={Choi, Hyunmin and Woo, Simon S. and Kim, Hyoungshick}, 
year={2024}, 
month={Mar.}, 
pages={21976-21985} 
}

@article{rho2024encryption,
  title={Encryption-friendly LLM architecture},
  author={Rho, Donghwan and Kim, Taeseong and Park, Minje and Kim, Jung Woo and Chae, Hyunsik and Cheon, Jung Hee and Ryu, Ernest K},
  journal={arXiv preprint arXiv:2410.02486},
  year={2024}
}

@article{moon2024thor,
  title={THOR: Secure Transformer Inference with Homomorphic Encryption},
  author={Moon, Jungho and Yoo, Dongwoo and Jiang, Xiaoqian and Kim, Miran},
  journal={Cryptology ePrint Archive},
  year={2024}
}

@article{guo2025deepseek,
  title = {DeepSeek-R1: Incentivizing Reasoning Capability in LLMs via
 Reinforcement Learning},
  author={DeepSeek-AI and Daya Guo and Dejian Yang and Haowei Zhang and Junxiao Song and Ruoyu Zhang and Runxin Xu and Qihao Zhu and Shirong Ma and Peiyi Wang and Xiao Bi and Xiaokang Zhang and Xingkai Yu and Yu Wu and Z. F. Wu and Zhibin Gou and Zhihong Shao and Zhuoshu Li and Ziyi Gao and Aixin Liu and Bing Xue and Bingxuan Wang and Bochao Wu and Bei Feng and Chengda Lu and Chenggang Zhao and Chengqi Deng and Chenyu Zhang and Chong Ruan and Damai Dai and Deli Chen and Dongjie Ji and Erhang Li and Fangyun Lin and Fucong Dai and Fuli Luo and Guangbo Hao and Guanting Chen and Guowei Li and H. Zhang and Han Bao and Hanwei Xu and Haocheng Wang and Honghui Ding and Huajian Xin and Huazuo Gao and Hui Qu and Hui Li and Jianzhong Guo and Jiashi Li and Jiawei Wang and Jingchang Chen and Jingyang Yuan and Junjie Qiu and Junlong Li and J. L. Cai and Jiaqi Ni and Jian Liang and Jin Chen and Kai Dong and Kai Hu and Kaige Gao and Kang Guan and Kexin Huang and Kuai Yu and Lean Wang and Lecong Zhang and Liang Zhao and Litong Wang and Liyue Zhang and Lei Xu and Leyi Xia and Mingchuan Zhang and Minghua Zhang and Minghui Tang and Meng Li and Miaojun Wang and Mingming Li and Ning Tian and Panpan Huang and Peng Zhang and Qiancheng Wang and Qinyu Chen and Qiushi Du and Ruiqi Ge and Ruisong Zhang and Ruizhe Pan and Runji Wang and R. J. Chen and R. L. Jin and Ruyi Chen and Shanghao Lu and Shangyan Zhou and Shanhuang Chen and Shengfeng Ye and Shiyu Wang and Shuiping Yu and Shunfeng Zhou and Shuting Pan and S. S. Li and Shuang Zhou and Shaoqing Wu and Shengfeng Ye and Tao Yun and Tian Pei and Tianyu Sun and T. Wang and Wangding Zeng and Wanjia Zhao and Wen Liu and Wenfeng Liang and Wenjun Gao and Wenqin Yu and Wentao Zhang and W. L. Xiao and Wei An and Xiaodong Liu and Xiaohan Wang and Xiaokang Chen and Xiaotao Nie and Xin Cheng and Xin Liu and Xin Xie and Xingchao Liu and Xinyu Yang and Xinyuan Li and Xuecheng Su and Xuheng Lin and X. Q. Li and Xiangyue Jin and Xiaojin Shen and Xiaosha Chen and Xiaowen Sun and Xiaoxiang Wang and Xinnan Song and Xinyi Zhou and Xianzu Wang and Xinxia Shan and Y. K. Li and Y. Q. Wang and Y. X. Wei and Yang Zhang and Yanhong Xu and Yao Li and Yao Zhao and Yaofeng Sun and Yaohui Wang and Yi Yu and Yichao Zhang and Yifan Shi and Yiliang Xiong and Ying He and Yishi Piao and Yisong Wang and Yixuan Tan and Yiyang Ma and Yiyuan Liu and Yongqiang Guo and Yuan Ou and Yuduan Wang and Yue Gong and Yuheng Zou and Yujia He and Yunfan Xiong and Yuxiang Luo and Yuxiang You and Yuxuan Liu and Yuyang Zhou and Y. X. Zhu and Yanhong Xu and Yanping Huang and Yaohui Li and Yi Zheng and Yuchen Zhu and Yunxian Ma and Ying Tang and Yukun Zha and Yuting Yan and Z. Z. Ren and Zehui Ren and Zhangli Sha and Zhe Fu and Zhean Xu and Zhenda Xie and Zhengyan Zhang and Zhewen Hao and Zhicheng Ma and Zhigang Yan and Zhiyu Wu and Zihui Gu and Zijia Zhu and Zijun Liu and Zilin Li and Ziwei Xie and Ziyang Song and Zizheng Pan and Zhen Huang and Zhipeng Xu and Zhongyu Zhang and Zhen Zhang},
  journal={arXiv preprint arXiv:2501.12948},
  year={2025}
}


@article{jaech2024openai,
  title={Openai o1 system card},
  author={Aaron Jaech and Adam Kalai and Adam Lerer and Adam Richardson and Ahmed El-Kishky and Aiden Low and Alec Helyar and Aleksander Madry and Alex Beutel and Alex Carney and Alex Iftimie and Alex Karpenko and Alex Tachard Passos and Alexander Neitz and Alexander Prokofiev and Alexander Wei and Allison Tam and Ally Bennett and Ananya Kumar and Andre Saraiva and Andrea Vallone and Andrew Duberstein and Andrew Kondrich and Andrey Mishchenko and Andy Applebaum and Angela Jiang and Ashvin Nair and Barret Zoph and Behrooz Ghorbani and Ben Rossen and Benjamin Sokolowsky and Boaz Barak and Bob McGrew and Borys Minaiev and Botao Hao and Bowen Baker and Brandon Houghton and Brandon McKinzie and Brydon Eastman and Camillo Lugaresi and Cary Bassin and Cary Hudson and Chak Ming Li and Charles de Bourcy and Chelsea Voss and Chen Shen and Chong Zhang and Chris Koch and Chris Orsinger and Christopher Hesse and Claudia Fischer and Clive Chan and Dan Roberts and Daniel Kappler and Daniel Levy and Daniel Selsam and David Dohan and David Farhi and David Mely and David Robinson and Dimitris Tsipras and Doug Li and Dragos Oprica and Eben Freeman and Eddie Zhang and Edmund Wong and Elizabeth Proehl and Enoch Cheung and Eric Mitchell and Eric Wallace and Erik Ritter and Evan Mays and Fan Wang and Felipe Petroski Such and Filippo Raso and Florencia Leoni and Foivos Tsimpourlas and Francis Song and Fred von Lohmann and Freddie Sulit and Geoff Salmon and Giambattista Parascandolo and Gildas Chabot and Grace Zhao and Greg Brockman and Guillaume Leclerc and Hadi Salman and Haiming Bao and Hao Sheng and Hart Andrin and Hessam Bagherinezhad and Hongyu Ren and Hunter Lightman and Hyung Won Chung and Ian Kivlichan and Ian O'Connell and Ian Osband and Ignasi Clavera Gilaberte and Ilge Akkaya and Ilya Kostrikov and Ilya Sutskever and Irina Kofman and Jakub Pachocki and James Lennon and Jason Wei and Jean Harb and Jerry Twore and Jiacheng Feng and Jiahui Yu and Jiayi Weng and Jie Tang and Jieqi Yu and Joaquin Quiñonero Candela and Joe Palermo and Joel Parish and Johannes Heidecke and John Hallman and John Rizzo and Jonathan Gordon and Jonathan Uesato and Jonathan Ward and Joost Huizinga and Julie Wang and Kai Chen and Kai Xiao and Karan Singhal and Karina Nguyen and Karl Cobbe and Katy Shi and Kayla Wood and Kendra Rimbach and Keren Gu-Lemberg and Kevin Liu and Kevin Lu and Kevin Stone and Kevin Yu and Lama Ahmad and Lauren Yang and Leo Liu and Leon Maksin and Leyton Ho and Liam Fedus and Lilian Weng and Linden Li and Lindsay McCallum and Lindsey Held and Lorenz Kuhn and Lukas Kondraciuk and Lukasz Kaiser and Luke Metz and Madelaine Boyd and Maja Trebacz and Manas Joglekar and Mark Chen and Marko Tintor and Mason Meyer and Matt Jones and Matt Kaufer and Max Schwarzer and Meghan Shah and Mehmet Yatbaz and Melody Y. Guan and Mengyuan Xu and Mengyuan Yan and Mia Glaese and Mianna Chen and Michael Lampe and Michael Malek and Michele Wang and Michelle Fradin and Mike McClay and Mikhail Pavlov and Miles Wang and Mingxuan Wang and Mira Murati and Mo Bavarian and Mostafa Rohaninejad and Nat McAleese and Neil Chowdhury and Neil Chowdhury and Nick Ryder and Nikolas Tezak and Noam Brown and Ofir Nachum and Oleg Boiko and Oleg Murk and Olivia Watkins and Patrick Chao and Paul Ashbourne and Pavel Izmailov and Peter Zhokhov and Rachel Dias and Rahul Arora and Randall Lin and Rapha Gontijo Lopes and Raz Gaon and Reah Miyara and Reimar Leike and Renny Hwang and Rhythm Garg and Robin Brown and Roshan James and Rui Shu and Ryan Cheu and Ryan Greene and Saachi Jain and Sam Altman and Sam Toizer and Sam Toyer and Samuel Miserendino and Sandhini Agarwal and Santiago Hernandez and Sasha Baker and Scott McKinney and Scottie Yan and Shengjia Zhao and Shengli Hu and Shibani Santurkar and Shraman Ray Chaudhuri and Shuyuan Zhang and Siyuan Fu and Spencer Papay and Steph Lin and Suchir Balaji and Suvansh Sanjeev and Szymon Sidor and Tal Broda and Aidan Clark and Tao Wang and Taylor Gordon and Ted Sanders and Tejal Patwardhan and Thibault Sottiaux and Thomas Degry and Thomas Dimson and Tianhao Zheng and Timur Garipov and Tom Stasi and Trapit Bansal and Trevor Creech and Troy Peterson and Tyna Eloundou and Valerie Qi and Vineet Kosaraju and Vinnie Monaco and Vitchyr Pong and Vlad Fomenko and Weiyi Zheng and Wenda Zhou and Wes McCabe and Wojciech Zaremba and Yann Dubois and Yinghai Lu and Yining Chen and Young Cha and Yu Bai and Yuchen He and Yuchen Zhang and Yunyun Wang and Zheng Shao and Zhuohan Li},
  journal={arXiv preprint arXiv:2412.16720},
  year={2024}
}


@inproceedings{Yuan2024MDML,
author = {Boshi Yuan and Shixuan Yang and Yongxiang Zhang and Ning Ding and Dawu Gu and Shi-Feng Sun},
title = {{MD-ML}: Super Fast {Privacy-Preserving} Machine Learning for Malicious Security with a Dishonest Majority},
booktitle = {33rd USENIX Security Symposium (USENIX Security 24)},
year = {2024},
isbn = {978-1-939133-44-1},
address = {Philadelphia, PA},
pages = {2227--2244},
url = {https://www.usenix.org/conference/usenixsecurity24/presentation/yuan},
publisher = {USENIX Association},
month = aug
}

@article{Das2025survey,
author = {Das, Badhan Chandra and Amini, M. Hadi and Wu, Yanzhao},
title = {Security and Privacy Challenges of Large Language Models: A Survey},
year = {2025},
publisher = {Association for Computing Machinery},
address = {New York, NY, USA},
issn = {0360-0300},
url = {https://doi.org/10.1145/3712001},
doi = {10.1145/3712001},
note = {Just Accepted},
journal = {ACM Comput. Surv.},
month = jan
}

@article{zhao2024privacy,
  title={Privacy-Preserving Large Language Models: Mechanisms, Applications, and Future Directions},
  author={Zhao, Guoshenghui and Song, Eric},
  journal={arXiv preprint arXiv:2412.06113},
  year={2024}
}

@article{shen2024BFV,
  author={Shen, Shiyu and Yang, Hao and Dai, Wangchen and Zhou, Lu and Liu, Zhe and Zhao, Yunlei},
  journal={IEEE Transactions on Computers}, 
  title={Leveraging GPU in Homomorphic Encryption: Framework Design and Analysis of BFV Variants}, 
  year={2024},
  volume={73},
  number={12},
  pages={2817-2829},
  doi={10.1109/TC.2024.3457733}}

@article{Yang2024Phantom,
  author={Yang, Hao and Shen, Shiyu and Dai, Wangchen and Zhou, Lu and Liu, Zhe and Zhao, Yunlei},
  journal={IEEE Transactions on Dependable and Secure Computing}, 
  title={Phantom: A CUDA-Accelerated Word-Wise Homomorphic Encryption Library}, 
  year={2024},
  volume={21},
  number={5},
  pages={4895-4906},
  keywords={Graphics processing units;Homomorphic encryption;Finite element analysis;Phantoms;Libraries;Benchmark testing;Arithmetic;BFV;BGV;CKKS;GPU acceleration;homomorphic encryption},
  doi={10.1109/TDSC.2024.3363900}}

@article{zhang2024sok,
  title={Sok: Fully homomorphic encryption accelerators},
  author={Zhang, Junxue and Cheng, Xiaodian and Yang, Liu and Hu, Jinbin and Liu, Ximeng and Chen, Kai},
  journal={ACM Computing Surveys},
  volume={56},
  number={12},
  pages={1--32},
  year={2024},
  publisher={ACM New York, NY}
}

@inproceedings{Tan2021CryptGPU,
  author={Tan, Sijun and Knott, Brian and Tian, Yuan and Wu, David J.},
  booktitle={2021 IEEE Symposium on Security and Privacy (SP)}, 
  title={CryptGPU: Fast Privacy-Preserving Machine Learning on the GPU}, 
  year={2021},
  volume={},
  number={},
  pages={1021-1038},
  keywords={Deep learning;Training;Privacy;Systematics;Graphics processing units;Linear algebra;Cryptography;privacy;machine-learning;GPU;multi-party-computation},
  doi={10.1109/SP40001.2021.00098}}

@inproceedings{yan2024codescope,
    title = "{C}ode{S}cope: An Execution-based Multilingual Multitask Multidimensional Benchmark for Evaluating {LLM}s on Code Understanding and Generation",
    author = "Yan, Weixiang  and
      Liu, Haitian  and
      Wang, Yunkun  and
      Li, Yunzhe  and
      Chen, Qian  and
      Wang, Wen  and
      Lin, Tingyu  and
      Zhao, Weishan  and
      Zhu, Li  and
      Sundaram, Hari  and
      Deng, Shuiguang",
    editor = "Ku, Lun-Wei  and
      Martins, Andre  and
      Srikumar, Vivek",
    booktitle = "Proceedings of the 62nd Annual Meeting of the Association for Computational Linguistics (Volume 1: Long Papers)",
    month = aug,
    year = "2024",
    address = "Bangkok, Thailand",
    publisher = "Association for Computational Linguistics",
    url = "https://aclanthology.org/2024.acl-long.301/",
    doi = "10.18653/v1/2024.acl-long.301",
    pages = "5511--5558"
}


@inproceedings{Paszke2019pytorch,
 author = {Paszke, Adam and Gross, Sam and Massa, Francisco and Lerer, Adam and Bradbury, James and Chanan, Gregory and Killeen, Trevor and Lin, Zeming and Gimelshein, Natalia and Antiga, Luca and Desmaison, Alban and Kopf, Andreas and Yang, Edward and DeVito, Zachary and Raison, Martin and Tejani, Alykhan and Chilamkurthy, Sasank and Steiner, Benoit and Fang, Lu and Bai, Junjie and Chintala, Soumith},
 booktitle = {Advances in Neural Information Processing Systems},
 editor = {H. Wallach and H. Larochelle and A. Beygelzimer and F. d\textquotesingle Alch\'{e}-Buc and E. Fox and R. Garnett},
 pages = {},
 publisher = {Curran Associates, Inc.},
 title = {PyTorch: An Imperative Style, High-Performance Deep Learning Library},
 url = {https://proceedings.neurips.cc/paper_files/paper/2019/file/bdbca288fee7f92f2bfa9f7012727740-Paper.pdf},
 volume = {32},
 year = {2019}
}

@article{Agarwal1975NTT,
  author={Agarwal, R.C. and Burrus, C.S.},
  journal={Proceedings of the IEEE}, 
  title={Number theoretic transforms to implement fast digital convolution}, 
  year={1975},
  volume={63},
  number={4},
  pages={550-560},
  keywords={Convolution;Discrete Fourier transforms;Discrete transforms;Fourier transforms;Fast Fourier transforms;Galois fields;Digital arithmetic;Quantization;Digital filters;Polynomials},
  doi={10.1109/PROC.1975.9791}}


@inproceedings {Watson2022Piranha,
	author = {Jean-Luc Watson and Sameer Wagh and Raluca Ada Popa},
	title = {Piranha: A {GPU} Platform for Secure Computation},
	booktitle = {31st USENIX Security Symposium (USENIX Security 22)},
	year = {2022},
	isbn = {978-1-939133-31-1},
	address = {Boston, MA},
	pages = {827--844},
	url = {https://www.usenix.org/conference/usenixsecurity22/presentation/watson},
	publisher = {USENIX Association},
	month = aug
}

@inproceedings {Ng2021GForce,
	author = {Lucien K. L. Ng and Sherman S. M. Chow},
	title = {{GForce}: {GPU-Friendly} Oblivious and Rapid Neural Network Inference},
	booktitle = {30th USENIX Security Symposium (USENIX Security 21)},
	year = {2021},
	isbn = {978-1-939133-24-3},
	pages = {2147--2164},
	url = {https://www.usenix.org/conference/usenixsecurity21/presentation/ng},
	publisher = {USENIX Association},
	month = aug
}

@misc{Dai2023Force,
      author = {Tianxiang Dai and Li Duan and Yufan Jiang and Yong Li and Fei Mei and Yulian Sun},
      title = {Force: Highly Efficient Four-Party Privacy-Preserving Machine Learning on {GPU}},
      howpublished = {Cryptology {ePrint} Archive, Paper 2023/493},
      year = {2023},
      url = {https://eprint.iacr.org/2023/493}
}


@article{nishino2017cupy,
  title={Cupy: A numpy-compatible library for nvidia gpu calculations},
  author={Nishino, ROYUD and Loomis, Shohei Hido Crissman},
  journal={31st confernce on neural information processing systems},
  volume={151},
  number={7},
  year={2017}
}

@misc{Satriawan2024BeginnerGuide,
      author = {Ardianto Satriawan and Rella Mareta and Hanho Lee},
      title = {A Complete Beginner Guide to the Number Theoretic Transform ({NTT})},
      howpublished = {Cryptology {ePrint} Archive, Paper 2024/585},
      year = {2024},
      doi = {10.1109/ACCESS.2023.3294446},
      url = {https://eprint.iacr.org/2024/585}
}

@inproceedings{wu2024need,
    title = "{I} Need Help! Evaluating {LLM}`s Ability to Ask for Users' Support: A Case Study on Text-to-{SQL} Generation",
    author = "Wu, Cheng-Kuang  and
      Tam, Zhi Rui  and
      Wu, Chao-Chung  and
      Lin, Chieh-Yen  and
      Lee, Hung-yi  and
      Chen, Yun-Nung",
    editor = "Al-Onaizan, Yaser  and
      Bansal, Mohit  and
      Chen, Yun-Nung",
    booktitle = "Proceedings of the 2024 Conference on Empirical Methods in Natural Language Processing",
    month = nov,
    year = "2024",
    address = "Miami, Florida, USA",
    publisher = "Association for Computational Linguistics",
    url = "https://aclanthology.org/2024.emnlp-main.131/",
    doi = "10.18653/v1/2024.emnlp-main.131",
    pages = "2191--2199"
}


@inproceedings{Schick2023Toolformer,
 author = {Schick, Timo and Dwivedi-Yu, Jane and Dessi, Roberto and Raileanu, Roberta and Lomeli, Maria and Hambro, Eric and Zettlemoyer, Luke and Cancedda, Nicola and Scialom, Thomas},
 booktitle = {Advances in Neural Information Processing Systems},
 editor = {A. Oh and T. Naumann and A. Globerson and K. Saenko and M. Hardt and S. Levine},
 pages = {68539--68551},
 publisher = {Curran Associates, Inc.},
 title = {Toolformer: Language Models Can Teach Themselves to Use Tools},
 url = {https://proceedings.neurips.cc/paper_files/paper/2023/file/d842425e4bf79ba039352da0f658a906-Paper-Conference.pdf},
 volume = {36},
 year = {2023}
}

@inproceedings{NTTGen,
  title={NTTGen: a framework for generating low latency NTT implementations on FPGA},
  author={Yang, Yang and Kuppannagari, Sanmukh R and Kannan, Rajgopal and Prasanna, Viktor K},
  booktitle={Proceedings of the 19th ACM International Conference on Computing Frontiers},
  pages={30--39},
  year={2022}
}

@article{EfficientNTTOnGPU,
  title={Efficient number theoretic transform implementation on GPU for homomorphic encryption},
  author={{\"O}zerk, {\"O}zg{\"u}n and Elgezen, Can and Mert, Ahmet Can and {\"O}zt{\"u}rk, Erdin{\c{c}} and Sava{\c{s}}, Erkay},
  journal={The Journal of Supercomputing},
  volume={78},
  number={2},
  pages={2840--2872},
  year={2022},
  publisher={Springer}
}

@article{NumberTheoreticTransformAndItsApplications,
  title={Number theoretic transform and its applications in lattice-based cryptosystems: A survey},
  author={Liang, Zhichuang and Zhao, Yunlei},
  journal={arXiv preprint arXiv:2211.13546},
  year={2022}
}