@misc{Dai2023Force,
      author = {Tianxiang Dai and Li Duan and Yufan Jiang and Yong Li and Fei Mei and Yulian Sun},
      title = {Force: Highly Efficient Four-Party Privacy-Preserving Machine Learning on {GPU}},
      howpublished = {Cryptology {ePrint} Archive, Paper 2023/493},
      year = {2023},
      url = {https://eprint.iacr.org/2023/493}
}

