@inproceedings{ATINTER,
  title={Don't Retrain, Just Rewrite: Countering Adversarial Perturbations by Rewriting Text},
  author={Gupta, Ashim and Blum, Carter Wood and Choji, Temma and Fei, Yingjie and Shah, Shalin and Vempala, Alakananda and Srikumar, Vivek},
  booktitle={The 61st Annual Meeting Of The Association For Computational Linguistics},
  year={2023}
}

@inproceedings{GPT4,
  title={Examining gpt-4: Capabilities, implications and future directions},
  author={Chang, Edward Y},
  booktitle={The 10th International Conference on Computational Science and Computational Intelligence},
  year={2023}
}

@inproceedings{adversarial_training,
  title={Adversarial training with fast gradient projection method against synonym substitution based text attacks},
  author={Wang, Xiaosen and Yang, Yichen and Deng, Yihe and He, Kun},
  booktitle={Proceedings of the AAAI conference on artificial intelligence},
  volume={35},
  number={16},
  pages={13997--14005},
  year={2021}
}

@article{ae1,
  title={Intriguing properties of neural networks},
  author={Szegedy, C},
  journal={arXiv preprint arXiv:1312.6199},
  year={2013}
}

@inproceedings{ae_perturbation_control,
  title={Robsut wrod reocginiton via semi-character recurrent neural network},
  author={Sakaguchi, Keisuke and Duh, Kevin and Post, Matt and Van Durme, Benjamin},
  booktitle={Proceedings of the AAAI Conference on Artificial Intelligence},
  volume={31},
  number={1},
  year={2017}
}

@article{ae_perturbation_control2,
  title={Combating adversarial misspellings with robust word recognition},
  author={Pruthi, Danish and Dhingra, Bhuwan and Lipton, Zachary C},
  journal={arXiv preprint arXiv:1905.11268},
  year={2019}
}

@inproceedings{bd_trainging,
  title={Moderate-fitting as a natural backdoor defender for pre-trained language models},
  author={Zhu, Biru and Qin, Yujia and Cui, Ganqu and Chen, Yangyi and Zhao, Weilin and Fu, Chong and Deng, Yangdong and Liu, Zhiyuan and Wang, Jingang and Wu, Wei and others},
  booktitle={Proceedings of the 36th International Conference on Neural Information Processing Systems},
  pages={1086--1099},
  year={2022}
}

@article{defensive_distillation,
  title={Neural attention distillation: Erasing backdoor triggers from deep neural networks},
  author={Li, Yige and Lyu, Xixiang and Koren, Nodens and Lyu, Lingjuan and Li, Bo and Ma, Xingjun},
  journal={arXiv preprint arXiv:2101.05930},
  year={2021}
}

@inproceedings{fine-pruning,
  title={Fine-pruning: Defending against backdooring attacks on deep neural networks},
  author={Liu, Kang and Dolan-Gavitt, Brendan and Garg, Siddharth},
  booktitle={International symposium on research in attacks, intrusions, and defenses},
  pages={273--294},
  year={2018},
  organization={Springer}
}

@article{gradient_masking,
  title={Gradient masking of label smoothing in adversarial robustness},
  author={Lee, Hyungyu and Bae, Ho and Yoon, Sungroh},
  journal={IEEE Access},
  volume={9},
  pages={6453--6464},
  year={2020},
  publisher={IEEE}
}

@article{ks,
  title={Knowledge distillation: A survey},
  author={Gou, Jianping and Yu, Baosheng and Maybank, Stephen J and Tao, Dacheng},
  journal={International Journal of Computer Vision},
  volume={129},
  number={6},
  pages={1789--1819},
  year={2021},
  publisher={Springer}
}

@inproceedings{mt1,
  title={Activethief: Model extraction using active learning and unannotated public data},
  author={Pal, Soham and Gupta, Yash and Shukla, Aditya and Kanade, Aditya and Shevade, Shirish and Ganapathy, Vinod},
  booktitle={Proceedings of the AAAI Conference on Artificial Intelligence},
  volume={34},
  number={01},
  pages={865--872},
  year={2020}
}

@inproceedings{mt2,
  title={Exploring connections between active learning and model extraction},
  author={Chandrasekaran, Varun and Chaudhuri, Kamalika and Giacomelli, Irene and Jha, Somesh and Yan, Songbai},
  booktitle={29th USENIX Security Symposium (USENIX Security 20)},
  pages={1309--1326},
  year={2020}
}

@inproceedings{neuron_analysis,
  title={Detecting ai trojans using meta neural analysis},
  author={Xu, Xiaojun and Wang, Qi and Li, Huichen and Borisov, Nikita and Gunter, Carl A and Li, Bo},
  booktitle={2021 IEEE Symposium on Security and Privacy (SP)},
  pages={103--120},
  year={2021},
  organization={IEEE}
}

@article{onion,
  title={Onion: A simple and effective defense against textual backdoor attacks},
  author={Qi, Fanchao and Chen, Yangyi and Li, Mukai and Yao, Yuan and Liu, Zhiyuan and Sun, Maosong},
  journal={arXiv preprint arXiv:2011.10369},
  year={2020}
}

@article{prompt_engineering,
  title={A prompt pattern catalog to enhance prompt engineering with chatgpt},
  author={White, Jules and Fu, Quchen and Hays, Sam and Sandborn, Michael and Olea, Carlos and Gilbert, Henry and Elnashar, Ashraf and Spencer-Smith, Jesse and Schmidt, Douglas C},
  journal={arXiv preprint arXiv:2302.11382},
  year={2023}
}

@inproceedings{rap,
  title={RAP: Robustness-Aware Perturbations for Defending against Backdoor Attacks on NLP Models},
  author={Yang, Wenkai and Lin, Yankai and Li, Peng and Zhou, Jie and Sun, Xu},
  booktitle={Proceedings of the 2021 Conference on Empirical Methods in Natural Language Processing},
  pages={8365--8381},
  year={2021}
}

@inproceedings{reverse_engineering,
  title={Constrained optimization with dynamic bound-scaling for effective nlp backdoor defense},
  author={Shen, Guangyu and Liu, Yingqi and Tao, Guanhong and Xu, Qiuling and Zhang, Zhuo and An, Shengwei and Ma, Shiqing and Zhang, Xiangyu},
  booktitle={International Conference on Machine Learning},
  pages={19879--19892},
  year={2022},
  organization={PMLR}
}

@article{robust,
  title={Towards a robust deep neural network against adversarial texts: A survey},
  author={Wang, Wenqi and Wang, Run and Wang, Lina and Wang, Zhibo and Ye, Aoshuang},
  journal={ieee transactions on knowledge and data engineering},
  volume={35},
  number={3},
  pages={3159--3179},
  year={2021},
  publisher={IEEE}
}

@inproceedings{strip,
  title={Strip: A defence against trojan attacks on deep neural networks},
  author={Gao, Yansong and Xu, Change and Wang, Derui and Chen, Shiping and Ranasinghe, Damith C and Nepal, Surya},
  booktitle={Proceedings of the 35th annual computer security applications conference},
  pages={113--125},
  year={2019}
}

