
% Journals

% First the Full Name is given, then the abbreviation used in the AMS Math
% Reviews, with an indication if it could not be found there.
% Note the 2nd overwrites the 1st, so swap them if you want the full name.

 %{AMS}
 @String{AMSTrans = "American Mathematical Society Translations" }
 @String{AMSTrans = "Amer. Math. Soc. Transl." }
 @String{BullAMS = "Bulletin of the American Mathematical Society" }
 @String{BullAMS = "Bull. Amer. Math. Soc." }
 @String{ProcAMS = "Proceedings of the American Mathematical Society" }
 @String{ProcAMS = "Proc. Amer. Math. Soc." }
 @String{TransAMS = "Transactions of the American Mathematical Society" }
 @String{TransAMS = "Trans. Amer. Math. Soc." }

 %ACM
 @String{CACM = "Communications of the {ACM}" }
 @String{CACM = "Commun. {ACM}" }
 @String{CompServ = "Comput. Surveys" }
 @String{JACM = "J. ACM" }
 @String{ACMMathSoft = "{ACM} Transactions on Mathematical Software" }
 @String{ACMMathSoft = "{ACM} Trans. Math. Software" }
 @String{SIGNUM = "{ACM} {SIGNUM} Newsletter" }
 @String{SIGNUM = "{ACM} {SIGNUM} Newslett." }

 @String{AmerSocio = "American Journal of Sociology" }
 @String{AmerStatAssoc = "Journal of the American Statistical Association" }
 @String{AmerStatAssoc = "J. Amer. Statist. Assoc." }
 @String{ApplMathComp = "Applied Mathematics and Computation" }
 @String{ApplMathComp = "Appl. Math. Comput." }
 @String{AmerMathMonthly = "American Mathematical Monthly" }
 @String{AmerMathMonthly = "Amer. Math. Monthly" }
 @String{BIT = "{BIT}" }
 @String{BritStatPsych = "British Journal of Mathematical and Statistical
          Psychology" }
 @String{BritStatPsych = "Brit. J. Math. Statist. Psych." }
 @String{CanMathBull = "Canadian Mathematical Bulletin" }
 @String{CanMathBull = "Canad. Math. Bull." }
 @String{CompApplMath = "Journal of Computational and Applied Mathematics" }
 @String{CompApplMath = "J. Comput. Appl. Math." }
 @String{CompPhys = "Journal of Computational Physics" }
 @String{CompPhys = "J. Comput. Phys." }
 @String{CompStruct = "Computers and Structures" }
 @String{CompStruct = "Comput. \& Structures" }
 @String{CompJour = "The Computer Journal" }
 @String{CompJour = "Comput. J." }
 @String{CompSysSci = "Journal of Computer and System Sciences" }
 @String{CompSysSci = "J. Comput. System Sci." }
 @String{Computing = "Computing" }
 @String{ContempMath = "Contemporary Mathematics" }
 @String{ContempMath = "Contemp. Math." }
 @String{Crelle = "Crelle's Journal" }
 @String{GiornaleMath = "Giornale di Mathematiche" }
 @String{GiornaleMath = "Giorn. Mat." } % didn't find in AMS MR., ibid.

 %IEEE
 @String{Computer = "{IEEE} Computer" }
 @String{IEEETransComp = "{IEEE} Transactions on Computers" }
 @String{IEEETransComp = "{IEEE} Trans. Comput." }
 @String{IEEETransAC = "{IEEE} Transactions on Automatic Control" }
 @String{IEEETransAC = "{IEEE} Trans. Automat. Control" }
 @String{IEEESpec = "{IEEE} Spectrum" } % didn't find in AMS MR
 @String{ProcIEEE = "Proceedings of the {IEEE}" }
 @String{ProcIEEE = "Proc. {IEEE}" } % didn't find in AMS MR
 @String{IEEETransAeroElec = "{IEEE} Transactions on Aerospace and Electronic
     Systems" }
 @String{IEEETransAeroElec = "{IEEE} Trans. Aerospace Electron. Systems" }

 @String{IMANumerAna = "{IMA} Journal of Numerical Analysis" }
 @String{IMANumerAna = "{IMA} J. Numer. Anal." }
 @String{InfProcLet = "Information Processing Letters" }
 @String{InfProcLet = "Inform. Process. Lett." }
 @String{InstMathApp = "Journal of the Institute of Mathematics and
     its Applications" }
 @String{InstMathApp = "J. Inst. Math. Appl." }
 @String{IntControl = "International Journal of Control" }
 @String{IntControl = "Internat. J. Control" }
 @String{IntNumerEng = "International Journal for Numerical Methods in
     Engineering" }
 @String{IntNumerEng = "Internat. J. Numer. Methods Engrg." }
 @String{IntSuper = "International Journal of Supercomputing Applications" }
 @String{IntSuper = "Internat. J. Supercomputing Applic." } % didn't find
%% in AMS MR
 @String{Kibernetika = "Kibernetika" }
 @String{JResNatBurStand = "Journal of Research of the National Bureau
     of Standards" }
 @String{JResNatBurStand = "J. Res. Nat. Bur. Standards" }
 @String{LinAlgApp = "Linear Algebra and its Applications" }
 @String{LinAlgApp = "Linear Algebra Appl." }
 @String{MathAnaAppl = "Journal of Mathematical Analysis and Applications" }
 @String{MathAnaAppl = "J. Math. Anal. Appl." }
 @String{MathAnnalen = "Mathematische Annalen" }
 @String{MathAnnalen = "Math. Ann." }
 @String{MathPhys = "Journal of Mathematical Physics" }
 @String{MathPhys = "J. Math. Phys." }
 @String{MathComp = "Mathematics of Computation" }
 @String{MathComp = "Math. Comp." }
 @String{MathScand = "Mathematica Scandinavica" }
 @String{MathScand = "Math. Scand." }
 @String{TablesAidsComp = "Mathematical Tables and Other Aids to Computation" }
 @String{TablesAidsComp = "Math. Tables Aids Comput." }
 @String{NumerMath = "Numerische Mathematik" }
 @String{NumerMath = "Numer. Math." }
 @String{PacificMath = "Pacific Journal of Mathematics" }
 @String{PacificMath = "Pacific J. Math." }
 @String{ParDistComp = "Journal of Parallel and Distributed Computing" }
 @String{ParDistComp = "J. Parallel and Distrib. Comput." } % didn't find
%% in AMS MR
 @String{ParComputing = "Parallel Computing" }
 @String{ParComputing = "Parallel Comput." }
 @String{PhilMag = "Philosophical Magazine" }
 @String{PhilMag = "Philos. Mag." }
 @String{ProcNAS = "Proceedings of the National Academy of Sciences
                    of the USA" }
 @String{ProcNAS = "Proc. Nat. Acad. Sci. U. S. A." }
 @String{Psychometrika = "Psychometrika" }
 @String{QuartMath = "Quarterly Journal of Mathematics, Oxford, Series (2)" }
 @String{QuartMath = "Quart. J. Math. Oxford Ser. (2)" }
 @String{QuartApplMath = "Quarterly of Applied Mathematics" }
 @String{QuartApplMath = "Quart. Appl. Math." }
 @String{RevueInstStat = "Review of the International Statisical Institute" }
 @String{RevueInstStat = "Rev. Inst. Internat. Statist." }

 %SIAM
 @String{JSIAM = "Journal of the Society for Industrial and Applied
     Mathematics" }
 @String{JSIAM = "J. Soc. Indust. Appl. Math." }
 @String{JSIAMB = "Journal of the Society for Industrial and Applied
     Mathematics, Series B, Numerical Analysis" }
 @String{JSIAMB = "J. Soc. Indust. Appl. Math. Ser. B Numer. Anal." }
 @String{SIAMAlgMeth = "{SIAM} Journal on Algebraic and Discrete Methods" }
 @String{SIAMAlgMeth = "{SIAM} J. Algebraic Discrete Methods" }
 @String{SIAMAppMath = "{SIAM} Journal on Applied Mathematics" }
 @String{SIAMAppMath = "{SIAM} J. Appl. Math." }
 @String{SIAMComp = "{SIAM} Journal on Computing" }
 @String{SIAMComp = "{SIAM} J. Comput." }
 @String{SIAMMatrix = "{SIAM} Journal on Matrix Analysis and Applications" }
 @String{SIAMMatrix = "{SIAM} J. Matrix Anal. Appl." }
 @String{SIAMNumAnal = "{SIAM} Journal on Numerical Analysis" }
 @String{SIAMNumAnal = "{SIAM} J. Numer. Anal." }
 @String{SIAMReview = "{SIAM} Review" }
 @String{SIAMReview = "{SIAM} Rev." }
 @String{SIAMSciStat = "{SIAM} Journal on Scientific and Statistical
     Computing" }
 @String{SIAMSciStat = "{SIAM} J. Sci. Statist. Comput." }

 @String{SoftPracExp = "Software Practice and Experience" }
 @String{SoftPracExp = "Software Prac. Experience" } % didn't find in AMS MR
 @String{StatScience = "Statistical Science" }
 @String{StatScience = "Statist. Sci." }
 @String{Techno = "Technometrics" }
 @String{USSRCompMathPhys = "{USSR} Computational Mathematics and Mathematical
     Physics" }
 @String{USSRCompMathPhys = "{U. S. S. R.} Comput. Math. and Math. Phys." }
 @String{VLSICompSys = "Journal of {VLSI} and Computer Systems" }
 @String{VLSICompSys = "J. {VLSI} Comput. Syst." }
 @String{ZAngewMathMech = "Zeitschrift fur Angewandte Mathematik und
     Mechanik" }
 @String{ZAngewMathMech = "Z. Angew. Math. Mech." }
 @String{ZAngewMathPhys = "Zeitschrift fur Angewandte Mathematik und Physik" }
 @String{ZAngewMathPhys = "Z. Angew. Math. Phys." }

% Publishers % ================================================= |

 @String{Academic = "Academic Press" }
 @String{ACMPress = "{ACM} Press" }
 @String{AdamHilger = "Adam Hilger" }
 @String{AddisonWesley = "Addison-Wesley" }
 @String{AllynBacon = "Allyn and Bacon" }
 @String{AMS = "American Mathematical Society" }
 @String{Birkhauser = "Birkha{\"u}ser" }
 @String{CambridgePress = "Cambridge University Press" }
 @String{Chelsea = "Chelsea" }
 @String{ClaredonPress = "Claredon Press" }
 @String{DoverPub = "Dover Publications" }
 @String{Eyolles = "Eyolles" }
 @String{HoltRinehartWinston = "Holt, Rinehart and Winston" }
 @String{Interscience = "Interscience" }
 @String{JohnsHopkinsPress = "The Johns Hopkins University Press" }
 @String{JohnWileySons = "John Wiley and Sons" }
 @String{Macmillan = "Macmillan" }
 @String{MathWorks = "The Math Works Inc." }
 @String{McGrawHill = "McGraw-Hill" }
 @String{NatBurStd = "National Bureau of Standards" }
 @String{NorthHolland = "North-Holland" }
 @String{OxfordPress = "Oxford University Press" }  %address Oxford or London?
 @String{PergamonPress = "Pergamon Press" }
 @String{PlenumPress = "Plenum Press" }
 @String{PrenticeHall = "Prentice-Hall" }
 @String{SIAMPub = "{SIAM} Publications" }
 @String{Springer = "Springer-Verlag" }
 @String{TexasPress = "University of Texas Press" }
 @String{VanNostrand = "Van Nostrand" }
 @String{WHFreeman = "W. H. Freeman and Co." }

%Entries
@article{cui_unified_2022,
  title={A unified evaluation of textual backdoor learning: Frameworks and benchmarks},
  author={Cui, Ganqu and Yuan, Lifan and He, Bingxiang and Chen, Yangyi and Liu, Zhiyuan and Sun, Maosong},
  journal={Advances in Neural Information Processing Systems},
  volume={35},
  pages={5009--5023},
  year={2022}
}

@inproceedings{ATINTER,
  title={Don't Retrain, Just Rewrite: Countering Adversarial Perturbations by Rewriting Text},
  author={Gupta, Ashim and Blum, Carter Wood and Choji, Temma and Fei, Yingjie and Shah, Shalin and Vempala, Alakananda and Srikumar, Vivek},
  booktitle={The 61st Annual Meeting Of The Association For Computational Linguistics},
  year={2023}
}
@article{cv1,
  title={Imagenet classification with deep convolutional neural networks},
  author={Krizhevsky, Alex and Sutskever, Ilya and Hinton, Geoffrey E},
  journal={Advances in neural information processing systems},
  volume={25},
  year={2012}
}
@inproceedings{cv2,
  title={Deep residual learning for image recognition},
  author={He, Kaiming and Zhang, Xiangyu and Ren, Shaoqing and Sun, Jian},
  booktitle={Proceedings of the IEEE conference on computer vision and pattern recognition},
  pages={770--778},
  year={2016}
}
@article{NLP1,
  title={Efficient estimation of word representations in vector space},
  author={Mikolov, Tomas},
  journal={arXiv preprint arXiv:1301.3781},
  year={2013}
}
@article{NLP2,
  title={Attention is all you need},
  author={Vaswani, A},
  journal={Advances in Neural Information Processing Systems},
  year={2017}
}
@article{NLP3,
  title={Language models are few-shot learners},
  author={Brown, Tom B},
  journal={arXiv preprint arXiv:2005.14165},
  year={2020}
}
@article{agi1,
  title={One small step for generative ai, one giant leap for agi: A complete survey on chatgpt in aigc era},
  author={Zhang, Chaoning and Zhang, Chenshuang and Li, Chenghao and Qiao, Yu and Zheng, Sheng and Dam, Sumit Kumar and Zhang, Mengchun and Kim, Jung Uk and Kim, Seong Tae and Choi, Jinwoo and others},
  journal={arXiv preprint arXiv:2304.06488},
  year={2023}
}
@inproceedings{agi2,
  title={Mmmu: A massive multi-discipline multimodal understanding and reasoning benchmark for expert agi},
  author={Yue, Xiang and Ni, Yuansheng and Zhang, Kai and Zheng, Tianyu and Liu, Ruoqi and Zhang, Ge and Stevens, Samuel and Jiang, Dongfu and Ren, Weiming and Sun, Yuxuan and others},
  booktitle={Proceedings of the IEEE/CVF Conference on Computer Vision and Pattern Recognition},
  pages={9556--9567},
  year={2024}
}
@inproceedings{interpretability1,
  title={" Why should i trust you?" Explaining the predictions of any classifier},
  author={Ribeiro, Marco Tulio and Singh, Sameer and Guestrin, Carlos},
  booktitle={Proceedings of the 22nd ACM SIGKDD international conference on knowledge discovery and data mining},
  pages={1135--1144},
  year={2016}
}
@article{interpretability2,
  title={Towards a rigorous science of interpretable machine learning},
  author={Doshi-Velez, Finale and Kim, Been},
  journal={arXiv preprint arXiv:1702.08608},
  year={2017}
}
@article{ae1,
  title={Intriguing properties of neural networks},
  author={Szegedy, C},
  journal={arXiv preprint arXiv:1312.6199},
  year={2013}
}
@inproceedings{ae2,
  title={Universal adversarial perturbations},
  author={Moosavi-Dezfooli, Seyed-Mohsen and Fawzi, Alhussein and Fawzi, Omar and Frossard, Pascal},
  booktitle={Proceedings of the IEEE conference on computer vision and pattern recognition},
  pages={1765--1773},
  year={2017}
}
@inproceedings{ae3_hotflip,
  title={HotFlip: White-Box Adversarial Examples for Text Classification},
  author={Ebrahimi, Javid and Rao, Anyi and Lowd, Daniel and Dou, Dejing},
  booktitle={Proceedings of the 56th Annual Meeting of the Association for Computational Linguistics (Volume 2: Short Papers)},
  pages={31--36},
  year={2018}
}

@inproceedings{ae5,
  title={Universal Adversarial Triggers for Attacking and Analyzing NLP},
  author={Wallace, Eric and Feng, Shi and Kandpal, Nikhil and Gardner, Matt and Singh, Sameer},
  booktitle={Proceedings of the 2019 Conference on Empirical Methods in Natural Language Processing and the 9th International Joint Conference on Natural Language Processing (EMNLP-IJCNLP)},
  pages={2153--2162},
  year={2019}
}

@inproceedings{ae1_pwws,
    title = "Generating Natural Language Adversarial Examples through Probability Weighted Word Saliency",
    author = "Ren, Shuhuai  and
      Deng, Yihe  and
      He, Kun  and
      Che, Wanxiang",
    editor = "Korhonen, Anna  and
      Traum, David  and
      M{\`a}rquez, Llu{\'\i}s",
    booktitle = "Proceedings of the 57th Annual Meeting of the Association for Computational Linguistics",
    month = jul,
    year = "2019",
    address = "Florence, Italy",
    publisher = "Association for Computational Linguistics",
    url = "https://aclanthology.org/P19-1103",
    doi = "10.18653/v1/P19-1103",
    pages = "1085--1097",
}
@inproceedings{ae2_deepwordbug,
  title={Black-box generation of adversarial text sequences to evade deep learning classifiers},
  author={Gao, Ji and Lanchantin, Jack and Soffa, Mary Lou and Qi, Yanjun},
  booktitle={2018 IEEE Security and Privacy Workshops (SPW)},
  pages={50--56},
  year={2018},
  organization={IEEE}
}
@article{ae3_textbugger,
  title={Textbugger: Generating adversarial text against real-world applications},
  author={Li, Jinfeng and Ji, Shouling and Du, Tianyu and Li, Bo and Wang, Ting},
  journal={arXiv preprint arXiv:1812.05271},
  year={2018}
}
@inproceedings{ae4_textfooler,
  title={Is bert really robust? a strong baseline for natural language attack on text classification and entailment},
  author={Jin, Di and Jin, Zhijing and Zhou, Joey Tianyi and Szolovits, Peter},
  booktitle={Proceedings of the AAAI conference on artificial intelligence},
  volume={34},
  number={05},
  pages={8018--8025},
  year={2020}
}
@article{bd1_badnets,
  title={Badnets: Evaluating backdooring attacks on deep neural networks},
  author={Gu, Tianyu and Liu, Kang and Dolan-Gavitt, Brendan and Garg, Siddharth},
  journal={IEEE Access},
  volume={7},
  pages={47230--47244},
  year={2019},
  publisher={IEEE}
}
@article{bd2_addsent,
  title={A backdoor attack against lstm-based text classification systems},
  author={Dai, Jiazhu and Chen, Chuanshuai and Li, Yufeng},
  journal={IEEE Access},
  volume={7},
  pages={138872--138878},
  year={2019},
  publisher={IEEE}
}
@inproceedings{bd3_synbkd,
  title={Hidden Killer: Invisible Textual Backdoor Attacks with Syntactic Trigger},
  author={Qi, Fanchao and Li, Mukai and Chen, Yangyi and Zhang, Zhengyan and Liu, Zhiyuan and Wang, Yasheng and Sun, Maosong},
  booktitle={Proceedings of the 59th Annual Meeting of the Association for Computational Linguistics and the 11th International Joint Conference on Natural Language Processing (Volume 1: Long Papers)},
  pages={443--453},
  year={2021}
}
@inproceedings{bd4_style,
    title = "Mind the Style of Text! Adversarial and Backdoor Attacks Based on Text Style Transfer",
    author = "Qi, Fanchao  and
      Chen, Yangyi  and
      Zhang, Xurui  and
      Li, Mukai  and
      Liu, Zhiyuan  and
      Sun, Maosong",
    editor = "Moens, Marie-Francine  and
      Huang, Xuanjing  and
      Specia, Lucia  and
      Yih, Scott Wen-tau",
    booktitle = "Proceedings of the 2021 Conference on Empirical Methods in Natural Language Processing",
    month = nov,
    year = "2021",
    address = "Online and Punta Cana, Dominican Republic",
    publisher = "Association for Computational Linguistics",
    url = "https://aclanthology.org/2021.emnlp-main.374",
    doi = "10.18653/v1/2021.emnlp-main.374",
    pages = "4569--4580"
}
@article{ae_survey1,
  title={A survey of adversarial defenses and robustness in nlp},
  author={Goyal, Shreya and Doddapaneni, Sumanth and Khapra, Mitesh M and Ravindran, Balaraman},
  journal={ACM Computing Surveys},
  volume={55},
  number={14s},
  pages={1--39},
  year={2023},
  publisher={ACM New York, NY}
}
@article{ae_survey2,
  title={Adversarial attacks on deep-learning models in natural language processing: A survey},
  author={Zhang, Wei Emma and Sheng, Quan Z and Alhazmi, Ahoud and Li, Chenliang},
  journal={ACM Transactions on Intelligent Systems and Technology (TIST)},
  volume={11},
  number={3},
  pages={1--41},
  year={2020},
  publisher={ACM New York, NY, USA}
}
@article{ae_survey3,
  title={Adversarial attack and defense technologies in natural language processing: A survey},
  author={Qiu, Shilin and Liu, Qihe and Zhou, Shijie and Huang, Wen},
  journal={Neurocomputing},
  volume={492},
  pages={278--307},
  year={2022},
  publisher={Elsevier}
}
@article{bd_survey1,
  title={A comprehensive overview of backdoor attacks in large language models within communication networks},
  author={Yang, Haomiao and Xiang, Kunlan and Ge, Mengyu and Li, Hongwei and Lu, Rongxing and Yu, Shui},
  journal={IEEE Network},
  year={2024},
  publisher={IEEE}
}
@inproceedings{bd_survey2,
  title={A survey on backdoor attack and defense in natural language processing},
  author={Sheng, Xuan and Han, Zhaoyang and Li, Piji and Chang, Xiangmao},
  booktitle={2022 IEEE 22nd International Conference on Software Quality, Reliability and Security (QRS)},
  pages={809--820},
  year={2022},
  organization={IEEE}
}
@inproceedings{adversarial_training,
  title={Adversarial training with fast gradient projection method against synonym substitution based text attacks},
  author={Wang, Xiaosen and Yang, Yichen and Deng, Yihe and He, Kun},
  booktitle={Proceedings of the AAAI conference on artificial intelligence},
  volume={35},
  number={16},
  pages={13997--14005},
  year={2021}
}
@article{gradient_masking,
  title={Gradient masking of label smoothing in adversarial robustness},
  author={Lee, Hyungyu and Bae, Ho and Yoon, Sungroh},
  journal={IEEE Access},
  volume={9},
  pages={6453--6464},
  year={2020},
  publisher={IEEE}
}
@inproceedings{ae_perturbation_control,
  title={Robsut wrod reocginiton via semi-character recurrent neural network},
  author={Sakaguchi, Keisuke and Duh, Kevin and Post, Matt and Van Durme, Benjamin},
  booktitle={Proceedings of the AAAI Conference on Artificial Intelligence},
  volume={31},
  number={1},
  year={2017}
}

@article{ae_perturbation_control2,
  title={Combating adversarial misspellings with robust word recognition},
  author={Pruthi, Danish and Dhingra, Bhuwan and Lipton, Zachary C},
  journal={arXiv preprint arXiv:1905.11268},
  year={2019}
}
@article{robust,
  title={Towards a robust deep neural network against adversarial texts: A survey},
  author={Wang, Wenqi and Wang, Run and Wang, Lina and Wang, Zhibo and Ye, Aoshuang},
  journal={ieee transactions on knowledge and data engineering},
  volume={35},
  number={3},
  pages={3159--3179},
  year={2021},
  publisher={IEEE}
}
@inproceedings{fine-pruning,
  title={Fine-pruning: Defending against backdooring attacks on deep neural networks},
  author={Liu, Kang and Dolan-Gavitt, Brendan and Garg, Siddharth},
  booktitle={International symposium on research in attacks, intrusions, and defenses},
  pages={273--294},
  year={2018},
  organization={Springer}
}
@article{defensive_distillation,
  title={Neural attention distillation: Erasing backdoor triggers from deep neural networks},
  author={Li, Yige and Lyu, Xixiang and Koren, Nodens and Lyu, Lingjuan and Li, Bo and Ma, Xingjun},
  journal={arXiv preprint arXiv:2101.05930},
  year={2021}
}
@inproceedings{bd_trainging,
  title={Moderate-fitting as a natural backdoor defender for pre-trained language models},
  author={Zhu, Biru and Qin, Yujia and Cui, Ganqu and Chen, Yangyi and Zhao, Weilin and Fu, Chong and Deng, Yangdong and Liu, Zhiyuan and Wang, Jingang and Wu, Wei and others},
  booktitle={Proceedings of the 36th International Conference on Neural Information Processing Systems},
  pages={1086--1099},
  year={2022}
}

@inproceedings{reverse_engineering,
  title={Constrained optimization with dynamic bound-scaling for effective nlp backdoor defense},
  author={Shen, Guangyu and Liu, Yingqi and Tao, Guanhong and Xu, Qiuling and Zhang, Zhuo and An, Shengwei and Ma, Shiqing and Zhang, Xiangyu},
  booktitle={International Conference on Machine Learning},
  pages={19879--19892},
  year={2022},
  organization={PMLR}
}
@inproceedings{neuron_analysis,
  title={Detecting ai trojans using meta neural analysis},
  author={Xu, Xiaojun and Wang, Qi and Li, Huichen and Borisov, Nikita and Gunter, Carl A and Li, Bo},
  booktitle={2021 IEEE Symposium on Security and Privacy (SP)},
  pages={103--120},
  year={2021},
  organization={IEEE}
}
@inproceedings{rap,
  title={RAP: Robustness-Aware Perturbations for Defending against Backdoor Attacks on NLP Models},
  author={Yang, Wenkai and Lin, Yankai and Li, Peng and Zhou, Jie and Sun, Xu},
  booktitle={Proceedings of the 2021 Conference on Empirical Methods in Natural Language Processing},
  pages={8365--8381},
  year={2021}
}
@inproceedings{strip,
  title={Strip: A defence against trojan attacks on deep neural networks},
  author={Gao, Yansong and Xu, Change and Wang, Derui and Chen, Shiping and Ranasinghe, Damith C and Nepal, Surya},
  booktitle={Proceedings of the 35th annual computer security applications conference},
  pages={113--125},
  year={2019}
}
@article{onion,
  title={Onion: A simple and effective defense against textual backdoor attacks},
  author={Qi, Fanchao and Chen, Yangyi and Li, Mukai and Yao, Yuan and Liu, Zhiyuan and Sun, Maosong},
  journal={arXiv preprint arXiv:2011.10369},
  year={2020}
}
@inproceedings{GPT4,
  title={Examining gpt-4: Capabilities, implications and future directions},
  author={Chang, Edward Y},
  booktitle={The 10th International Conference on Computational Science and Computational Intelligence},
  year={2023}
}
@article{prompt_engineering,
  title={A prompt pattern catalog to enhance prompt engineering with chatgpt},
  author={White, Jules and Fu, Quchen and Hays, Sam and Sandborn, Michael and Olea, Carlos and Gilbert, Henry and Elnashar, Ashraf and Spencer-Smith, Jesse and Schmidt, Douglas C},
  journal={arXiv preprint arXiv:2302.11382},
  year={2023}
}

@inproceedings{mt1,
  title={Activethief: Model extraction using active learning and unannotated public data},
  author={Pal, Soham and Gupta, Yash and Shukla, Aditya and Kanade, Aditya and Shevade, Shirish and Ganapathy, Vinod},
  booktitle={Proceedings of the AAAI Conference on Artificial Intelligence},
  volume={34},
  number={01},
  pages={865--872},
  year={2020}
}
@inproceedings{mt2,
  title={Exploring connections between active learning and model extraction},
  author={Chandrasekaran, Varun and Chaudhuri, Kamalika and Giacomelli, Irene and Jha, Somesh and Yan, Songbai},
  booktitle={29th USENIX Security Symposium (USENIX Security 20)},
  pages={1309--1326},
  year={2020}
}
@article{ks,
  title={Knowledge distillation: A survey},
  author={Gou, Jianping and Yu, Baosheng and Maybank, Stephen J and Tao, Dacheng},
  journal={International Journal of Computer Vision},
  volume={129},
  number={6},
  pages={1789--1819},
  year={2021},
  publisher={Springer}
}
@article{bert,
  title={Bert: Pre-training of deep bidirectional transformers for language understanding},
  author={Devlin, Jacob},
  journal={arXiv preprint arXiv:1810.04805},
  year={2018}
}
@article{roberta,
  title={Roberta: A robustly optimized bert pretraining approach},
  author={Liu, Yinhan},
  journal={arXiv preprint arXiv:1907.11692},
  volume={364},
  year={2019}
}