@article{2020arXiv200313988C,
 adsnote = {Provided by the SAO/NASA Astrophysics Data System},
 archiveprefix = {arXiv},
 author = {{Cheng}, Wen-Huang and {Song}, Sijie and {Chen}, Chieh-Yun and {Chusnul Hidayati}, Shintami and {Liu}, Jiaying},
 eid = {arXiv:2003.13988},
 eprint = {2003.13988},
 journal = {arXiv preprint},
 keywords = {Computer Science - Computer Vision and Pattern Recognition},
 pages = {arXiv:2003.13988},
 primaryclass = {cs.CV},
 title = {Fashion Meets Computer Vision: {A} Survey},
 year = {2020}
}

@inproceedings{CycleGAN2017,
 author = {Jun{-}Yan Zhu and
Taesung Park and
Phillip Isola and
Alexei A. Efros},
 bibsource = {dblp computer science bibliography, https://dblp.org},
 biburl = {https://dblp.org/rec/conf/iccv/ZhuPIE17.bib},
 booktitle = {Proc. of ICCV},
 doi = {10.1109/ICCV.2017.244},
 pages = {2242--2251},
 timestamp = {Thu, 11 Jan 2018 00:00:00 +0100},
 title = {Unpaired Image-to-Image Translation Using Cycle-Consistent Adversarial
Networks},
 year = {2017}
}

@article{DRIT_plus,
 author = {Lee, Hsin-Ying and Tseng, Hung-Yu and Mao, Qi and Huang, Jia-Bin and Lu, Yu-Ding and Singh, Maneesh Kumar and Yang, Ming-Hsuan},
 journal = {International Journal of Computer Vision},
 pages = {1--16},
 title = {{DRIT++}: {Diverse} Image-to-Image Translation viaDisentangled Representations},
 year = {2020}
}

@inproceedings{Gatys_2016_CVPR,
 author = {Leon A. Gatys and
Alexander S. Ecker and
Matthias Bethge},
 bibsource = {dblp computer science bibliography, https://dblp.org},
 booktitle = {Proc. of CVPR},
 doi = {10.1109/CVPR.2016.265},
 pages = {2414--2423},
 timestamp = {Thu, 25 May 2017 01:00:00 +0200},
 title = {Image Style Transfer Using Convolutional Neural Networks},
 year = {2016}
}

@inproceedings{Han_2018_viton,
 author = {Xintong Han and
Zuxuan Wu and
Zhe Wu and
Ruichi Yu and
Larry S. Davis},
 bibsource = {dblp computer science bibliography, https://dblp.org},
 booktitle = {Proc. of CVPR},
 doi = {10.1109/CVPR.2018.00787},
 pages = {7543--7552},
 timestamp = {Mon, 09 Dec 2019 00:00:00 +0100},
 title = {{VITON:} {An} Image-Based Virtual Try-On Network},
 year = {2018}
}

@inproceedings{NIPS2014_gan,
 author = {Ian J. Goodfellow and
Jean Pouget{-}Abadie and
Mehdi Mirza and
Bing Xu and
David Warde{-}Farley and
Sherjil Ozair and
Aaron C. Courville and
Yoshua Bengio},
 bibsource = {dblp computer science bibliography, https://dblp.org},
 biburl = {https://dblp.org/rec/conf/nips/GoodfellowPMXWOCB14.bib},
 booktitle = {Proc. of NeurIPS},
 pages = {2672--2680},
 timestamp = {Thu, 21 Jan 2021 00:00:00 +0100},
 title = {Generative Adversarial Nets},
 year = {2014}
}

@inproceedings{Yu_2019_ICCV,
 author = {Cong Yu and
Yang Hu and
Yan Chen and
Bing Zeng},
 bibsource = {dblp computer science bibliography, https://dblp.org},
 booktitle = {Proc. of ICCV},
 doi = {10.1109/ICCV.2019.00914},
 pages = {9045--9054},
 timestamp = {Tue, 10 Mar 2020 00:00:00 +0100},
 title = {Personalized Fashion Design},
 year = {2019}
}

@article{attribute_gan,
 author = {Liu, Linlin and Zhang, Haijun and Ji, Yuzhu and Wu, QM Jonathan},
 journal = {Neurocomputing},
 pages = {156--167},
 title = {Toward {AI} fashion design: {An Attribute-GAN} model for clothing match},
 volume = {341},
 year = {2019}
}

@inproceedings{choi2020starganv2,
 author = {Yunjey Choi and
Youngjung Uh and
Jaejun Yoo and
Jung{-}Woo Ha},
 bibsource = {dblp computer science bibliography, https://dblp.org},
 biburl = {https://dblp.org/rec/conf/cvpr/ChoiUYH20.bib},
 booktitle = {Proc. of CVPR},
 doi = {10.1109/CVPR42600.2020.00821},
 pages = {8185--8194},
 timestamp = {Sun, 25 Oct 2020 01:00:00 +0200},
 title = {{StarGAN} v2: {Diverse} Image Synthesis for Multiple Domains},
 year = {2020}
}

@inproceedings{cp_vton,
 author = {Wang, Bochao and Zheng, Huabin and Liang, Xiaodan and Chen, Yimin and Lin, Liang and Yang, Meng},
 booktitle = {Proc. of ECCV},
 pages = {589--604},
 title = {Toward Characteristic-Preserving Image-based Virtual Try-on Network},
 year = {2018}
}

@inproceedings{cui2019dressing,
 author = {Zeyu Cui and
Zekun Li and
Shu Wu and
Xiaoyu Zhang and
Liang Wang},
 bibsource = {dblp computer science bibliography, https://dblp.org},
 booktitle = {Proc. of WWW},
 doi = {10.1145/3308558.3313444},
 pages = {307--317},
 timestamp = {Wed, 16 Oct 2019 01:00:00 +0200},
 title = {Dressing as a Whole: Outfit Compatibility Learning Based on Node-wise
Graph Neural Networks},
 year = {2019}
}

@inproceedings{fashion_gan,
 author = {Shizhan Zhu and
Sanja Fidler and
Raquel Urtasun and
Dahua Lin and
Chen Change Loy},
 bibsource = {dblp computer science bibliography, https://dblp.org},
 booktitle = {Proc. of ICCV},
 doi = {10.1109/ICCV.2017.186},
 pages = {1689--1697},
 timestamp = {Sat, 19 Oct 2019 01:00:00 +0200},
 title = {Be Your Own Prada: Fashion Synthesis with Structural Coherence},
 year = {2017}
}

@inproceedings{han2017learning,
 author = {Xintong Han and
Zuxuan Wu and
Yu{-}Gang Jiang and
Larry S. Davis},
 bibsource = {dblp computer science bibliography, https://dblp.org},
 booktitle = {Proc. of ACMMM},
 doi = {10.1145/3123266.3123394},
 pages = {1078--1086},
 timestamp = {Tue, 06 Nov 2018 00:00:00 +0100},
 title = {Learning Fashion Compatibility with Bidirectional LSTMs},
 year = {2017}
}

@inproceedings{huang2018munit,
 author = {Huang, Xun and Liu, Ming-Yu and Belongie, Serge and Kautz, Jan},
 booktitle = {Proc. of ECCV},
 title = {Multimodal Unsupervised Image-to-image Translation},
 year = {2018}
}

@inproceedings{ledig2017photo,
 author = {Christian Ledig and
Lucas Theis and
Ferenc Huszar and
Jose Caballero and
Andrew Cunningham and
Alejandro Acosta and
Andrew P. Aitken and
Alykhan Tejani and
Johannes Totz and
Zehan Wang and
Wenzhe Shi},
 bibsource = {dblp computer science bibliography, https://dblp.org},
 booktitle = {Proc. of CVPR},
 doi = {10.1109/CVPR.2017.19},
 pages = {105--114},
 timestamp = {Fri, 27 Dec 2019 00:00:00 +0100},
 title = {Photo-Realistic Single Image Super-Resolution Using a Generative Adversarial
Network},
 year = {2017}
}

@inproceedings{li2020hierarchical,
 author = {Xingchen Li and
Xiang Wang and
Xiangnan He and
Long Chen and
Jun Xiao and
Tat{-}Seng Chua},
 bibsource = {dblp computer science bibliography, https://dblp.org},
 booktitle = {Proc. of SIGIR},
 doi = {10.1145/3397271.3401080},
 pages = {159--168},
 timestamp = {Fri, 23 Oct 2020 01:00:00 +0200},
 title = {Hierarchical Fashion Graph Network for Personalized Outfit Recommendation},
 year = {2020}
}

@inproceedings{ma2017pose,
 author = {Liqian Ma and
Xu Jia and
Qianru Sun and
Bernt Schiele and
Tinne Tuytelaars and
Luc Van Gool},
 bibsource = {dblp computer science bibliography, https://dblp.org},
 booktitle = {Proc. of NeurIPS},
 pages = {406--416},
 timestamp = {Thu, 21 Jan 2021 00:00:00 +0100},
 title = {Pose Guided Person Image Generation},
 year = {2017}
}

@inproceedings{mcauley2015image,
 author = {Julian J. McAuley and
Christopher Targett and
Qinfeng Shi and
Anton van den Hengel},
 bibsource = {dblp computer science bibliography, https://dblp.org},
 biburl = {https://dblp.org/rec/conf/sigir/McAuleyTSH15.bib},
 booktitle = {Proc. of SIGIR},
 doi = {10.1145/2766462.2767755},
 pages = {43--52},
 timestamp = {Mon, 26 Nov 2018 00:00:00 +0100},
 title = {Image-Based Recommendations on Styles and Substitutes},
 year = {2015}
}

@article{multi_dis_fashion,
 author = {Liu, Linlin and Zhang, Haijun and Xu, Xiaofei and Zhang, Zhao and Yan, Shuicheng},
 doi = {10.1109/TNNLS.2019.2944979},
 journal = {IEEE Trans. Neural Netw. and Learn. Syst.},
 number = {9},
 pages = {3540-3554},
 title = {Collocating Clothes With Generative Adversarial Networks Cosupervised by Categories and Attributes: A Multidiscriminator Framework},
 volume = {31},
 year = {2020}
}

@inproceedings{pix2pix2017,
 author = {Phillip Isola and
Jun{-}Yan Zhu and
Tinghui Zhou and
Alexei A. Efros},
 bibsource = {dblp computer science bibliography, https://dblp.org},
 biburl = {https://dblp.org/rec/conf/cvpr/IsolaZZE17.bib},
 booktitle = {Proc. of CVPR},
 doi = {10.1109/CVPR.2017.632},
 pages = {5967--5976},
 timestamp = {Thu, 16 Nov 2017 00:00:00 +0100},
 title = {Image-to-Image Translation with Conditional Adversarial Networks},
 year = {2017}
}

@inproceedings{siarohin2018deformable,
 author = {Aliaksandr Siarohin and
Enver Sangineto and
St{\'{e}}phane Lathuili{\`{e}}re and
Nicu Sebe},
 bibsource = {dblp computer science bibliography, https://dblp.org},
 booktitle = {Proc. of CVPR},
 doi = {10.1109/CVPR.2018.00359},
 pages = {3408--3416},
 timestamp = {Wed, 25 Sep 2019 01:00:00 +0200},
 title = {Deformable {GANs} for Pose-Based Human Image Generation},
 year = {2018}
}

@article{tileimage,
 author = {Zhang, Haijun and Wang, Xinghao and Liu, Linlin and Zhou, Dongliang and Zhang, Zhao},
 doi = {10.1109/MMUL.2020.3014037},
 journal = {IEEE MultiMedia},
 number = {4},
 pages = {58-68},
 title = {WarpClothingOut: A Stepwise Framework for Clothes Translation From the Human Body to Tiled Images},
 volume = {27},
 year = {2020}
}

@inproceedings{vasileva2018learning,
 author = {Vasileva, Mariya I and Plummer, Bryan A and Dusad, Krishna and Rajpal, Shreya and Kumar, Ranjitha and Forsyth, David},
 booktitle = {Proc. of ECCV},
 pages = {390--405},
 title = {Learning Type-Aware Embeddings for Fashion Compatibility},
 year = {2018}
}

@inproceedings{veit2015learning,
 author = {Andreas Veit and
Balazs Kovacs and
Sean Bell and
Julian J. McAuley and
Kavita Bala and
Serge J. Belongie},
 bibsource = {dblp computer science bibliography, https://dblp.org},
 booktitle = {Proc. of ICCV},
 doi = {10.1109/ICCV.2015.527},
 pages = {4642--4650},
 timestamp = {Mon, 22 Jul 2019 01:00:00 +0200},
 title = {Learning Visual Clothing Style with Heterogeneous Dyadic Co-Occurrences},
 year = {2015}
}

@inproceedings{wang2018non,
 author = {Xiaolong Wang and
Ross B. Girshick and
Abhinav Gupta and
Kaiming He},
 bibsource = {dblp computer science bibliography, https://dblp.org},
 booktitle = {Proc. of CVPR},
 doi = {10.1109/CVPR.2018.00813},
 pages = {7794--7803},
 timestamp = {Fri, 05 Apr 2019 01:00:00 +0200},
 title = {Non-Local Neural Networks},
 year = {2018}
}

@inproceedings{wang2018pix2pixHD,
 author = {Ting{-}Chun Wang and
Ming{-}Yu Liu and
Jun{-}Yan Zhu and
Andrew Tao and
Jan Kautz and
Bryan Catanzaro},
 bibsource = {dblp computer science bibliography, https://dblp.org},
 biburl = {https://dblp.org/rec/conf/cvpr/Wang0ZTKC18.bib},
 booktitle = {Proc. of CVPR},
 doi = {10.1109/CVPR.2018.00917},
 pages = {8798--8807},
 timestamp = {Wed, 06 Feb 2019 00:00:00 +0100},
 title = {High-Resolution Image Synthesis and Semantic Manipulation With Conditional
{GANs}},
 year = {2018}
}

