@Article{Acharya2011,
  author    = {Chayan Acharya and Andrew Coop and James E. Polli and Alexander D. MacKerell},
  journal   = {Curr. Comput. Aided Drug Des.},
  title     = {Recent Advances in Ligand-Based Drug Design: Relevance and Utility of the Conformationally Sampled Pharmacophore Approach},
  year      = {2011},
  issn      = {1573-4099},
  month     = {mar},
  number    = {1},
  pages     = {10--22},
  volume    = {7},
  doi       = {10.2174/157340911793743547},
  publisher = {Bentham Science Publishers Ltd.},
}

@Article{Chen2021modof,
  author    = {Ziqi Chen and Martin Renqiang Min and Srinivasan Parthasarathy and Xia Ning},
  journal   = {Nat. Mach. Intell.},
  title     = {A deep generative model for molecule optimization via one fragment modification},
  year      = {2021},
  month     = {dec},
  number    = {12},
  pages     = {1040--1049},
  volume    = {3},
  doi       = {10.1038/s42256-021-00410-2},
  publisher = {Springer Science and Business Media {LLC}},
}

@Article{Chen2023ShapeMol,
  author    = {Chen, Ziqi and Peng, Bo and Parthasarathy, Srinivasan and Ning, Xia},
  journal   = {arXiv:2403.12987},
  title     = {Shape-conditioned 3D Molecule Generation via Equivariant Diffusion Models},
  year      = {2023},
  publisher = {arXiv},
}

@Article{GmezBombarelli2018,
  author    = {Rafael G{\'{o}}mez-Bombarelli and Jennifer N. Wei and David Duvenaud and Jos{\'{e}} Miguel Hern{\'{a}}ndez-Lobato and Benjam{\'{\i}}n S{\'{a}}nchez-Lengeling and Dennis Sheberla and Jorge Aguilera-Iparraguirre and Timothy D. Hirzel and Ryan P. Adams and Al{\'{a}}n Aspuru-Guzik},
  journal   = {{ACS} Cent. Sci.},
  title     = {Automatic Chemical Design Using a Data-Driven Continuous Representation of Molecules},
  year      = {2018},
  month     = {jan},
  number    = {2},
  pages     = {268--276},
  volume    = {4},
  publisher = {American Chemical Society ({ACS})},
}

@Article{Imrie2021,
  author    = {Fergus Imrie and Thomas E. Hadfield and Anthony R. Bradley and Charlotte M. Deane},
  journal   = {Chemical Science},
  title     = {Deep generative design with 3D pharmacophoric constraints},
  year      = {2021},
  number    = {43},
  pages     = {14577--14589},
  volume    = {12},
  doi       = {10.1039/d1sc02436a},
  publisher = {Royal Society of Chemistry ({RSC})},
}

@InProceedings{Jonas20a,
  author    = {K{\"o}hler, Jonas and Klein, Leon and Noe, Frank},
  booktitle = {Proceedings of the 37th International Conference on Machine Learning},
  title     = {Equivariant Flows: Exact Likelihood Generative Learning for Symmetric Densities},
  year      = {2020},
  editor    = {III, Hal Daum√© and Singh, Aarti},
  month     = {13--18 Jul},
  pages     = {5361--5370},
  publisher = {PMLR},
  series    = {Proceedings of Machine Learning Research},
  volume    = {119},
}

@Article{Papadopoulos2021,
  author    = {Kostas Papadopoulos and Kathryn A. Giblin and Jon Paul Janet and Atanas Patronov and Ola Engkvist},
  journal   = {Bioorganic {\&}amp: Medicinal Chemistry},
  title     = {De novo design with deep generative models based on 3D similarity scoring},
  year      = {2021},
  month     = {aug},
  pages     = {116308},
  volume    = {44},
  publisher = {Elsevier {BV}},
}

@InProceedings{adams2023equivariant,
  author    = {Keir Adams and Connor W. Coley},
  booktitle = {11th International Conference on Learning Representations},
  title     = {Equivariant Shape-Conditioned Generation of 3D Molecules for Ligand-Based Drug Design},
  year      = {2023},
}

@InProceedings{guan2023decompdiff,
  author    = {Guan, Jiaqi and Zhou, Xiangxin and Yang, Yuwei and Bao, Yu and Peng, Jian and Ma, Jianzhu and Liu, Qiang and Wang, Liang and Gu, Quanquan},
  booktitle = {Proceedings of the 40th International Conference on Machine Learning},
  title     = {{D}ecomp{D}iff: Diffusion Models with Decomposed Priors for Structure-Based Drug Design},
  year      = {2023},
  editor    = {Krause, Andreas and Brunskill, Emma and Cho, Kyunghyun and Engelhardt, Barbara and Sabato, Sivan and Scarlett, Jonathan},
  month     = {23--29 Jul},
  pages     = {11827--11846},
  publisher = {PMLR},
  series    = {Proceedings of Machine Learning Research},
  volume    = {202},
}

@InProceedings{guan2023targetdiff,
  author    = {Jiaqi Guan and Wesley Wei Qian and Xingang Peng and Yufeng Su and Jian Peng and Jianzhu Ma},
  booktitle = {11th International Conference on Learning Representations},
  title     = {3D Equivariant Diffusion for Target-Aware Molecule Generation and Affinity Prediction},
  year      = {2023},
}

@InProceedings{hoogeboom22diff,
  author    = {Hoogeboom, Emiel and Satorras, V\'{\i}ctor Garcia and Vignac, Cl{\'e}ment and Welling, Max},
  booktitle = {Proceedings of the 39th International Conference on Machine Learning},
  title     = {Equivariant Diffusion for Molecule Generation in 3{D}},
  year      = {2022},
  editor    = {Chaudhuri, Kamalika and Jegelka, Stefanie and Song, Le and Szepesvari, Csaba and Niu, Gang and Sabato, Sivan},
  month     = {17--23 Jul},
  pages     = {8867--8887},
  publisher = {PMLR},
  series    = {Proceedings of Machine Learning Research},
  volume    = {162},
}

@InProceedings{jin18jtvae,
  author    = {Jin, Wengong and Barzilay, Regina and Jaakkola, Tommi},
  booktitle = {Proceedings of the 35th International Conference on Machine Learning},
  title     = {Junction Tree Variational Autoencoder for Molecular Graph Generation},
  year      = {2018},
  editor    = {Dy, Jennifer and Krause, Andreas},
  month     = {10--15 Jul},
  pages     = {2323--2332},
  publisher = {PMLR},
  series    = {Proceedings of Machine Learning Research},
  volume    = {80},
}

@Article{kingma2013auto,
  author  = {Kingma, Diederik P and Welling, Max},
  journal = {arXiv:1312.6114},
  title   = {Auto-encoding variational bayes},
  year    = {2013},
}

@InProceedings{liu2022,
  author    = {Liu, Meng and Luo, Youzhi and Uchino, Kanji and Maruhashi, Koji and Ji, Shuiwang},
  booktitle = {Proceedings of the 39th International Conference on Machine Learning},
  title     = {Generating 3{D} Molecules for Target Protein Binding},
  year      = {2022},
  editor    = {Chaudhuri, Kamalika and Jegelka, Stefanie and Song, Le and Szepesvari, Csaba and Niu, Gang and Sabato, Sivan},
  month     = {17--23 Jul},
  pages     = {13912--13924},
  publisher = {PMLR},
  series    = {Proceedings of Machine Learning Research},
  volume    = {162},
}

@InProceedings{long2022zero,
  author    = {Siyu Long and Yi Zhou and Xinyu Dai and Hao Zhou},
  booktitle = {Advances in Neural Information Processing Systems},
  title     = {Zero-Shot 3D Drug Design by Sketching and Generating},
  year      = {2022},
  editor    = {Alice H. Oh and Alekh Agarwal and Danielle Belgrave and Kyunghyun Cho},
}

@InProceedings{luo2021sbdd,
  author    = {Shitong Luo and Jiaqi Guan and Jianzhu Ma and Jian Peng},
  booktitle = {Advances in Neural Information Processing Systems},
  title     = {A 3D Generative Model for Structure-Based Drug Design},
  year      = {2021},
  editor    = {A. Beygelzimer and Y. Dauphin and P. Liang and J. Wortman Vaughan},
}

@InProceedings{peng22pocket2mol,
  author    = {Peng, Xingang and Luo, Shitong and Guan, Jiaqi and Xie, Qi and Peng, Jian and Ma, Jianzhu},
  booktitle = {Proceedings of the 39th International Conference on Machine Learning},
  title     = {{P}ocket2{M}ol: Efficient Molecular Sampling Based on 3{D} Protein Pockets},
  year      = {2022},
  editor    = {Chaudhuri, Kamalika and Jegelka, Stefanie and Song, Le and Szepesvari, Csaba and Niu, Gang and Sabato, Sivan},
  month     = {17--23 Jul},
  pages     = {17644--17655},
  publisher = {PMLR},
  series    = {Proceedings of Machine Learning Research},
  volume    = {162},
}

@Article{ragoza2022chemsci,
  author  = {Matthew Ragoza and Tomohide Masuda and David Ryan Koes},
  journal = {Chem. Sci.},
  title   = {{Generating 3D molecules conditional on receptor binding sites with deep generative models}},
  year    = {2022},
  month   = {Feb},
  pages   = {2701--2713},
  volume  = {13},
  day     = {7},
}

