% Encoding: UTF-8

@InProceedings{adams2023equivariant,
  author    = {Keir Adams and Connor W. Coley},
  booktitle = {11th International Conference on Learning Representations},
  title     = {Equivariant Shape-Conditioned Generation of 3D Molecules for Ligand-Based Drug Design},
  year      = {2023},
}

@Article{Vainio2009shaep,
  author    = {Mikko J. Vainio and J. Santeri Puranen and Mark S. Johnson},
  journal   = {J. Chem. Inf. Model.},
  title     = {{ShaEP}: Molecular Overlay Based on Shape and Electrostatic Potential},
  year      = {2009},
  month     = {feb},
  number    = {2},
  pages     = {492--502},
  volume    = {49},
  doi       = {10.1021/ci800315d},
  publisher = {American Chemical Society ({ACS})},
}

@InProceedings{guan2023targetdiff,
  author    = {Jiaqi Guan and Wesley Wei Qian and Xingang Peng and Yufeng Su and Jian Peng and Jianzhu Ma},
  booktitle = {11th International Conference on Learning Representations},
  title     = {3D Equivariant Diffusion for Target-Aware Molecule Generation and Affinity Prediction},
  year      = {2023},
}

@InProceedings{deng2021vn,
  author    = {Deng, Congyue and Litany, Or and Duan, Yueqi and Poulenard, Adrien and Tagliasacchi, Andrea and Guibas, Leonidas J.},
  booktitle = {Proceedings of the IEEE/CVF International Conference on Computer Vision (ICCV)},
  title     = {Vector Neurons: A General Framework for SO(3)-Equivariant Networks},
  year      = {2021},
  month     = {October},
  pages     = {12200-12209},
}

@InProceedings{mescheder2019occupancy,
  author    = {Mescheder, Lars and Oechsle, Michael and Niemeyer, Michael and Nowozin, Sebastian and Geiger, Andreas},
  booktitle = {Proceedings of the IEEE/CVF Conference on Computer Vision and Pattern Recognition (CVPR)},
  title     = {Occupancy Networks: Learning 3D Reconstruction in Function Space},
  year      = {2019},
  month     = {June},
}

@InProceedings{park2019sdf,
  author    = {Park, Jeong Joon and Florence, Peter and Straub, Julian and Newcombe, Richard and Lovegrove, Steven},
  booktitle = {Proceedings of the IEEE/CVF Conference on Computer Vision and Pattern Recognition (CVPR)},
  title     = {DeepSDF: Learning Continuous Signed Distance Functions for Shape Representation},
  year      = {2019},
  month     = {June},
}

@InProceedings{hoogeboom2021catdiff,
  author    = {Hoogeboom, Emiel and Nielsen, Didrik and Jaini, Priyank and Forr\'{e}, Patrick and Welling, Max},
  booktitle = {Advances in Neural Information Processing Systems},
  title     = {Argmax Flows and Multinomial Diffusion: Learning Categorical Distributions},
  year      = {2021},
  editor    = {M. Ranzato and A. Beygelzimer and Y. Dauphin and P.S. Liang and J. Wortman Vaughan},
  pages     = {12454--12465},
  publisher = {Curran Associates, Inc.},
  volume    = {34},
}

@InProceedings{ho2021cfg,
  author    = {Ho, Jonathan and Salimans, Tim},
  booktitle = {NeurIPS 2021 Workshop on Deep Generative Models and Downstream Applications},
  title     = {Classifier-free diffusion guidance},
  year      = {2021},
}

@InProceedings{dhariwal2021diffusion,
  author    = {Prafulla Dhariwal and Alexander Quinn Nichol},
  booktitle = {Advances in Neural Information Processing Systems},
  title     = {Diffusion Models Beat {GAN}s on Image Synthesis},
  year      = {2021},
  editor    = {A. Beygelzimer and Y. Dauphin and P. Liang and J. Wortman Vaughan},
}

@InProceedings{imagen2022,
  author    = {Saharia, Chitwan and Chan, William and Saxena, Saurabh and Li, Lala and Whang, Jay and Denton, Emily L and Ghasemipour, Kamyar and Gontijo Lopes, Raphael and Karagol Ayan, Burcu and Salimans, Tim and Ho, Jonathan and Fleet, David J and Norouzi, Mohammad},
  booktitle = {Advances in Neural Information Processing Systems},
  title     = {Photorealistic Text-to-Image Diffusion Models with Deep Language Understanding},
  year      = {2022},
  editor    = {S. Koyejo and S. Mohamed and A. Agarwal and D. Belgrave and K. Cho and A. Oh},
  pages     = {36479--36494},
  publisher = {Curran Associates, Inc.},
  volume    = {35},
}

@Article{mose2020,
  author  = {Polykovskiy, Daniil and Zhebrak, Alexander and Sanchez-Lengeling, Benjamin and Golovanov, Sergey and Tatanov, Oktai and Belyaev, Stanislav and Kurbanov, Rauf and Artamonov, Aleksey and Aladinskiy, Vladimir and Veselov, Mark and Kadurin, Artur and Johansson, Simon and Chen, Hongming and Nikolenko, Sergey and Aspuru-Guzik, Al{\'a}n and Zhavoronkov, Alex},
  journal = {Front. Pharmacol.},
  title   = {Molecular Sets (MOSES): A Benchmarking Platform for Molecular Generation Models},
  year    = {2020},
  issn    = {1663-9812},
  volume  = {11},
}

@Article{GmezBombarelli2018,
  author    = {Rafael G{\'{o}}mez-Bombarelli and Jennifer N. Wei and David Duvenaud and Jos{\'{e}} Miguel Hern{\'{a}}ndez-Lobato and Benjam{\'{\i}}n S{\'{a}}nchez-Lengeling and Dennis Sheberla and Jorge Aguilera-Iparraguirre and Timothy D. Hirzel and Ryan P. Adams and Al{\'{a}}n Aspuru-Guzik},
  journal   = {{ACS} Cent. Sci.},
  title     = {Automatic Chemical Design Using a Data-Driven Continuous Representation of Molecules},
  year      = {2018},
  month     = {jan},
  number    = {2},
  pages     = {268--276},
  volume    = {4},
  publisher = {American Chemical Society ({ACS})},
}

@InProceedings{jin18jtvae,
  author    = {Jin, Wengong and Barzilay, Regina and Jaakkola, Tommi},
  booktitle = {Proceedings of the 35th International Conference on Machine Learning},
  title     = {Junction Tree Variational Autoencoder for Molecular Graph Generation},
  year      = {2018},
  editor    = {Dy, Jennifer and Krause, Andreas},
  month     = {10--15 Jul},
  pages     = {2323--2332},
  publisher = {PMLR},
  series    = {Proceedings of Machine Learning Research},
  volume    = {80},
}

@InProceedings{hoogeboom22diff,
  author    = {Hoogeboom, Emiel and Satorras, V\'{\i}ctor Garcia and Vignac, Cl{\'e}ment and Welling, Max},
  booktitle = {Proceedings of the 39th International Conference on Machine Learning},
  title     = {Equivariant Diffusion for Molecule Generation in 3{D}},
  year      = {2022},
  editor    = {Chaudhuri, Kamalika and Jegelka, Stefanie and Song, Le and Szepesvari, Csaba and Niu, Gang and Sabato, Sivan},
  month     = {17--23 Jul},
  pages     = {8867--8887},
  publisher = {PMLR},
  series    = {Proceedings of Machine Learning Research},
  volume    = {162},
}

@InProceedings{you2018gcpn,
  author    = {You, Jiaxuan and Liu, Bowen and Ying, Rex and Pande, Vijay and Leskovec, Jure},
  booktitle = {Proceedings of the 32nd International Conference on Neural Information Processing Systems},
  title     = {Graph Convolutional Policy Network for Goal-Directed Molecular Graph Generation},
  year      = {2018},
  address   = {Red Hook, NY, USA},
  pages     = {6412–6422},
  publisher = {Curran Associates Inc.},
  series    = {NIPS'18},
  location  = {Montr\'{e}al, Canada},
  numpages  = {11},
}

@InProceedings{luo2021sbdd,
  author    = {Shitong Luo and Jiaqi Guan and Jianzhu Ma and Jian Peng},
  booktitle = {Advances in Neural Information Processing Systems},
  title     = {A 3D Generative Model for Structure-Based Drug Design},
  year      = {2021},
  editor    = {A. Beygelzimer and Y. Dauphin and P. Liang and J. Wortman Vaughan},
}

@InProceedings{peng22pocket2mol,
  author    = {Peng, Xingang and Luo, Shitong and Guan, Jiaqi and Xie, Qi and Peng, Jian and Ma, Jianzhu},
  booktitle = {Proceedings of the 39th International Conference on Machine Learning},
  title     = {{P}ocket2{M}ol: Efficient Molecular Sampling Based on 3{D} Protein Pockets},
  year      = {2022},
  editor    = {Chaudhuri, Kamalika and Jegelka, Stefanie and Song, Le and Szepesvari, Csaba and Niu, Gang and Sabato, Sivan},
  month     = {17--23 Jul},
  pages     = {17644--17655},
  publisher = {PMLR},
  series    = {Proceedings of Machine Learning Research},
  volume    = {162},
}

@Article{Papadopoulos2021,
  author    = {Kostas Papadopoulos and Kathryn A. Giblin and Jon Paul Janet and Atanas Patronov and Ola Engkvist},
  journal   = {Bioorganic {\&}amp: Medicinal Chemistry},
  title     = {De novo design with deep generative models based on 3D similarity scoring},
  year      = {2021},
  month     = {aug},
  pages     = {116308},
  volume    = {44},
  publisher = {Elsevier {BV}},
}

@Article{Zheng2021,
  author    = {Shuangjia Zheng and Zengrong Lei and Haitao Ai and Hongming Chen and Daiguo Deng and Yuedong Yang},
  journal   = {J. Cheminform.},
  title     = {Deep scaffold hopping with multimodal transformer neural networks},
  year      = {2021},
  month     = {nov},
  number    = {1},
  volume    = {13},
  publisher = {Springer Science and Business Media {LLC}},
}

@InProceedings{satorras2021,
  author    = {Garcia Satorras, Victor and Hoogeboom, Emiel and Fuchs, Fabian and Posner, Ingmar and Welling, Max},
  booktitle = {Advances in Neural Information Processing Systems},
  title     = {E(n) Equivariant Normalizing Flows},
  year      = {2021},
  editor    = {M. Ranzato and A. Beygelzimer and Y. Dauphin and P.S. Liang and J. Wortman Vaughan},
  pages     = {4181--4192},
  publisher = {Curran Associates, Inc.},
  volume    = {34},
}

@Article{Chen2021modof,
  author    = {Ziqi Chen and Martin Renqiang Min and Srinivasan Parthasarathy and Xia Ning},
  journal   = {Nat. Mach. Intell.},
  title     = {A deep generative model for molecule optimization via one fragment modification},
  year      = {2021},
  month     = {dec},
  number    = {12},
  pages     = {1040--1049},
  volume    = {3},
  doi       = {10.1038/s42256-021-00410-2},
  publisher = {Springer Science and Business Media {LLC}},
}

@Article{Wjcikowski2015oddt,
  author    = {Maciej W{\'{o}}jcikowski and Piotr Zielenkiewicz and Pawel Siedlecki},
  journal   = {J. Cheminform.},
  title     = {Open Drug Discovery Toolkit ({ODDT}): a new open-source player in the drug discovery field},
  year      = {2015},
  month     = {jun},
  number    = {1},
  volume    = {7},
  doi       = {10.1186/s13321-015-0078-2},
  publisher = {Springer Science and Business Media {LLC}},
}

@Article{ravi2020pytorch3d,
  author  = {Nikhila Ravi and Jeremy Reizenstein and David Novotny and Taylor Gordon and Wan-Yen Lo and Justin Johnson and Georgia Gkioxari},
  journal = {arXiv:2007.08501},
  title   = {Accelerating 3D Deep Learning with PyTorch3D},
  year    = {2020},
}

@InProceedings{peng2023moldiff,
  author    = {Peng, Xingang and Guan, Jiaqi and Liu, Qiang and Ma, Jianzhu},
  booktitle = {Proceedings of the 40th International Conference on Machine Learning},
  title     = {{M}ol{D}iff: Addressing the Atom-Bond Inconsistency Problem in 3{D} Molecule Diffusion Generation},
  year      = {2023},
  editor    = {Krause, Andreas and Brunskill, Emma and Cho, Kyunghyun and Engelhardt, Barbara and Sabato, Sivan and Scarlett, Jonathan},
  month     = {23--29 Jul},
  pages     = {27611--27629},
  publisher = {PMLR},
  series    = {Proceedings of Machine Learning Research},
  volume    = {202},
}

@Misc{rdkit,
  author    = {Landrum, Greg and Tosco, Paolo and Kelley, Brian and {Ric} and Cosgrove, David and {Sriniker} and {Gedeck} and Vianello, Riccardo and {NadineSchneider} and Kawashima, Eisuke and N, Dan and Jones, Gareth and Dalke, Andrew and Cole, Brian and Swain, Matt and Turk, Samo and {AlexanderSavelyev} and Vaucher, Alain and Wójcikowski, Maciej and {Ichiru Take} and Probst, Daniel and Ujihara, Kazuya and Scalfani, Vincent F. and Godin, Guillaume and Lehtivarjo, Juuso and Pahl, Axel and Walker, Rachel and {Francois Berenger} and {Jasondbiggs} and {Strets123}},
  title     = {rdkit/rdkit: 2023\_03\_2 (Q1 2023) Release},
  year      = {2023},
  copyright = {Open Access},
  doi       = {10.5281/ZENODO.8053810},
  publisher = {Zenodo},
}

@InProceedings{He2016resnet,
  author    = {He, Kaiming and Zhang, Xiangyu and Ren, Shaoqing and Sun, Jian},
  booktitle = {Proceedings of the IEEE Conference on Computer Vision and Pattern Recognition (CVPR)},
  title     = {Deep Residual Learning for Image Recognition},
  year      = {2016},
  month     = {June},
}

@Article{wang2019dynamic,
  author     = {Wang, Yue and Sun, Yongbin and Liu, Ziwei and Sarma, Sanjay E. and Bronstein, Michael M. and Solomon, Justin M.},
  journal    = {ACM Trans. Graph.},
  title      = {Dynamic Graph CNN for Learning on Point Clouds},
  year       = {2019},
  issn       = {0730-0301},
  month      = {oct},
  number     = {5},
  pages      = {1--12},
  volume     = {38},
  address    = {New York, NY, USA},
  articleno  = {146},
  issue_date = {October 2019},
  keywords   = {classification, segmentation, Point cloud},
  numpages   = {12},
  publisher  = {Association for Computing Machinery},
}

@InProceedings{ho2020ddpm,
  author    = {Ho, Jonathan and Jain, Ajay and Abbeel, Pieter},
  booktitle = {Advances in Neural Information Processing Systems},
  title     = {Denoising Diffusion Probabilistic Models},
  year      = {2020},
  editor    = {H. Larochelle and M. Ranzato and R. Hadsell and M.F. Balcan and H. Lin},
  pages     = {6840--6851},
  publisher = {Curran Associates, Inc.},
  volume    = {33},
}

@Article{Ripphausen2011,
  author    = {Peter Ripphausen and Britta Nisius and Jürgen Bajorath},
  journal   = {Drug Discovery Today},
  title     = {State-of-the-art in ligand-based virtual screening},
  year      = {2011},
  month     = {may},
  number    = {9-10},
  pages     = {372--376},
  volume    = {16},
  doi       = {10.1016/j.drudis.2011.02.011},
  publisher = {Elsevier {BV}},
}

@Article{kullback1951information,
  author    = {S. Kullback and R. A. Leibler},
  journal   = {The Annals of Mathematical Statistics},
  title     = {On Information and Sufficiency},
  year      = {1951},
  month     = {mar},
  number    = {1},
  pages     = {79--86},
  volume    = {22},
  doi       = {10.1214/aoms/1177729694},
  publisher = {Institute of Mathematical Statistics},
}

@Article{Imrie2021,
  author    = {Fergus Imrie and Thomas E. Hadfield and Anthony R. Bradley and Charlotte M. Deane},
  journal   = {Chemical Science},
  title     = {Deep generative design with 3D pharmacophoric constraints},
  year      = {2021},
  number    = {43},
  pages     = {14577--14589},
  volume    = {12},
  doi       = {10.1039/d1sc02436a},
  publisher = {Royal Society of Chemistry ({RSC})},
}

@Article{Hoffmann2019,
  author    = {Torsten Hoffmann and Marcus Gastreich},
  journal   = {Drug Discovery Today},
  title     = {The next level in chemical space navigation: going far beyond enumerable compound libraries},
  year      = {2019},
  month     = {may},
  number    = {5},
  pages     = {1148--1156},
  volume    = {24},
  doi       = {10.1016/j.drudis.2019.02.013},
  publisher = {Elsevier {BV}},
}

@Article{Zheng_2013,
  author    = {Heping Zheng and Jing Hou and Matthew D Zimmerman and Alexander Wlodawer and Wladek Minor},
  journal   = {Expert Opin. Drug Discov.},
  title     = {The future of crystallography in drug discovery},
  year      = {2013},
  month     = {dec},
  number    = {2},
  pages     = {125--137},
  volume    = {9},
  doi       = {10.1517/17460441.2014.872623},
  publisher = {Informa Healthcare},
}

@Article{Batool_2019,
  author    = {Maria Batool and Bilal Ahmad and Sangdun Choi},
  journal   = {Int. J. Mol. Sci.},
  title     = {A Structure-Based Drug Discovery Paradigm},
  year      = {2019},
  month     = {jun},
  number    = {11},
  pages     = {2783},
  volume    = {20},
  doi       = {10.3390/ijms20112783},
  publisher = {{MDPI} {AG}},
}

@Article{kingma2013auto,
  author  = {Kingma, Diederik P and Welling, Max},
  journal = {arXiv:1312.6114},
  title   = {Auto-encoding variational bayes},
  year    = {2013},
}

@Article{chen2023noise,
  author  = {Chen, Ting},
  journal = {arXiv:2301.10972},
  title   = {On the Importance of Noise Scheduling for Diffusion Models},
  year    = {2023},
}

@Article{Jabri2022,
  author  = {Jabri, Allan and Fleet, David and Chen, Ting},
  journal = {arXiv:2212.11972},
  title   = {Scalable Adaptive Computation for Iterative Generation},
  year    = {2022},
}

@InProceedings{nichol2021,
  author    = {Nichol, Alexander Quinn and Dhariwal, Prafulla},
  booktitle = {Proceedings of the 38th International Conference on Machine Learning},
  title     = {Improved Denoising Diffusion Probabilistic Models},
  year      = {2021},
  editor    = {Meila, Marina and Zhang, Tong},
  month     = {18--24 Jul},
  pages     = {8162--8171},
  publisher = {PMLR},
  series    = {Proceedings of Machine Learning Research},
  volume    = {139},
}

@InProceedings{song2021denoising,
  author    = {Jiaming Song and Chenlin Meng and Stefano Ermon},
  booktitle = {9th International Conference on Learning Representations},
  title     = {Denoising Diffusion Implicit Models},
  year      = {2021},
}

@InProceedings{kong2021diffwave,
  author    = {Zhifeng Kong and Wei Ping and Jiaji Huang and Kexin Zhao and Bryan Catanzaro},
  booktitle = {International Conference on Learning Representations},
  title     = {DiffWave: A Versatile Diffusion Model for Audio Synthesis},
  year      = {2021},
}

@InProceedings{adam,
  author    = {Diederik P. Kingma and Jimmy Ba},
  booktitle = {3rd International Conference on Learning Representations, {ICLR} 2015, San Diego, CA, USA, 2015},
  title     = {Adam: {A} Method for Stochastic Optimization},
  year      = {2015},
  editor    = {Yoshua Bengio and Yann LeCun},
}

@InCollection{Chen2022graphimplicit,
  author    = {Yunlu Chen and Basura Fernando and Hakan Bilen and Matthias Nie{\ss}ner and Efstratios Gavves},
  booktitle = {Lect. Notes Comput. Sci.},
  publisher = {Springer Nature Switzerland},
  title     = {3D Equivariant Graph Implicit Functions},
  year      = {2022},
  pages     = {485--502},
  doi       = {10.1007/978-3-031-20062-5_28},
}

@InProceedings{long2022zero,
  author    = {Siyu Long and Yi Zhou and Xinyu Dai and Hao Zhou},
  booktitle = {Advances in Neural Information Processing Systems},
  title     = {Zero-Shot 3D Drug Design by Sketching and Generating},
  year      = {2022},
  editor    = {Alice H. Oh and Alekh Agarwal and Danielle Belgrave and Kyunghyun Cho},
}

@InProceedings{jing2021learning,
  author    = {Bowen Jing and Stephan Eismann and Patricia Suriana and Raphael John Lamarre Townshend and Ron Dror},
  booktitle = {11th International Conference on Learning Representations},
  title     = {Learning from Protein Structure with Geometric Vector Perceptrons},
  year      = {2021},
}

@InProceedings{xu2023,
  author    = {Xu, Minkai and Powers, Alexander S and Dror, Ron O. and Ermon, Stefano and Leskovec, Jure},
  booktitle = {Proceedings of the 40th International Conference on Machine Learning},
  title     = {Geometric Latent Diffusion Models for 3{D} Molecule Generation},
  year      = {2023},
  editor    = {Krause, Andreas and Brunskill, Emma and Cho, Kyunghyun and Engelhardt, Barbara and Sabato, Sivan and Scarlett, Jonathan},
  month     = {23--29 Jul},
  pages     = {38592--38610},
  publisher = {PMLR},
  series    = {Proceedings of Machine Learning Research},
  volume    = {202},
}

@Article{torge2023diffhopp,
  author  = {Jos Torge and Charles Harris and Simon V. Mathis and Pietro Lio},
  journal = {arXiv:2308.07416},
  title   = {DiffHopp: A Graph Diffusion Model for Novel Drug Design via Scaffold Hopping},
  year    = {2023},
}

@InProceedings{dunn2023accelerating,
  author    = {Ian Dunn and David Koes},
  booktitle = {NeurIPS 2023 Generative AI and Biology (GenBio) Workshop},
  title     = {Accelerating Inference in Molecular Diffusion Models with Latent Representations of Protein Structure},
  year      = {2023},
}

@Article{ragoza2022chemsci,
  author  = {Matthew Ragoza and Tomohide Masuda and David Ryan Koes},
  journal = {Chem. Sci.},
  title   = {{Generating 3D molecules conditional on receptor binding sites with deep generative models}},
  year    = {2022},
  month   = {Feb},
  pages   = {2701--2713},
  volume  = {13},
  day     = {7},
}

@InProceedings{liu2022,
  author    = {Liu, Meng and Luo, Youzhi and Uchino, Kanji and Maruhashi, Koji and Ji, Shuiwang},
  booktitle = {Proceedings of the 39th International Conference on Machine Learning},
  title     = {Generating 3{D} Molecules for Target Protein Binding},
  year      = {2022},
  editor    = {Chaudhuri, Kamalika and Jegelka, Stefanie and Song, Le and Szepesvari, Csaba and Niu, Gang and Sabato, Sivan},
  month     = {17--23 Jul},
  pages     = {13912--13924},
  publisher = {PMLR},
  series    = {Proceedings of Machine Learning Research},
  volume    = {162},
}

@InProceedings{xu2022geodiff,
  author    = {Minkai Xu and Lantao Yu and Yang Song and Chence Shi and Stefano Ermon and Jian Tang},
  booktitle = {12th International Conference on Learning Representations},
  title     = {GeoDiff: A Geometric Diffusion Model for Molecular Conformation Generation},
  year      = {2022},
}

@InProceedings{guan2023decompdiff,
  author    = {Guan, Jiaqi and Zhou, Xiangxin and Yang, Yuwei and Bao, Yu and Peng, Jian and Ma, Jianzhu and Liu, Qiang and Wang, Liang and Gu, Quanquan},
  booktitle = {Proceedings of the 40th International Conference on Machine Learning},
  title     = {{D}ecomp{D}iff: Diffusion Models with Decomposed Priors for Structure-Based Drug Design},
  year      = {2023},
  editor    = {Krause, Andreas and Brunskill, Emma and Cho, Kyunghyun and Engelhardt, Barbara and Sabato, Sivan and Scarlett, Jonathan},
  month     = {23--29 Jul},
  pages     = {11827--11846},
  publisher = {PMLR},
  series    = {Proceedings of Machine Learning Research},
  volume    = {202},
}

@InProceedings{Jonas20a,
  author    = {K{\"o}hler, Jonas and Klein, Leon and Noe, Frank},
  booktitle = {Proceedings of the 37th International Conference on Machine Learning},
  title     = {Equivariant Flows: Exact Likelihood Generative Learning for Symmetric Densities},
  year      = {2020},
  editor    = {III, Hal Daumé and Singh, Aarti},
  month     = {13--18 Jul},
  pages     = {5361--5370},
  publisher = {PMLR},
  series    = {Proceedings of Machine Learning Research},
  volume    = {119},
}

 
@Article{Jumper2021,
  author    = {Jumper, John and Evans, Richard and Pritzel, Alexander and Green, Tim and Figurnov, Michael and Ronneberger, Olaf and Tunyasuvunakool, Kathryn and Bates, Russ and Žídek, Augustin and Potapenko, Anna and Bridgland, Alex and Meyer, Clemens and Kohl, Simon A. A. and Ballard, Andrew J. and Cowie, Andrew and Romera-Paredes, Bernardino and Nikolov, Stanislav and Jain, Rishub and Adler, Jonas and Back, Trevor and Petersen, Stig and Reiman, David and Clancy, Ellen and Zielinski, Michal and Steinegger, Martin and Pacholska, Michalina and Berghammer, Tamas and Bodenstein, Sebastian and Silver, David and Vinyals, Oriol and Senior, Andrew W. and Kavukcuoglu, Koray and Kohli, Pushmeet and Hassabis, Demis},
  journal   = {Nat.},
  title     = {Highly accurate protein structure prediction with AlphaFold},
  year      = {2021},
  issn      = {1476-4687},
  month     = jul,
  number    = {7873},
  pages     = {583--589},
  volume    = {596},
  publisher = {Springer Science and Business Media LLC},
}

@Misc{rocs,
  author = {Openeye Scientific Software, Cadence Molecular Sciences},
  url    = {https://www.eyesopen.com/rocs},
}

 
@Article{Francoeur2020,
  author    = {Francoeur, Paul G. and Masuda, Tomohide and Sunseri, Jocelyn and Jia, Andrew and Iovanisci, Richard B. and Snyder, Ian and Koes, David R.},
  journal   = {J. Chem. Inf. Model.},
  title     = {Three-Dimensional Convolutional Neural Networks and a Cross-Docked Data Set for Structure-Based Drug Design},
  year      = {2020},
  issn      = {1549-960X},
  month     = aug,
  number    = {9},
  pages     = {4200--4215},
  volume    = {60},
  doi       = {10.1021/acs.jcim.0c00411},
  publisher = {American Chemical Society (ACS)},
}

 
@Article{Bostroem2006,
  author    = {Boström, Jonas and Hogner, Anders and Schmitt, Stefan},
  journal   = {J. Med. Chem.},
  title     = {Do Structurally Similar Ligands Bind in a Similar Fashion?},
  year      = {2006},
  issn      = {1520-4804},
  month     = oct,
  number    = {23},
  pages     = {6716--6725},
  volume    = {49},
  doi       = {10.1021/jm060167o},
  publisher = {American Chemical Society (ACS)},
}

@Article{Bickerton2012,
  author    = {Bickerton, G. Richard and Paolini, Gaia V. and Besnard, Jérémy and Muresan, Sorel and Hopkins, Andrew L.},
  journal   = {Nat. Chem.},
  title     = {Quantifying the chemical beauty of drugs},
  year      = {2012},
  issn      = {1755-4349},
  month     = jan,
  number    = {2},
  pages     = {90--98},
  volume    = {4},
  doi       = {10.1038/nchem.1243},
  publisher = {Springer Science and Business Media LLC},
}

@Article{Eberhardt2021,
  author    = {Eberhardt, Jerome and Santos-Martins, Diogo and Tillack, Andreas F. and Forli, Stefano},
  journal   = {J. Chem. Inf. Model.},
  title     = {AutoDock Vina 1.2.0: New Docking Methods, Expanded Force Field, and Python Bindings},
  year      = {2021},
  issn      = {1549-960X},
  month     = jul,
  number    = {8},
  pages     = {3891--3898},
  volume    = {61},
  doi       = {10.1021/acs.jcim.1c00203},
  publisher = {American Chemical Society (ACS)},
}

@Article{Gebauer2018,
  author  = {Gebauer, Niklas W. A. and Gastegger, Michael and Schütt, Kristof T.},
  journal = {arXiv:1810.11347},
  title   = {Generating equilibrium molecules with deep neural networks},
  year    = {2018},
  month   = {Oct.},
}

 
@Article{zinc22,
  author    = {Tingle, Benjamin I. and Tang, Khanh G. and Castanon, Mar and Gutierrez, John J. and Khurelbaatar, Munkhzul and Dandarchuluun, Chinzorig and Moroz, Yurii S. and Irwin, John J.},
  journal   = {J. Chem. Inf. Model.},
  title     = {ZINC-22-A Free Multi-Billion-Scale Database of Tangible Compounds for Ligand Discovery},
  year      = {2023},
  issn      = {1549-960X},
  month     = feb,
  number    = {4},
  pages     = {1166--1176},
  volume    = {63},
  doi       = {10.1021/acs.jcim.2c01253},
  publisher = {American Chemical Society (ACS)},
}

 
@Article{Anderson2003,
  author    = {Anderson, Amy C.},
  journal   = {Chem. Biol.},
  title     = {The Process of Structure-Based Drug Design},
  year      = {2003},
  issn      = {1074-5521},
  month     = sep,
  number    = {9},
  pages     = {787--797},
  volume    = {10},
  doi       = {10.1016/j.chembiol.2003.09.002},
  publisher = {Elsevier BV},
}

@Article{Acharya2011,
  author    = {Chayan Acharya and Andrew Coop and James E. Polli and Alexander D. MacKerell},
  journal   = {Curr. Comput. Aided Drug Des.},
  title     = {Recent Advances in Ligand-Based Drug Design: Relevance and Utility of the Conformationally Sampled Pharmacophore Approach},
  year      = {2011},
  issn      = {1573-4099},
  month     = {mar},
  number    = {1},
  pages     = {10--22},
  volume    = {7},
  doi       = {10.2174/157340911793743547},
  publisher = {Bentham Science Publishers Ltd.},
}

 
@Article{Kumar2018,
  author    = {Kumar, Ashutosh and Zhang, Kam Y. J.},
  journal   = {Frontiers in Chemistry},
  title     = {Advances in the Development of Shape Similarity Methods and Their Application in Drug Discovery},
  year      = {2018},
  issn      = {2296-2646},
  month     = jul,
  volume    = {6},
  doi       = {10.3389/fchem.2018.00315},
  publisher = {Frontiers Media SA},
}

 
@Article{Ballester2009,
  author    = {Ballester, Pedro J. and Finn, Paul W. and Richards, W. Graham},
  journal   = {Journal of Molecular Graphics and Modelling},
  title     = {Ultrafast shape recognition: Evaluating a new ligand-based virtual screening technology},
  year      = {2009},
  issn      = {1093-3263},
  month     = apr,
  number    = {7},
  pages     = {836--845},
  volume    = {27},
  doi       = {10.1016/j.jmgm.2009.01.001},
  publisher = {Elsevier BV},
}

 
@Article{Hughes2011,
  author    = {Hughes, JP and Rees, S and Kalindjian, SB and Philpott, KL},
  journal   = {British Journal of Pharmacology},
  title     = {Principles of early drug discovery},
  year      = {2011},
  issn      = {1476-5381},
  month     = feb,
  number    = {6},
  pages     = {1239--1249},
  volume    = {162},
  doi       = {10.1111/j.1476-5381.2010.01127.x},
  publisher = {Wiley},
}

 
@Article{Wouters2020,
  author    = {Wouters, Olivier J. and McKee, Martin and Luyten, Jeroen},
  journal   = {JAMA},
  title     = {Estimated Research and Development Investment Needed to Bring a New Medicine to Market, 2009-2018},
  year      = {2020},
  issn      = {0098-7484},
  month     = mar,
  number    = {9},
  pages     = {844},
  volume    = {323},
  doi       = {10.1001/jama.2020.1166},
  publisher = {American Medical Association (AMA)},
}

 
@Article{Shoichet2004,
  author    = {Shoichet, Brian K.},
  journal   = {Nat.},
  title     = {Virtual screening of chemical libraries},
  year      = {2004},
  issn      = {1476-4687},
  month     = dec,
  number    = {7019},
  pages     = {862--865},
  volume    = {432},
  publisher = {Springer Science and Business Media LLC},
}

 
@Article{Wolber2004,
  author    = {Wolber, Gerhard and Langer, Thierry},
  journal   = {J. Chem. Inf. Model.},
  title     = {LigandScout: 3-D Pharmacophores Derived from Protein-Bound Ligands and Their Use as Virtual Screening Filters},
  year      = {2004},
  issn      = {1549-960X},
  month     = nov,
  number    = {1},
  pages     = {160--169},
  volume    = {45},
  doi       = {10.1021/ci049885e},
  publisher = {American Chemical Society (ACS)},
}

 
@Article{Naylor2009,
  author    = {Naylor, Edmund and Arredouani, Abdelilah and Vasudevan, Sridhar R and Lewis, Alexander M and Parkesh, Raman and Mizote, Akiko and Rosen, Daniel and Thomas, Justyn M and Izumi, Minoru and Ganesan, A and Galione, Antony and Churchill, Grant C},
  journal   = {Nat. Chem. Biol.},
  title     = {Identification of a chemical probe for NAADP by virtual screening},
  year      = {2009},
  issn      = {1552-4469},
  month     = feb,
  number    = {4},
  pages     = {220--226},
  volume    = {5},
  doi       = {10.1038/nchembio.150},
  publisher = {Springer Science and Business Media LLC},
}

 
@Article{Ertl2009,
  author    = {Ertl, Peter and Schuffenhauer, Ansgar},
  journal   = {J. Cheminform.},
  title     = {Estimation of synthetic accessibility score of drug-like molecules based on molecular complexity and fragment contributions},
  year      = {2009},
  issn      = {1758-2946},
  month     = jun,
  number    = {1},
  pages     = {8},
  volume    = {1},
  publisher = {Springer Science and Business Media LLC},
}

 
@Article{Ravindranath2015,
  author    = {Ravindranath, Pradeep Anand and Forli, Stefano and Goodsell, David S. and Olson, Arthur J. and Sanner, Michel F.},
  journal   = {PLOS Computational Biology},
  title     = {AutoDockFR: Advances in Protein-Ligand Docking with Explicitly Specified Binding Site Flexibility},
  year      = {2015},
  issn      = {1553-7358},
  month     = dec,
  number    = {12},
  pages     = {e1004586},
  volume    = {11},
  doi       = {10.1371/journal.pcbi.1004586},
  editor    = {Fetrow, Jacquelyn S.},
  publisher = {Public Library of Science (PLoS)},
}

@Article{Tatulian2022,
  author    = {Tatulian, Suren A.},
  journal   = {Drug Discovery Today},
  title     = {Challenges and hopes for Alzheimer’s disease},
  year      = {2022},
  issn      = {1359-6446},
  month     = apr,
  number    = {4},
  pages     = {1027--1043},
  volume    = {27},
  doi       = {10.1016/j.drudis.2022.01.016},
  publisher = {Elsevier BV},
}

@Article{Li2022,
  author    = {Li, Yueshan and Zhang, Liting and Wang, Yifei and Zou, Jun and Yang, Ruicheng and Luo, Xinling and Wu, Chengyong and Yang, Wei and Tian, Chenyu and Xu, Haixing and Wang, Falu and Yang, Xin and Li, Linli and Yang, Shengyong},
  journal   = {Nat. Commun.},
  title     = {Generative deep learning enables the discovery of a potent and selective RIPK1 inhibitor},
  year      = {2022},
  issn      = {2041-1723},
  month     = nov,
  number    = {1},
  volume    = {13},
  doi       = {10.1038/s41467-022-34692-w},
  publisher = {Springer Science and Business Media LLC},
}

@Article{schneuing2022structure,
  author  = {Schneuing, Arne and Du, Yuanqi and Harris, Charles and Jamasb, Arian and Igashov, Ilia and Du, Weitao and Blundell, Tom and Li{\'o}, Pietro and Gomes, Carla and Welling, Max and Bronstein, Michael and Correia, Bruno},
  journal = {arXiv:2210.13695},
  title   = {Structure-based Drug Design with Equivariant Diffusion Models},
  year    = {2022},
}

@Article{Skalic2019,
  author    = {Skalic, Miha and Jiménez, José and Sabbadin, Davide and De Fabritiis, Gianni},
  journal   = {J. Chem. Inf. Model.},
  title     = {Shape-Based Generative Modeling for de Novo Drug Design},
  year      = {2019},
  issn      = {1549-960X},
  month     = feb,
  number    = {3},
  pages     = {1205--1214},
  volume    = {59},
  doi       = {10.1021/acs.jcim.8b00706},
  publisher = {American Chemical Society (ACS)},
}

@InProceedings{corso2023diffdock,
  author    = {Gabriele Corso and Hannes St{\"a}rk and Bowen Jing and Regina Barzilay and Tommi S. Jaakkola},
  booktitle = {11th International Conference on Learning Representations},
  title     = {DiffDock: Diffusion Steps, Twists, and Turns for Molecular Docking},
  year      = {2023},
}

@Article{Karelina2023,
  author    = {Karelina, Masha and Noh, Joseph J and Dror, Ron O},
  journal   = {eLife},
  title     = {How accurately can one predict drug binding modes using AlphaFold models?},
  year      = {2023},
  issn      = {2050-084X},
  month     = dec,
  volume    = {12},
  doi       = {10.7554/elife.89386},
  publisher = {eLife Sciences Publications, Ltd},
}

@Article{Buttenschoen2024,
  author    = {Buttenschoen, Martin and Morris, Garrett M. and Deane, Charlotte M.},
  journal   = {Chemical Science},
  title     = {PoseBusters: AI-based docking methods fail to generate physically valid poses or generalise to novel sequences},
  year      = {2024},
  issn      = {2041-6539},
  number    = {9},
  pages     = {3130--3139},
  volume    = {15},
  doi       = {10.1039/d3sc04185a},
  publisher = {Royal Society of Chemistry (RSC)},
}

@Article{Mendez2018,
  author    = {Mendez, David and Gaulton, Anna and Bento, A Patrícia and Chambers, Jon and De Veij, Marleen and Félix, Eloy and Magariños, María Paula and Mosquera, Juan F and Mutowo, Prudence and Nowotka, Michał and Gordillo-Marañón, María and Hunter, Fiona and Junco, Laura and Mugumbate, Grace and Rodriguez-Lopez, Milagros and Atkinson, Francis and Bosc, Nicolas and Radoux, Chris J and Segura-Cabrera, Aldo and Hersey, Anne and Leach, Andrew R},
  journal   = {Nucleic Acids Res.},
  title     = {ChEMBL: towards direct deposition of bioassay data},
  year      = {2018},
  issn      = {1362-4962},
  month     = nov,
  number    = {D1},
  pages     = {D930–D940},
  volume    = {47},
  doi       = {10.1093/nar/gky1075},
  publisher = {Oxford University Press (OUP)},
}

 
@Article{Zhavoronkov2019,
  author    = {Zhavoronkov, Alex and Ivanenkov, Yan A. and Aliper, Alex and Veselov, Mark S. and Aladinskiy, Vladimir A. and Aladinskaya, Anastasiya V. and Terentiev, Victor A. and Polykovskiy, Daniil A. and Kuznetsov, Maksim D. and Asadulaev, Arip and Volkov, Yury and Zholus, Artem and Shayakhmetov, Rim R. and Zhebrak, Alexander and Minaeva, Lidiya I. and Zagribelnyy, Bogdan A. and Lee, Lennart H. and Soll, Richard and Madge, David and Xing, Li and Guo, Tao and Aspuru-Guzik, Alán},
  journal   = {Nat. Biotechnol.},
  title     = {Deep learning enables rapid identification of potent DDR1 kinase inhibitors},
  year      = {2019},
  issn      = {1546-1696},
  month     = sep,
  number    = {9},
  pages     = {1038--1040},
  volume    = {37},
  doi       = {10.1038/s41587-019-0224-x},
  publisher = {Springer Science and Business Media LLC},
}

 
@InBook{Yu2016,
  author    = {Yu, Wenbo and MacKerell, Alexander D.},
  pages     = {85--106},
  publisher = {Springer New York},
  title     = {Computer-Aided Drug Design Methods},
  year      = {2016},
  isbn      = {9781493966349},
  month     = nov,
  booktitle = {Antibiotics},
  doi       = {10.1007/978-1-4939-6634-9_5},
  issn      = {1940-6029},
}

@Article{Sun2022,
  author    = {Sun, Duxin and Gao, Wei and Hu, Hongxiang and Zhou, Simon},
  journal   = {Acta Pharm. Sin. B.},
  title     = {Why 90\% of clinical drug development fails and how to improve it?},
  year      = {2022},
  issn      = {2211-3835},
  month     = jul,
  number    = {7},
  pages     = {3049--3062},
  volume    = {12},
  doi       = {10.1016/j.apsb.2022.02.002},
  publisher = {Elsevier BV},
}

@Article{Gimeno2019,
  author    = {Gimeno, Aleix and Ojeda-Montes, María and Tomás-Hernández, Sarah and Cereto-Massagué, Adrià and Beltrán-Debón, Raúl and Mulero, Miquel and Pujadas, Gerard and Garcia-Vallvé, Santiago},
  journal   = {Int. J. Mol. Sci.},
  title     = {The Light and Dark Sides of Virtual Screening: What Is There to Know?},
  year      = {2019},
  issn      = {1422-0067},
  month     = mar,
  number    = {6},
  pages     = {1375},
  volume    = {20},
  doi       = {10.3390/ijms20061375},
  publisher = {MDPI AG},
}

@Article{OpenAI2023,
  author  = {OpenAI and Achiam, Josh and Adler, Steven and Agarwal, Sandhini and Ahmad, Lama and Akkaya, Ilge and Aleman, Florencia Leoni and Almeida, Diogo and Altenschmidt, Janko and Altman, Sam and Anadkat, Shyamal and Avila, Red and Babuschkin, Igor and Balaji, Suchir and Balcom, Valerie and Baltescu, Paul and Bao, Haiming and Bavarian, Mohammad and Belgum, Jeff and Bello, Irwan and Berdine, Jake and Bernadett-Shapiro, Gabriel and Berner, Christopher and Bogdonoff, Lenny and Boiko, Oleg and Boyd, Madelaine and Brakman, Anna-Luisa and Brockman, Greg and Brooks, Tim and Brundage, Miles and Button, Kevin and Cai, Trevor and Campbell, Rosie and Cann, Andrew and Carey, Brittany and Carlson, Chelsea and Carmichael, Rory and Chan, Brooke and Chang, Che and Chantzis, Fotis and Chen, Derek and Chen, Sully and Chen, Ruby and Chen, Jason and Chen, Mark and Chess, Ben and Cho, Chester and Chu, Casey and Chung, Hyung Won and Cummings, Dave and Currier, Jeremiah and Dai, Yunxing and Decareaux, Cory and Degry, Thomas and Deutsch, Noah and Deville, Damien and Dhar, Arka and Dohan, David and Dowling, Steve and Dunning, Sheila and Ecoffet, Adrien and Eleti, Atty and Eloundou, Tyna and Farhi, David and Fedus, Liam and Felix, Niko and Fishman, Simón Posada and Forte, Juston and Fulford, Isabella and Gao, Leo and Georges, Elie and Gibson, Christian and Goel, Vik and Gogineni, Tarun and Goh, Gabriel and Gontijo-Lopes, Rapha and Gordon, Jonathan and Grafstein, Morgan and Gray, Scott and Greene, Ryan and Gross, Joshua and Gu, Shixiang Shane and Guo, Yufei and Hallacy, Chris and Han, Jesse and Harris, Jeff and He, Yuchen and Heaton, Mike and Heidecke, Johannes and Hesse, Chris and Hickey, Alan and Hickey, Wade and Hoeschele, Peter and Houghton, Brandon and Hsu, Kenny and Hu, Shengli and Hu, Xin and Huizinga, Joost and Jain, Shantanu and Jain, Shawn and Jang, Joanne and Jiang, Angela and Jiang, Roger and Jin, Haozhun and Jin, Denny and Jomoto, Shino and Jonn, Billie and Jun, Heewoo and Kaftan, Tomer and Kaiser, Łukasz and Kamali, Ali and Kanitscheider, Ingmar and Keskar, Nitish Shirish and Khan, Tabarak and Kilpatrick, Logan and Kim, Jong Wook and Kim, Christina and Kim, Yongjik and Kirchner, Jan Hendrik and Kiros, Jamie and Knight, Matt and Kokotajlo, Daniel and Kondraciuk, Łukasz and Kondrich, Andrew and Konstantinidis, Aris and Kosic, Kyle and Krueger, Gretchen and Kuo, Vishal and Lampe, Michael and Lan, Ikai and Lee, Teddy and Leike, Jan and Leung, Jade and Levy, Daniel and Li, Chak Ming and Lim, Rachel and Lin, Molly and Lin, Stephanie and Litwin, Mateusz and Lopez, Theresa and Lowe, Ryan and Lue, Patricia and Makanju, Anna and Malfacini, Kim and Manning, Sam and Markov, Todor and Markovski, Yaniv and Martin, Bianca and Mayer, Katie and Mayne, Andrew and McGrew, Bob and McKinney, Scott Mayer and McLeavey, Christine and McMillan, Paul and McNeil, Jake and Medina, David and Mehta, Aalok and Menick, Jacob and Metz, Luke and Mishchenko, Andrey and Mishkin, Pamela and Monaco, Vinnie and Morikawa, Evan and Mossing, Daniel and Mu, Tong and Murati, Mira and Murk, Oleg and Mély, David and Nair, Ashvin and Nakano, Reiichiro and Nayak, Rajeev and Neelakantan, Arvind and Ngo, Richard and Noh, Hyeonwoo and Ouyang, Long and O'Keefe, Cullen and Pachocki, Jakub and Paino, Alex and Palermo, Joe and Pantuliano, Ashley and Parascandolo, Giambattista and Parish, Joel and Parparita, Emy and Passos, Alex and Pavlov, Mikhail and Peng, Andrew and Perelman, Adam and Peres, Filipe de Avila Belbute and Petrov, Michael and Pinto, Henrique Ponde de Oliveira and Michael, and {Pokorny} and Pokrass, Michelle and Pong, Vitchyr H. and Powell, Tolly and Power, Alethea and Power, Boris and Proehl, Elizabeth and Puri, Raul and Radford, Alec and Rae, Jack and Ramesh, Aditya and Raymond, Cameron and Real, Francis and Rimbach, Kendra and Ross, Carl and Rotsted, Bob and Roussez, Henri and Ryder, Nick and Saltarelli, Mario and Sanders, Ted and Santurkar, Shibani and Sastry, Girish and Schmidt, Heather and Schnurr, David and Schulman, John and Selsam, Daniel and Sheppard, Kyla and Sherbakov, Toki and Shieh, Jessica and Shoker, Sarah and Shyam, Pranav and Sidor, Szymon and Sigler, Eric and Simens, Maddie and Sitkin, Jordan and Slama, Katarina and Sohl, Ian and Sokolowsky, Benjamin and Song, Yang and Staudacher, Natalie and Such, Felipe Petroski and Summers, Natalie and Sutskever, Ilya and Tang, Jie and Tezak, Nikolas and Thompson, Madeleine B. and Tillet, Phil and Tootoonchian, Amin and Tseng, Elizabeth and Tuggle, Preston and Turley, Nick and Tworek, Jerry and Uribe, Juan Felipe Cerón and Vallone, Andrea and Vijayvergiya, Arun and Voss, Chelsea and Wainwright, Carroll and Wang, Justin Jay and Wang, Alvin and Wang, Ben and Ward, Jonathan and Wei, Jason and Weinmann, CJ and Welihinda, Akila and Welinder, Peter and Weng, Jiayi and Weng, Lilian and Wiethoff, Matt and Willner, Dave and Winter, Clemens and Wolrich, Samuel and Wong, Hannah and Workman, Lauren and Wu, Sherwin and Wu, Jeff and Wu, Michael and Xiao, Kai and Xu, Tao and Yoo, Sarah and Yu, Kevin and Yuan, Qiming and Zaremba, Wojciech and Zellers, Rowan and Zhang, Chong and Zhang, Marvin and Zhao, Shengjia and Zheng, Tianhao and Zhuang, Juntang and Zhuk, William and Zoph, Barret},
  journal = {arXiv:2303.08774},
  title   = {{GPT-4} Technical Report},
  year    = {2023},
}

@Article{Yu2024,
  author   = {Botao Yu and Frazier N. Baker and Ziqi Chen and Xia Ning and Huan Sun},
  journal  = {arXiv:2402.09391},
  title    = {LlaSMol: Advancing Large Language Models for Chemistry with a Large-Scale, Comprehensive, High-Quality Instruction Tuning Dataset},
  year     = {2024},
  keywords = {cs.AI, cs.CE, cs.CL},
}

@InProceedings{liu2024conversational,
  author    = {Shengchao Liu and Jiongxiao Wang and Yijin Yang and Chengpeng Wang and Ling Liu and Hongyu Guo and Chaowei Xiao},
  booktitle = {12th International Conference on Learning Representations},
  title     = {Conversational Drug Editing Using Retrieval and Domain Feedback},
  year      = {2024},
}

 
@Article{Lin2003,
  author    = {Lin, Jing and Sahakian, Diana and de Morais, Sonia and Xu, Jinghai and Polzer, Robert and Winter, Steven},
  journal   = {Curr. Top. Med. Chem.},
  title     = {The Role of Absorption, Distribution, Metabolism, Excretion and Toxicity in Drug Discovery},
  year      = {2003},
  issn      = {1568-0266},
  month     = may,
  number    = {10},
  pages     = {1125--1154},
  volume    = {3},
  doi       = {10.2174/1568026033452096},
  publisher = {Bentham Science Publishers Ltd.},
}

 
@Article{Chen2023,
  author    = {Chen, Ziqi and Ayinde, Oluwatosin R. and Fuchs, James R. and Sun, Huan and Ning, Xia},
  journal   = {Commun. Chem.},
  title     = {G2Retro as a two-step graph generative models for retrosynthesis prediction},
  year      = {2023},
  issn      = {2399-3669},
  month     = may,
  number    = {1},
  pages     = {102},
  volume    = {6},
  doi       = {10.1038/s42004-023-00897-3},
  publisher = {Springer Science and Business Media LLC},
}

 
@Article{Gao2020,
  author    = {Gao, Wenhao and Coley, Connor W.},
  journal   = {J. Chem. Inf. Model.},
  title     = {The Synthesizability of Molecules Proposed by Generative Models},
  year      = {2020},
  issn      = {1549-960X},
  month     = apr,
  number    = {12},
  pages     = {5714--5723},
  volume    = {60},
  doi       = {10.1021/acs.jcim.0c00174},
  publisher = {American Chemical Society (ACS)},
}

 
@Article{Yang2018admetsar,
  author    = {Yang, Hongbin and Lou, Chaofeng and Sun, Lixia and Li, Jie and Cai, Yingchun and Wang, Zhuang and Li, Weihua and Liu, Guixia and Tang, Yun},
  journal   = {Bioinform.},
  title     = {admetSAR 2.0: web-service for prediction and optimization of chemical ADMET properties},
  year      = {2018},
  issn      = {1367-4811},
  month     = aug,
  number    = {6},
  pages     = {1067--1069},
  volume    = {35},
  doi       = {10.1093/bioinformatics/bty707},
  editor    = {Wren, Jonathan},
  publisher = {Oxford University Press (OUP)},
}

 
@Article{Tadesse2015,
  author    = {Tadesse, Solomon and Yu, Mingfeng and Kumarasiri, Malika and Le, Bich Thuy and Wang, Shudong},
  journal   = {Cell Cycle},
  title     = {Targeting CDK6 in cancer: State of the art and new insights},
  year      = {2015},
  issn      = {1551-4005},
  month     = oct,
  number    = {20},
  pages     = {3220--3230},
  volume    = {14},
  doi       = {10.1080/15384101.2015.1084445},
  publisher = {Informa UK Limited},
}

 
@Article{ElAmouri2008,
  author    = {El-Amouri, Salim S. and Zhu, Hong and Yu, Jin and Marr, Robert and Verma, Inder M. and Kindy, Mark S.},
  journal   = {Am. J. Pathol.},
  title     = {Neprilysin: An Enzyme Candidate to Slow the Progression of Alzheimer’s Disease},
  year      = {2008},
  issn      = {0002-9440},
  month     = may,
  number    = {5},
  pages     = {1342--1354},
  volume    = {172},
  doi       = {10.2353/ajpath.2008.070620},
  publisher = {Elsevier BV},
}

 
@Misc{Oefner2004,
  author    = {Oefner, C. and Roques, B.P. and Fournie-Zaluski, M.C. and Dale, G.E.},
  month     = sep,
  title     = {STRUCTURAL ANALYSIS OF NEPRILYSIN WITH VARIOUS SPECIFIC AND POTENT INHIBITORS},
  year      = {2004},
  doi       = {10.2210/pdb1r1h/pdb},
  publisher = {Worldwide Protein Data Bank},
}

 
@Article{Berman2000,
  author    = {Berman, H. M.},
  journal   = {Nucleic Acids Res.},
  title     = {The Protein Data Bank},
  year      = {2000},
  issn      = {1362-4962},
  month     = jan,
  number    = {1},
  pages     = {235--242},
  volume    = {28},
  doi       = {10.1093/nar/28.1.235},
  publisher = {Oxford University Press (OUP)},
}

 
@Article{Burley2022,
  author    = {Burley, Stephen K and Bhikadiya, Charmi and Bi, Chunxiao and Bittrich, Sebastian and Chao, Henry and Chen, Li and Craig, Paul A and Crichlow, Gregg V and Dalenberg, Kenneth and Duarte, Jose M and Dutta, Shuchismita and Fayazi, Maryam and Feng, Zukang and Flatt, Justin W and Ganesan, Sai and Ghosh, Sutapa and Goodsell, David S and Green, Rachel Kramer and Guranovic, Vladimir and Henry, Jeremy and Hudson, Brian P and Khokhriakov, Igor and Lawson, Catherine L and Liang, Yuhe and Lowe, Robert and Peisach, Ezra and Persikova, Irina and Piehl, Dennis W and Rose, Yana and Sali, Andrej and Segura, Joan and Sekharan, Monica and Shao, Chenghua and Vallat, Brinda and Voigt, Maria and Webb, Ben and Westbrook, John D and Whetstone, Shamara and Young, Jasmine Y and Zalevsky, Arthur and Zardecki, Christine},
  journal   = {Nucleic Acids Res.},
  title     = {RCSB Protein Data Bank (RCSB.org): delivery of experimentally-determined PDB structures alongside one million computed structure models of proteins from artificial intelligence/machine learning},
  year      = {2022},
  issn      = {1362-4962},
  month     = nov,
  number    = {D1},
  pages     = {D488--D508},
  volume    = {51},
  doi       = {10.1093/nar/gkac1077},
  publisher = {Oxford University Press (OUP)},
}

 
@Article{Patnaik2016,
  author    = {Patnaik, Amita and Rosen, Lee S. and Tolaney, Sara M. and Tolcher, Anthony W. and Goldman, Jonathan W. and Gandhi, Leena and Papadopoulos, Kyriakos P. and Beeram, Muralidhar and Rasco, Drew W. and Hilton, John F. and Nasir, Aejaz and Beckmann, Richard P. and Schade, Andrew E. and Fulford, Angie D. and Nguyen, Tuan S. and Martinez, Ricardo and Kulanthaivel, Palaniappan and Li, Lily Q. and Frenzel, Martin and Cronier, Damien M. and Chan, Edward M. and Flaherty, Keith T. and Wen, Patrick Y. and Shapiro, Geoffrey I.},
  journal   = {Cancer Discov.},
  title     = {Efficacy and Safety of Abemaciclib, an Inhibitor of CDK4 and CDK6, for Patients with Breast Cancer, Non–Small Cell Lung Cancer, and Other Solid Tumors},
  year      = {2016},
  issn      = {2159-8290},
  month     = jun,
  number    = {7},
  pages     = {740--753},
  volume    = {6},
  doi       = {10.1158/2159-8290.cd-16-0095},
  publisher = {American Association for Cancer Research (AACR)},
}

 
@Article{Lu2015,
  author    = {Lu, Janice},
  journal   = {J. Hematol. Oncol.},
  title     = {Palbociclib: a first-in-class CDK4/CDK6 inhibitor for the treatment of hormone-receptor positive advanced breast cancer},
  year      = {2015},
  issn      = {1756-8722},
  month     = aug,
  number    = {1},
  pages     = {98},
  volume    = {8},
  doi       = {10.1186/s13045-015-0194-5},
  publisher = {Springer Science and Business Media LLC},
}

 
@Article{Tripathy2017,
  author    = {Tripathy, Debu and Bardia, Aditya and Sellers, William R.},
  journal   = {Clin. Cancer Res.},
  title     = {Ribociclib (LEE011): Mechanism of Action and Clinical Impact of This Selective Cyclin-Dependent Kinase 4/6 Inhibitor in Various Solid Tumors},
  year      = {2017},
  issn      = {1557-3265},
  month     = mar,
  number    = {13},
  pages     = {3251--3262},
  volume    = {23},
  doi       = {10.1158/1078-0432.ccr-16-3157},
  publisher = {American Association for Cancer Research (AACR)},
}

 
@Article{Benigni2010,
  author    = {Benigni, Romualdo and Bossa, Cecilia and Tcheremenskaia, Olga and Giuliani, Alessandro},
  journal   = {Expert Opin. Drug Metab. Toxicol.},
  title     = {Alternatives to the carcinogenicity bioassay:in silicomethods, and thein vitroandin vivomutagenicity assays},
  year      = {2010},
  issn      = {1744-7607},
  month     = may,
  number    = {7},
  pages     = {809--819},
  volume    = {6},
  doi       = {10.1517/17425255.2010.486400},
  publisher = {Informa Healthcare},
}

 
@Article{Soo2018,
  author    = {Soo, Joanne Y.-C. and Jansen, Jitske and Masereeuw, Rosalinde and Little, Melissa H.},
  journal   = {Nat. Rev. Nephrol.},
  title     = {Advances in predictive in vitro models of drug-induced nephrotoxicity},
  year      = {2018},
  issn      = {1759-507X},
  month     = apr,
  number    = {6},
  pages     = {378--393},
  volume    = {14},
  doi       = {10.1038/s41581-018-0003-9},
  publisher = {Springer Science and Business Media LLC},
}

@Article{Hansen2008,
  author    = {Hansen, Richard A and Gartlehner, Gerald and Webb, Aaron P and Morgan, Laura C and Moore, Charity G and Jonas, Daniel E},
  journal   = {Clin. Interv. Aging},
  title     = {Efficacy and safety of donepezil, galantamine, and rivastigmine for the treatment of Alzheimer’s disease: a systematic review and meta-analysis},
  year      = {2008},
  number    = {2},
  pages     = {211--225},
  volume    = {3},
  publisher = {Dove Medical Press},
}

 
@Article{Deane2007,
  author    = {Deane, Rashid and Zlokovic, Berislav},
  journal   = {Curr. Alzheimer Res.},
  title     = {Role of the Blood-Brain Barrier in the Pathogenesis of Alzheimers Disease},
  year      = {2007},
  issn      = {1567-2050},
  month     = apr,
  number    = {2},
  pages     = {191--197},
  volume    = {4},
  doi       = {10.2174/156720507780362245},
  publisher = {Bentham Science Publishers Ltd.},
}

 
@Article{Ferreira2015,
  author    = {Ferreira, Leonardo and dos Santos, Ricardo and Oliva, Glaucius and Andricopulo, Adriano},
  journal   = {Molecules},
  title     = {Molecular Docking and Structure-Based Drug Design Strategies},
  year      = {2015},
  issn      = {1420-3049},
  month     = jul,
  number    = {7},
  pages     = {13384--13421},
  volume    = {20},
  doi       = {10.3390/molecules200713384},
  publisher = {MDPI AG},
}

 
@Article{Neves2012,
  author    = {Neves, Marco A. C. and Totrov, Maxim and Abagyan, Ruben},
  journal   = {J. Comput. Aided Mol. Des.},
  title     = {Docking and scoring with ICM: the benchmarking results and strategies for improvement},
  year      = {2012},
  issn      = {1573-4951},
  month     = may,
  number    = {6},
  pages     = {675--686},
  volume    = {26},
  publisher = {Springer Science and Business Media LLC},
}

 
@Article{Du2016,
  author    = {Du, Xing and Li, Yi and Xia, Yuan-Ling and Ai, Shi-Meng and Liang, Jing and Sang, Peng and Ji, Xing-Lai and Liu, Shu-Qun},
  journal   = {Int. J. Mol. Sci.},
  title     = {Insights into Protein–Ligand Interactions: Mechanisms, Models, and Methods},
  year      = {2016},
  issn      = {1422-0067},
  month     = jan,
  number    = {2},
  pages     = {144},
  volume    = {17},
  doi       = {10.3390/ijms17020144},
  publisher = {MDPI AG},
}

@Article{Halgren1996,
  author  = {Halgren, Thomas A.},
  journal = {J. Comput. Chem.},
  title   = {Merck molecular force field. I. Basis, form, scope, parameterization, and performance of MMFF94},
  year    = {1996},
  number  = {5-6},
  pages   = {490-519},
  volume  = {17},
}

@Misc{logs,
  author = {Organic Chemistry Portal},
  title  = {logS Calculation},
  url    = {https://www.organic-chemistry.org/prog/peo/logS.html},
}

 
@Article{Cho2013,
  author    = {Cho, Young Shin and Angove, Hayley and Brain, Christopher and Chen, Christine Hiu-Tung and Cheng, Hong and Cheng, Robert and Chopra, Rajiv and Chung, Kristy and Congreve, Miles and Dagostin, Claudio and Davis, Deborah J. and Feltell, Ruth and Giraldes, John and Hiscock, Steven D. and Kim, Sunkyu and Kovats, Steven and Lagu, Bharat and Lewry, Kim and Loo, Alice and Lu, Yipin and Luzzio, Michael and Maniara, Wiesia and McMenamin, Rachel and Mortenson, Paul N. and Benning, Rajdeep and O’Reilly, Marc and Rees, David C. and Shen, Junqing and Smith, Troy and Wang, Yaping and Williams, Glyn and Woolford, Alison J.-A. and Wrona, Wojciech and Xu, Mei and Yang, Fan and Howard, Steven},
  journal   = {ACS Medicinal Chemistry Letters},
  title     = {Fragment-Based Discovery of 7-Azabenzimidazoles as Potent, Highly Selective, and Orally Active CDK4/6 Inhibitors},
  year      = {2012},
  issn      = {1948-5875},
  month     = may,
  number    = {6},
  pages     = {445--449},
  volume    = {3},
  doi       = {10.1021/ml200241a},
  publisher = {American Chemical Society (ACS)},
}

@Article{Hawkins2006,
  author    = {Paul C. D. Hawkins and A. Geoffrey Skillman and Anthony Nicholls},
  journal   = {J. Med. Chem.},
  title     = {Comparison of Shape-Matching and Docking as Virtual Screening Tools},
  year      = {2006},
  issn      = {1520-4804},
  month     = {dec},
  number    = {1},
  pages     = {74--82},
  volume    = {50},
  publisher = {American Chemical Society ({ACS})},
}

 
@Article{Lipinski1997,
  author    = {Lipinski, Christopher A. and Lombardo, Franco and Dominy, Beryl W. and Feeney, Paul J.},
  journal   = {Adv. Drug Deliv. Rev.},
  title     = {Experimental and computational approaches to estimate solubility and permeability in drug discovery and development settings},
  year      = {1997},
  issn      = {0169-409X},
  month     = jan,
  number    = {1–3},
  pages     = {3--25},
  volume    = {23},
  publisher = {Elsevier BV},
}

@Article{Chen2023ShapeMol,
  author    = {Chen, Ziqi and Peng, Bo and Parthasarathy, Srinivasan and Ning, Xia},
  journal   = {arXiv:2403.12987},
  title     = {Shape-conditioned 3D Molecule Generation via Equivariant Diffusion Models},
  year      = {2023},
  publisher = {arXiv},
}

 
@Article{Xiong2021,
  author    = {Xiong, Guoli and Wu, Zhenxing and Yi, Jiacai and Fu, Li and Yang, Zhijiang and Hsieh, Changyu and Yin, Mingzhu and Zeng, Xiangxiang and Wu, Chengkun and Lu, Aiping and Chen, Xiang and Hou, Tingjun and Cao, Dongsheng},
  journal   = {Nucleic Acids Research},
  title     = {ADMETlab 2.0: an integrated online platform for accurate and comprehensive predictions of ADMET properties},
  year      = {2021},
  issn      = {1362-4962},
  month     = apr,
  number    = {W1},
  pages     = {W5--W14},
  volume    = {49},
  doi       = {10.1093/nar/gkab255},
  publisher = {Oxford University Press (OUP)},
}

@Article{Harris2023,
  author    = {Harris, Charles and Didi, Kieran and Jamasb, Arian R. and Joshi, Chaitanya K. and Mathis, Simon V. and Lio, Pietro and Blundell, Tom},
  journal   = {arXiv:2308.07413},
  title     = {Benchmarking Generated Poses: How Rational is Structure-based Drug Design with Generative Models?},
  year      = {2023},
  publisher = {arXiv},
}

@Misc{rgdscienceQEDthreshold,
  title   = {Molecular Descriptors & Ligand Efficiency Metrics Table},
  authors = {Tim Ritchie, Rick Cousins, Simon Macdonald, Richard Hatley},
  url     = {https://www.rgdscience.com/index.php/molecular-descriptors-ligand-efficiency-metrics/},
}

@Article{Atz2021,
  author    = {Atz, Kenneth and Grisoni, Francesca and Schneider, Gisbert},
  journal   = {Nat. Mach. Intell.},
  title     = {Geometric deep learning on molecular representations},
  year      = {2021},
  issn      = {2522-5839},
  month     = dec,
  number    = {12},
  pages     = {1023--1032},
  volume    = {3},
  doi       = {10.1038/s42256-021-00418-8},
  publisher = {Springer Science and Business Media LLC},
}

 
@Article{Hu2023,
  author    = {Hu, Chao and Li, Song and Yang, Chenxing and Chen, Jun and Xiong, Yi and Fan, Guisheng and Liu, Hao and Hong, Liang},
  journal   = {Journal of Cheminformatics},
  title     = {ScaffoldGVAE: scaffold generation and hopping of drug molecules via a variational autoencoder based on multi-view graph neural networks},
  year      = {2023},
  issn      = {1758-2946},
  month     = oct,
  number    = {1},
  volume    = {15},
  doi       = {10.1186/s13321-023-00766-0},
  publisher = {Springer Science and Business Media LLC},
}

@InProceedings{zhou2024decompopt,
  author    = {Xiangxin Zhou and Xiwei Cheng and Yuwei Yang and Yu Bao and Liang Wang and Quanquan Gu},
  booktitle = {The Twelfth International Conference on Learning Representations},
  title     = {DecompOpt: Controllable and Decomposed Diffusion Models for Structure-based Molecular Optimization},
  year      = {2024},
  url       = {https://openreview.net/forum?id=Y3BbxvAQS9},
}

@Comment{jabref-meta: databaseType:bibtex;}
