@article{liu2023large,
  title={Large language models are few-shot health learners},
  author={Liu, X. and McDuff, D. and Kovacs, G. and Galatzer-Levy, I. and Sunshine, J. and Zhan, J. and Poh, M. and Liao, S. and Di Achille, P. and Patel, S.},
  journal={arXiv preprint arXiv:2305.15525},
  year={2023}
}

@article{chowdhery2023palm,
  title={Palm: Scaling language modeling with pathways},
  author={Chowdhery, Aakanksha and Narang, Sharan and Devlin, Jacob and Bosma, Maarten and Mishra, Gaurav and Roberts, Adam and Barham, Paul and Chung, Hyung Won and Sutton, Charles and Gehrmann, Sebastian and others},
  journal={Journal of Machine Learning Research},
  volume={24},
  number={240},
  pages={1--113},
  year={2023}
}

@article{cosentino2024towards,
  title={Towards a Personal Health Large Language Model},
  author={Cosentino, Justin and Belyaeva, Anastasiya and Liu, Xin and Furlotte, Nicholas A and Yang, Zhun and Lee, Chace and Schenck, Erik and Patel, Yojan and Cui, Jian and Schneider, Logan Douglas and others},
  journal={arXiv preprint arXiv:2406.06474},
  year={2024}
}

@article{team2023gemini,
  title={Gemini: a family of highly capable multimodal models},
  author={Team, Gemini and Anil, Rohan and Borgeaud, Sebastian and Alayrac, Jean-Baptiste and Yu, Jiahui and Soricut, Radu and Schalkwyk, Johan and Dai, Andrew M and Hauth, Anja and Millican, Katie and others},
  journal={arXiv preprint arXiv:2312.11805},
  year={2023}
}

@article{kim2024health,
  title={Health-llm: Large language models for health prediction via wearable sensor data},
  author={Kim, Yubin and Xu, Xuhai and McDuff, Daniel and Breazeal, Cynthia and Park, Hae Won},
  journal={arXiv preprint arXiv:2401.06866},
  year={2024}
}

@article{fang2024physiollm,
  title={Physiollm: Supporting personalized health insights with wearables and large language models},
  author={Fang, Cathy Mengying and Danry, Valdemar and Whitmore, Nathan and Bao, Andria and Hutchison, Andrew and Pierce, Cayden and Maes, Pattie},
  journal={arXiv preprint arXiv:2406.19283},
  year={2024}
}


@article{chan2024medtsllm,
  title={Medtsllm: Leveraging llms for multimodal medical time series analysis},
  author={Chan, Nimeesha and Parker, Felix and Bennett, William and Wu, Tianyi and Jia, Mung Yao and Fackler, James and Ghobadi, Kimia},
  journal={arXiv preprint arXiv:2408.07773},
  year={2024}
}

@article{jorke2024supporting,
  title={Supporting Physical Activity Behavior Change with LLM-Based Conversational Agents},
  author={J{\"o}rke, Matthew and Sapkota, Shardul and Warkenthien, Lyndsea and Vainio, Niklas and Schmiedmayer, Paul and Brunskill, Emma and Landay, James},
  journal={arXiv preprint arXiv:2405.06061},
  year={2024}
}

@article{imran2024llasa,
  title={LLaSA: Large Multimodal Agent for Human Activity Analysis Through Wearable Sensors},
  author={Imran, Sheikh Asif and Khan, Mohammad Nur Hossain and Biswas, Subrata and Islam, Bashima},
  journal={arXiv preprint arXiv:2406.14498},
  year={2024}
}

@inproceedings{liu2024large,
  title={Large language models for cuffless blood pressure measurement from wearable biosignals},
  author={Liu, Zengding and Chen, Chen and Cao, Jiannong and Pan, Minglei and Liu, Jikui and Li, Nan and Miao, Fen and Li, Ye},
  booktitle={Proceedings of the 15th ACM International Conference on Bioinformatics, Computational Biology and Health Informatics},
  pages={1--11},
  year={2024}
}


@inproceedings{bohi2024large,
  title={Large Language Models for Wearable Data Analysis and Interpretation},
  author={B{\"o}hi, Simon and Gashi, Shkurta},
  booktitle={Tiny Paper ICLR 2024},
  year={2024}
}

@article{pang2024utilizing,
  title={Utilizing language models for advanced electrocardiogram analysis},
  author={Pang, Jianli and Wang, Yinling and Ozyurt, Fatih and Dogan, Sengul and Tuncer, Turker and Yu, Lei},
  journal={Alexandria Engineering Journal},
  volume={105},
  pages={460--470},
  year={2024},
  publisher={Elsevier}
}

@inproceedings{yu2023zero,
  title={Zero-shot ECG diagnosis with large language models and retrieval-augmented generation},
  author={Yu, Han and Guo, Peikun and Sano, Akane},
  booktitle={Machine Learning for Health (ML4H)},
  pages={650--663},
  year={2023},
  organization={PMLR}
}


@article{yoon2024my,
  title={By My Eyes: Grounding Multimodal Large Language Models with Sensor Data via Visual Prompting},
  author={Yoon, Hyungjun and Tolera, Biniyam Aschalew and Gong, Taesik and Lee, Kimin and Lee, Sung-Ju},
  journal={arXiv preprint arXiv:2407.10385},
  year={2024}
}


@article{tang2023alpha,
  title={ALPHA: AnomaLous Physiological Health Assessment Using Large Language Models},
  author={Tang, Jiankai and Wang, Kegang and Hu, Hongming and Zhang, Xiyuxing and Wang, Peiyu and Liu, Xin and Wang, Yuntao},
  journal={arXiv preprint arXiv:2311.12524},
  year={2023}
}


@article{merrill2024transforming,
  title={Transforming wearable data into health insights using large language model agents},
  author={Merrill, Mike A and Paruchuri, Akshay and Rezaei, Naghmeh and Kovacs, Geza and Perez, Javier and Liu, Yun and Schenck, Erik and Hammerquist, Nova and Sunshine, Jake and Tailor, Shyam and others},
  journal={arXiv preprint arXiv:2406.06464},
  year={2024}
}


@article{abbasian2023conversational,
  title={Conversational health agents: A personalized llm-powered agent framework},
  author={Abbasian, Mahyar and Azimi, Iman and Rahmani, Amir M and Jain, Ramesh},
  journal={arXiv preprint arXiv:2310.02374},
  year={2023}
}


@article{yao2024tree,
  title={Tree of thoughts: Deliberate problem solving with large language models},
  author={Yao, Shunyu and Yu, Dian and Zhao, Jeffrey and Shafran, Izhak and Griffiths, Tom and Cao, Yuan and Narasimhan, Karthik},
  journal={Advances in Neural Information Processing Systems},
  volume={36},
  year={2024}
}


@misc{openai2024,
  author       = {OpenAI},
  title        = {Models},
  url          = {https://platform.openai.com/docs/models},
  note         = {Accessed: 2025}

}

@misc{SamsungGearSport,
  title = {Gear Sport smartwatch},
  howpublished = {\url{https://www.samsung.com/us/mobile/wearables/smartwatches/gear-sport-blue-sm-r600nzbaxar/}},
  note = {Accessed: 2025}
}

@misc{Shimmer3ECGUnit,
  title = {Shimmer3 ECG Unit},
  howpublished = {\url{https://shimmersensing.com/product/shimmer3-ecg-unit-2/}},
  note = {Accessed: 2025}
}

@article{mehrabadi2020sleep,
  title={Sleep tracking of a commercially available smart ring and smartwatch against medical-grade actigraphy in everyday settings: instrument validation study},
  author={Mehrabadi, Milad Asgari and Azimi, Iman and Sarhaddi, Fatemeh and Axelin, Anna and Niela-Vil{\'e}n, Hannakaisa and Myllyntausta, Saana and Stenholm, Sari and Dutt, Nikil and Liljeberg, Pasi and Rahmani, Amir M and others},
  journal={JMIR mHealth and uHealth},
  volume={8},
  number={11},
  pages={e20465},
  year={2020},
  publisher={JMIR Publications Inc., Toronto, Canada}
}

@article{orphanidou2017signal,
  title={Signal quality assessment in physiological monitoring: state of the art and practical considerations},
  author={Orphanidou, Christina},
  year={2017},
  publisher={Springer}
}

@inproceedings{feli2023end,
  title={End-to-End PPG Processing Pipeline for Wearables: From Quality Assessment and Motion Artifacts Removal to HR/HRV Feature Extraction},
  author={Feli, Mohammad and Kazemi, Kianoosh and Azimi, Iman and Wang, Yuning and Rahmani, Amir M and Liljeberg, Pasi},
  booktitle={2023 IEEE International Conference on Bioinformatics and Biomedicine (BIBM)},
  pages={1895--1900},
  year={2023},
  organization={IEEE}
}

@article{feli2023energy,
  title={An energy-efficient semi-supervised approach for on-device photoplethysmogram signal quality assessment},
  author={Feli, Mohammad and Azimi, Iman and Anzanpour, Arman and Rahmani, Amir M and Liljeberg, Pasi},
  journal={Smart Health},
  volume={28},
  pages={100390},
  year={2023},
  publisher={Elsevier}
}

@inproceedings{wang2022ppg,
  title={Ppg signal reconstruction using deep convolutional generative adversarial network},
  author={Wang, Yuning and Azimi, Iman and Kazemi, Kianoosh and Rahmani, Amir M and Liljeberg, Pasi},
  booktitle={2022 44th Annual International Conference of the IEEE Engineering in Medicine \& Biology Society (EMBC)},
  pages={3387--3391},
  year={2022},
  organization={IEEE}
}

@article{kazemi2022robust,
  title={Robust ppg peak detection using dilated convolutional neural networks},
  author={Kazemi, Kianoosh and Laitala, Juho and Azimi, Iman and Liljeberg, Pasi and Rahmani, Amir M},
  journal={Sensors},
  volume={22},
  number={16},
  pages={6054},
  year={2022},
  publisher={MDPI}
}

@article{elgendi2010frequency,
  title={Frequency Bands Effects on QRS Detection.},
  author={Elgendi, Mohamed and Jonkman, Mirjam and De Boer, Friso},
  journal={Biosignals},
  volume={2003},
  pages={2002},
  year={2010}
}


@misc{OpenAIPlatform2024,
  author = {OpenAI},
  title = {OpenAI API Platform Documentation},
  url = {https://platform.openai.com/docs/overview},
  note = {Accessed: 2025}
}

@misc{OpenAI_Assistants_Overview,
  author       = {OpenAI},
  title        = {OpenAI Assistants API - Overview},
  howpublished = {Online},
  url          = {https://platform.openai.com/docs/assistants/overview},
  note         = {Accessed: 2025}
}

@inproceedings{nazi2024large,
  title={Large language models in healthcare and medical domain: A review},
  author={Nazi, Zabir Al and Peng, Wei},
  booktitle={Informatics},
  volume={11},
  number={3},
  pages={57},
  year={2024},
  organization={MDPI}
}

@article{yang2023large,
  title={Large language models in health care: Development, applications, and challenges},
  author={Yang, Rui and Tan, Ting Fang and Lu, Wei and Thirunavukarasu, Arun James and Ting, Daniel Shu Wei and Liu, Nan},
  journal={Health Care Science},
  volume={2},
  number={4},
  pages={255--263},
  year={2023},
  publisher={Wiley Online Library}
}

@article{peng2024model,
  title={Model tuning or prompt Tuning? a study of large language models for clinical concept and relation extraction},
  author={Peng, Cheng and Yang, XI and Smith, Kaleb E and Yu, Zehao and Chen, Aokun and Bian, Jiang and Wu, Yonghui},
  journal={Journal of biomedical informatics},
  volume={153},
  pages={104630},
  year={2024},
  publisher={Elsevier}
}

