@incollection{Bengio+chapter2007,
author = {Bengio, Yoshua and LeCun, Yann},
booktitle = {Large Scale Kernel Machines},
publisher = {MIT Press},
title = {Scaling Learning Algorithms Towards {AI}},
year = {2007}
}

@article{Hinton06,
author = {Hinton, Geoffrey E. and Osindero, Simon and Teh, Yee Whye},
journal = {Neural Computation},
pages = {1527--1554},
title = {A Fast Learning Algorithm for Deep Belief Nets},
volume = {18},
year = {2006}
}

@book{goodfellow2016deep,
title={Deep learning},
author={Goodfellow, Ian and Bengio, Yoshua and Courville, Aaron and Bengio, Yoshua},
volume={1},
year={2016},
publisher={MIT Press}
}

@inproceedings{wille1997structure,
  title={On the structure of the Hessian matrix in feedforward networks and second derivative methods},
  author={Wille, J{\"o}rg},
  booktitle={Proceedings of International Conference on Neural Networks (ICNN'97)},
  volume={3},
  pages={1851--1855},
  year={1997},
  organization={IEEE}
}

@article{buntine1994computing,
  title={Computing second derivatives in feed-forward networks: A review},
  author={Buntine, Wray L and Weigend, Andreas S},
  journal={IEEE transactions on Neural Networks},
  volume={5},
  number={3},
  pages={480--488},
  year={1994},
  publisher={IEEE}
}

@article{wu2020dissecting,
  title={Dissecting hessian: Understanding common structure of hessian in neural networks},
  author={Wu, Yikai and Zhu, Xingyu and Wu, Chenwei and Wang, Annie and Ge, Rong},
  journal={arXiv preprint arXiv:2010.04261},
  year={2020}
}

@article{singh2021analytic,
  title={Analytic insights into structure and rank of neural network hessian maps},
  author={Singh, Sidak Pal and Bachmann, Gregor and Hofmann, Thomas},
  journal={Advances in Neural Information Processing Systems},
  volume={34},
  pages={23914--23927},
  year={2021}
}

@article{pearlmutter1994fast,
  title={Fast exact multiplication by the Hessian},
  author={Pearlmutter, Barak A},
  journal={Neural computation},
  volume={6},
  number={1},
  pages={147--160},
  year={1994},
  publisher={MIT Press}
}