@article{gan2020threedworld,
  title={Threedworld: A platform for interactive multi-modal physical simulation},
  author={Gan, Chuang and Schwartz, Jeremy and Alter, Seth and Mrowca, Damian and Schrimpf, Martin and Traer, James and De Freitas, Julian and Kubilius, Jonas and Bhandwaldar, Abhishek and Haber, Nick and others},
  journal={arXiv preprint arXiv:2007.04954},
  year={2020}
}

@article{unity,
  author = {{Unity Technologies}},
  title = {Unity},
  version = {2023.2.3},
  journal = {Unity},
  year = {2023},
  url = {unity.com},
}

@article{lake2017building,
  title={Building machines that learn and think like people},
  author={Lake, Brenden M and Ullman, Tomer D and Tenenbaum, Joshua B and Gershman, Samuel J},
  journal={Behavioral and brain sciences},
  volume={40},
  pages={e253},
  year={2017},
  publisher={Cambridge University Press}
}

@article{schulze2025visual,
  title={Visual cognition in multimodal large language models},
  author={Schulze Buschoff, Luca M and Akata, Elif and Bethge, Matthias and Schulz, Eric},
  journal={Nature Machine Intelligence},
  pages={1--11},
  year={2025},
  publisher={Nature Publishing Group UK London}
}


@article{battaglia2013simulation,
  title={Simulation as an engine of physical scene understanding},
  author={Battaglia, Peter W and Hamrick, Jessica B and Tenenbaum, Joshua B},
  journal={Proceedings of the National Academy of Sciences},
  year={2013},
  publisher={National Acad Sciences}
}

@inproceedings{lerer2016learning,
  title={Learning physical intuition of block towers by example},
  author={Lerer, Adam and Gross, Sam and Fergus, Rob},
  booktitle={International conference on machine learning},
  pages={430--438},
  year={2016},
  organization={PMLR}
}

@article{qwen2,
      title={Qwen2 Technical Report}, 
      author={An Yang and Baosong Yang and Binyuan Hui and Bo Zheng and Bowen Yu and Chang Zhou and Chengpeng Li and Chengyuan Li and Dayiheng Liu and Fei Huang and Guanting Dong and Haoran Wei and Huan Lin and Jialong Tang and Jialin Wang and Jian Yang and Jianhong Tu and Jianwei Zhang and Jianxin Ma and Jin Xu and Jingren Zhou and Jinze Bai and Jinzheng He and Junyang Lin and Kai Dang and Keming Lu and Keqin Chen and Kexin Yang and Mei Li and Mingfeng Xue and Na Ni and Pei Zhang and Peng Wang and Ru Peng and Rui Men and Ruize Gao and Runji Lin and Shijie Wang and Shuai Bai and Sinan Tan and Tianhang Zhu and Tianhao Li and Tianyu Liu and Wenbin Ge and Xiaodong Deng and Xiaohuan Zhou and Xingzhang Ren and Xinyu Zhang and Xipin Wei and Xuancheng Ren and Yang Fan and Yang Yao and Yichang Zhang and Yu Wan and Yunfei Chu and Yuqiong Liu and Zeyu Cui and Zhenru Zhang and Zhihao Fan},
      journal={arXiv preprint arXiv:2407.10671},
      year={2024}
}

@article{qwen2vl,
  title={Qwen2-vl: Enhancing vision-language model's perception of the world at any resolution},
  author={Wang, Peng and Bai, Shuai and Tan, Sinan and Wang, Shijie and Fan, Zhihao and Bai, Jinze and Chen, Keqin and Liu, Xuejing and Wang, Jialin and Ge, Wenbin and others},
  journal={arXiv preprint arXiv:2409.12191},
  year={2024}
}


@article{unsloth,
  author = {Han, Daniel and Han, Michael and {Unsloth team}},
  title = {Unsloth},
  journal = {Unsloth},
  url = {http://github.com/unslothai/unsloth},
  year = {2023}
}

@article{dosovitskiy2020image,
  title={An image is worth 16x16 words: Transformers for image recognition at scale},
  author={Dosovitskiy, Alexey},
  journal={arXiv preprint arXiv:2010.11929},
  year={2020}
}

@article{citation,
  title={},
  author={CITE},
  journal={CITATION MISSING},
  year={}
}

@inproceedings{rahmanzadehgervi2024vision,
  title={Vision language models are blind},
  author={Rahmanzadehgervi, Pooyan and Bolton, Logan and Taesiri, Mohammad Reza and Nguyen, Anh Totti},
  booktitle={Proceedings of the Asian Conference on Computer Vision},
  pages={18--34},
  year={2024}
}

@article{baillargeon1995acquisition,
  title={The acquisition of physical knowledge in infancy.},
  author={Baillargeon, Ren{\'e}e and Kotovsky, Laura and Needham, Amy},
  year={1995},
  journal={Clarendon Press/Oxford University Press}
}

@article{spelke2007core,
  title={Core knowledge},
  author={Spelke, Elizabeth S and Kinzler, Katherine D},
  journal={Developmental science},
  volume={10},
  number={1},
  pages={89--96},
  year={2007},
  publisher={Wiley Online Library}
}

@article{balazadeh2024synthetic,
  title={Synthetic Vision: Training Vision-Language Models to Understand Physics},
  author={Balazadeh, Vahid and Ataei, Mohammadmehdi and Cheong, Hyunmin and Khasahmadi, Amir Hosein and Krishnan, Rahul G},
  journal={arXiv preprint arXiv:2412.08619},
  year={2024}
}

@article{beyer2024paligemma,
      title={{PaliGemma: A versatile 3B VLM for transfer}},
      author={Lucas Beyer and Andreas Steiner and André Susano Pinto and Alexander Kolesnikov and Xiao Wang and Daniel Salz and Maxim Neumann and Ibrahim Alabdulmohsin and Michael Tschannen and Emanuele Bugliarello and Thomas Unterthiner and Daniel Keysers and Skanda Koppula and Fangyu Liu and Adam Grycner and Alexey Gritsenko and Neil Houlsby and Manoj Kumar and Keran Rong and Julian Eisenschlos and Rishabh Kabra and Matthias Bauer and Matko Bošnjak and Xi Chen and Matthias Minderer and Paul Voigtlaender and Ioana Bica and Ivana Balazevic and Joan Puigcerver and Pinelopi Papalampidi and Olivier Henaff and Xi Xiong and Radu Soricut and Jeremiah Harmsen and Xiaohua Zhai},
      year={2024},
      journal={arXiv preprint arXiv:2407.07726}
}

@article{liu2024survey,
  title={A survey on hallucination in large vision-language models},
  author={Liu, Hanchao and Xue, Wenyuan and Chen, Yifei and Chen, Dapeng and Zhao, Xiutian and Wang, Ke and Hou, Liping and Li, Rongjun and Peng, Wei},
  journal={arXiv preprint arXiv:2402.00253},
  year={2024}
}

@article{ullman2024illusion,
  title={The Illusion-Illusion: Vision Language Models See Illusions Where There are None},
  author={Ullman, Tomer},
  journal={OSF},
  year={2024}
}

@article{li2023evaluating,
  title={Evaluating object hallucination in large vision-language models},
  author={Li, Yifan and Du, Yifan and Zhou, Kun and Wang, Jinpeng and Zhao, Wayne Xin and Wen, Ji-Rong},
  journal={arXiv preprint arXiv:2305.10355},
  year={2023}
}

@article{zhao2024evaluating,
  title={On evaluating adversarial robustness of large vision-language models},
  author={Zhao, Yunqing and Pang, Tianyu and Du, Chao and Yang, Xiao and Li, Chongxuan and Cheung, Ngai-Man Man and Lin, Min},
  journal={Advances in Neural Information Processing Systems},
  volume={36},
  year={2024}
}

@inproceedings{zhang2023grounding,
  title={Grounding Visual Illusions in Language: Do Vision-Language Models Perceive Illusions Like Humans?},
  author={Zhang, Yichi and Pan, Jiayi and Zhou, Yuchen and Pan, Rui and Chai, Joyce},
  booktitle={Proceedings of the 2023 Conference on Empirical Methods in Natural Language Processing},
  pages={5718--5728},
  year={2023}
}

@article{zhou2022mental, 
  title={Mental Jenga: A counterfactual simulation model of causal judgments about physical support}, 
  journal={PsyArXiv}, 
  author={Zhou, Liang and Smith, Kevin and Tenenbaum, Joshua and Gerstenberg, Tobias}, 
  year={2022}}

@inproceedings{battaglia2012computational,
  title={Computational models of intuitive physics},
  author={Battaglia, Peter and Ullman, Tomer and Tenenbaum, Joshua and Sanborn, Adam and Forbus, Kenneth and Gerstenberg, Tobias and Lagnado, David},
  booktitle={Proceedings of the Annual Meeting of the Cognitive Science Society},
  year={2012}
}

@article{piloto2022intuitive,
  title={Intuitive physics learning in a deep-learning model inspired by developmental psychology},
  author={Piloto, Luis S and Weinstein, Ari and Battaglia, Peter and Botvinick, Matthew},
  journal={Nature human behaviour},
  volume={6},
  number={9},
  pages={1257--1267},
  year={2022},
  publisher={Nature Publishing Group UK London}
}

@book{waldmann2017oxford,
  title={The Oxford handbook of causal reasoning},
  author={Waldmann, Michael},
  year={2017},
  publisher={Oxford University Press}
}

@book{pearl2009causality,
  title={Causality},
  author={Pearl, Judea},
  year={2009},
  publisher={Cambridge university press}
}

@article{griffiths2009theory,
  title={Theory-based causal induction.},
  author={Griffiths, Thomas L and Tenenbaum, Joshua B},
  journal={Psychological review},
  volume={116},
  number={4},
  pages={661},
  year={2009},
  publisher={American Psychological Association}
}

@inproceedings{jin2023cladder,
  title={Cladder: Assessing causal reasoning in language models},
  author={Jin, Zhijing and Chen, Yuen and Leeb, Felix and Gresele, Luigi and Kamal, Ojasv and Zhiheng, LYU and Blin, Kevin and Adauto, Fernando Gonzalez and Kleiman-Weiner, Max and Sachan, Mrinmaya and others},
  booktitle={Thirty-seventh conference on neural information processing systems},
  year={2023}
}

@inproceedings{seabold2010statsmodels,
  title={statsmodels: Econometric and statistical modeling with python},
  author={Seabold, Skipper and Perktold, Josef},
  booktitle={9th Python in Science Conference},
  year={2010},
}

@Article{Hunter2007,
  Author    = {Hunter, J. D.},
  Title     = {Matplotlib: A 2D graphics environment},
  Journal   = {Computing in Science \& Engineering},
  Volume    = {9},
  Number    = {3},
  Pages     = {90--95},
  abstract  = {Matplotlib is a 2D graphics package used for Python for
  application development, interactive scripting, and publication-quality
  image generation across user interfaces and operating systems.},
  publisher = {IEEE COMPUTER SOC},
  doi       = {10.1109/MCSE.2007.55},
  year      = 2007
}

@article{Waskom2021,
    doi = {10.21105/joss.03021},
    url = {https://doi.org/10.21105/joss.03021},
    year = {2021},
    publisher = {The Open Journal},
    volume = {6},
    number = {60},
    pages = {3021},
    author = {Michael L. Waskom},
    title = {seaborn: statistical data visualization},
    journal = {Journal of Open Source Software}
 }

@article{reback2020pandas,
    author       = {{pandas Development Team}},
    title        = {pandas-dev/pandas: Pandas},
    year         = 2020,
    journal      = {pandas}}


@inbook{doi:https://doi.org/10.1002/9781444325485.ch1,
author = {Baillargeon, Renée and Li, Jie and Gertner, Yael and Wu, Di},
publisher = {John Wiley & Sons, Ltd},
title = {How Do Infants Reason about Physical Events?},
booktitle = {The Wiley‐Blackwell Handbook of Childhood Cognitive Development},
editor = {Goswami, U.},
chapter = {1},
pages = {11-48},
year = {2010}
}

@article{spelke1990principles,
  title={Principles of object perception},
  author={Spelke, Elizabeth S},
  journal={Cognitive science},
  volume={14},
  number={1},
  pages={29--56},
  year={1990},
  publisher={Elsevier}
}

@article{sobel2006blickets,
  title={Blickets and babies: the development of causal reasoning in toddlers and infants.},
  author={Sobel, David M and Kirkham, Natasha Z},
  journal={Developmental psychology},
  volume={42},
  number={6},
  pages={1103},
  year={2006},
  publisher={American Psychological Association}
}

@article{kuhn2012development,
  title={The development of causal reasoning},
  author={Kuhn, Deanna},
  journal={Wiley Interdisciplinary Reviews: Cognitive Science},
  volume={3},
  number={3},
  pages={327--335},
  year={2012},
  publisher={Wiley Online Library}
}

@inproceedings{MMBench,
  title={Mmbench: Is your multi-modal model an all-around player?},
  author={Liu, Yuan and Duan, Haodong and Zhang, Yuanhan and Li, Bo and Zhang, Songyang and Zhao, Wangbo and Yuan, Yike and Wang, Jiaqi and He, Conghui and Liu, Ziwei and others},
  booktitle={European conference on computer vision},
  pages={216--233},
  year={2025},
  organization={Springer}
}

@article{han2024parameter,
  title={Parameter-efficient fine-tuning for large models: A comprehensive survey},
  author={Han, Zeyu and Gao, Chao and Liu, Jinyang and Zhang, Jeff and Zhang, Sai Qian},
  journal={arXiv preprint arXiv:2403.14608},
  year={2024}
}

@article{hussain2024tutorial,
  title={A tutorial on open-source large language models for behavioral science},
  author={Hussain, Zak and Binz, Marcel and Mata, Rui and Wulff, Dirk U},
  journal={Behavior Research Methods},
  volume={56},
  number={8},
  pages={8214--8237},
  year={2024},
  publisher={Springer}
}

@article{binz2024centaur,
  title={Centaur: a foundation model of human cognition},
  author={Binz, Marcel and Akata, Elif and Bethge, Matthias and Br{\"a}ndle, Franziska and Callaway, Fred and Coda-Forno, Julian and Dayan, Peter and Demircan, Can and Eckstein, Maria K and {\'E}ltet{\H{o}}, No{\'e}mi and others},
  journal={arXiv preprint arXiv:2410.20268},
  year={2024}
}

@article{ming2024does,
  title={How Does Fine-Tuning Impact Out-of-Distribution Detection for Vision-Language Models?},
  author={Ming, Yifei and Li, Yixuan},
  journal={International Journal of Computer Vision},
  volume={132},
  number={2},
  pages={596--609},
  year={2024},
  publisher={Springer}
}

@article{french1999catastrophic,
  title={Catastrophic forgetting in connectionist networks},
  author={French, Robert M},
  journal={Trends in cognitive sciences},
  volume={3},
  number={4},
  pages={128--135},
  year={1999},
  publisher={Elsevier}
}

@article{hu2021lora,
  title={Lora: Low-rank adaptation of large language models},
  author={Hu, Edward J and Shen, Yelong and Wallis, Phillip and Allen-Zhu, Zeyuan and Li, Yuanzhi and Wang, Shean and Wang, Lu and Chen, Weizhu},
  journal={arXiv preprint arXiv:2106.09685},
  year={2021}
}

@article{dettmers2024qlora,
  title={Qlora: Efficient finetuning of quantized llms},
  author={Dettmers, Tim and Pagnoni, Artidoro and Holtzman, Ari and Zettlemoyer, Luke},
  journal={Advances in Neural Information Processing Systems},
  volume={36},
  year={2024}
}

@article{geirhos2018generalisation,
  title={Generalisation in humans and deep neural networks},
  author={Geirhos, Robert and Temme, Carlos RM and Rauber, Jonas and Sch{\"u}tt, Heiko H and Bethge, Matthias and Wichmann, Felix A},
  journal={Advances in neural information processing systems},
  volume={31},
  year={2018}
}

@article{collins2022structured,
  title={Structured, flexible, and robust: benchmarking and improving large language models towards more human-like behavior in out-of-distribution reasoning tasks},
  author={Collins, Katherine M and Wong, Catherine and Feng, Jiahai and Wei, Megan and Tenenbaum, Joshua B},
  journal={arXiv preprint arXiv:2205.05718},
  year={2022}
}

@article{tenenbaum2001generalization,
  title={Generalization, similarity, and Bayesian inference},
  author={Tenenbaum, Joshua B and Griffiths, Thomas L},
  journal={Behavioral and brain sciences},
  volume={24},
  number={4},
  pages={629--640},
  year={2001},
  publisher={Cambridge University Press}
}

@article{geirhos2020beyond,
  title={Beyond accuracy: quantifying trial-by-trial behaviour of CNNs and humans by measuring error consistency},
  author={Geirhos, Robert and Meding, Kristof and Wichmann, Felix A},
  journal={Advances in Neural Information Processing Systems},
  volume={33},
  pages={13890--13902},
  year={2020}
}

@article{zhang2024vision,
  title={Vision-language models for vision tasks: A survey},
  author={Zhang, Jingyi and Huang, Jiaxing and Jin, Sheng and Lu, Shijian},
  journal={IEEE Transactions on Pattern Analysis and Machine Intelligence},
  year={2024},
  publisher={IEEE}
}

@article{ilyas2019adversarial,
  title={Adversarial examples are not bugs, they are features},
  author={Ilyas, Andrew and Santurkar, Shibani and Tsipras, Dimitris and Engstrom, Logan and Tran, Brandon and Madry, Aleksander},
  journal={Advances in neural information processing systems},
  volume={32},
  year={2019}
}

@article{geirhos2020shortcut,
  title={Shortcut learning in deep neural networks},
  author={Geirhos, Robert and Jacobsen, J{\"o}rn-Henrik and Michaelis, Claudio and Zemel, Richard and Brendel, Wieland and Bethge, Matthias and Wichmann, Felix A},
  journal={Nature Machine Intelligence},
  volume={2},
  number={11},
  pages={665--673},
  year={2020},
  publisher={Nature Publishing Group UK London}
}
