@inproceedings{MMBench,
  title={Mmbench: Is your multi-modal model an all-around player?},
  author={Liu, Yuan and Duan, Haodong and Zhang, Yuanhan and Li, Bo and Zhang, Songyang and Zhao, Wangbo and Yuan, Yike and Wang, Jiaqi and He, Conghui and Liu, Ziwei and others},
  booktitle={European conference on computer vision},
  pages={216--233},
  year={2025},
  organization={Springer}
}

@article{baillargeon1995acquisition,
  title={The acquisition of physical knowledge in infancy.},
  author={Baillargeon, Ren{\'e}e and Kotovsky, Laura and Needham, Amy},
  year={1995},
  journal={Clarendon Press/Oxford University Press}
}

@article{balazadeh2024synthetic,
  title={Synthetic Vision: Training Vision-Language Models to Understand Physics},
  author={Balazadeh, Vahid and Ataei, Mohammadmehdi and Cheong, Hyunmin and Khasahmadi, Amir Hosein and Krishnan, Rahul G},
  journal={arXiv preprint arXiv:2412.08619},
  year={2024}
}

@inproceedings{battaglia2012computational,
  title={Computational models of intuitive physics},
  author={Battaglia, Peter and Ullman, Tomer and Tenenbaum, Joshua and Sanborn, Adam and Forbus, Kenneth and Gerstenberg, Tobias and Lagnado, David},
  booktitle={Proceedings of the Annual Meeting of the Cognitive Science Society},
  year={2012}
}

@article{binz2024centaur,
  title={Centaur: a foundation model of human cognition},
  author={Binz, Marcel and Akata, Elif and Bethge, Matthias and Br{\"a}ndle, Franziska and Callaway, Fred and Coda-Forno, Julian and Dayan, Peter and Demircan, Can and Eckstein, Maria K and {\'E}ltet{\H{o}}, No{\'e}mi and others},
  journal={arXiv preprint arXiv:2410.20268},
  year={2024}
}

@article{collins2022structured,
  title={Structured, flexible, and robust: benchmarking and improving large language models towards more human-like behavior in out-of-distribution reasoning tasks},
  author={Collins, Katherine M and Wong, Catherine and Feng, Jiahai and Wei, Megan and Tenenbaum, Joshua B},
  journal={arXiv preprint arXiv:2205.05718},
  year={2022}
}

@article{geirhos2018generalisation,
  title={Generalisation in humans and deep neural networks},
  author={Geirhos, Robert and Temme, Carlos RM and Rauber, Jonas and Sch{\"u}tt, Heiko H and Bethge, Matthias and Wichmann, Felix A},
  journal={Advances in neural information processing systems},
  volume={31},
  year={2018}
}

@article{griffiths2009theory,
  title={Theory-based causal induction.},
  author={Griffiths, Thomas L and Tenenbaum, Joshua B},
  journal={Psychological review},
  volume={116},
  number={4},
  pages={661},
  year={2009},
  publisher={American Psychological Association}
}

@article{han2024parameter,
  title={Parameter-efficient fine-tuning for large models: A comprehensive survey},
  author={Han, Zeyu and Gao, Chao and Liu, Jinyang and Zhang, Jeff and Zhang, Sai Qian},
  journal={arXiv preprint arXiv:2403.14608},
  year={2024}
}

@article{hussain2024tutorial,
  title={A tutorial on open-source large language models for behavioral science},
  author={Hussain, Zak and Binz, Marcel and Mata, Rui and Wulff, Dirk U},
  journal={Behavior Research Methods},
  volume={56},
  number={8},
  pages={8214--8237},
  year={2024},
  publisher={Springer}
}

@inproceedings{jin2023cladder,
  title={Cladder: Assessing causal reasoning in language models},
  author={Jin, Zhijing and Chen, Yuen and Leeb, Felix and Gresele, Luigi and Kamal, Ojasv and Zhiheng, LYU and Blin, Kevin and Adauto, Fernando Gonzalez and Kleiman-Weiner, Max and Sachan, Mrinmaya and others},
  booktitle={Thirty-seventh conference on neural information processing systems},
  year={2023}
}

@article{kuhn2012development,
  title={The development of causal reasoning},
  author={Kuhn, Deanna},
  journal={Wiley Interdisciplinary Reviews: Cognitive Science},
  volume={3},
  number={3},
  pages={327--335},
  year={2012},
  publisher={Wiley Online Library}
}

@article{lake2017building,
  title={Building machines that learn and think like people},
  author={Lake, Brenden M and Ullman, Tomer D and Tenenbaum, Joshua B and Gershman, Samuel J},
  journal={Behavioral and brain sciences},
  volume={40},
  pages={e253},
  year={2017},
  publisher={Cambridge University Press}
}

@inproceedings{lerer2016learning,
  title={Learning physical intuition of block towers by example},
  author={Lerer, Adam and Gross, Sam and Fergus, Rob},
  booktitle={International conference on machine learning},
  pages={430--438},
  year={2016},
  organization={PMLR}
}

@article{li2023evaluating,
  title={Evaluating object hallucination in large vision-language models},
  author={Li, Yifan and Du, Yifan and Zhou, Kun and Wang, Jinpeng and Zhao, Wayne Xin and Wen, Ji-Rong},
  journal={arXiv preprint arXiv:2305.10355},
  year={2023}
}

@article{liu2024survey,
  title={A survey on hallucination in large vision-language models},
  author={Liu, Hanchao and Xue, Wenyuan and Chen, Yifei and Chen, Dapeng and Zhao, Xiutian and Wang, Ke and Hou, Liping and Li, Rongjun and Peng, Wei},
  journal={arXiv preprint arXiv:2402.00253},
  year={2024}
}

@book{pearl2009causality,
  title={Causality},
  author={Pearl, Judea},
  year={2009},
  publisher={Cambridge university press}
}

@article{piloto2022intuitive,
  title={Intuitive physics learning in a deep-learning model inspired by developmental psychology},
  author={Piloto, Luis S and Weinstein, Ari and Battaglia, Peter and Botvinick, Matthew},
  journal={Nature human behaviour},
  volume={6},
  number={9},
  pages={1257--1267},
  year={2022},
  publisher={Nature Publishing Group UK London}
}

@inproceedings{rahmanzadehgervi2024vision,
  title={Vision language models are blind},
  author={Rahmanzadehgervi, Pooyan and Bolton, Logan and Taesiri, Mohammad Reza and Nguyen, Anh Totti},
  booktitle={Proceedings of the Asian Conference on Computer Vision},
  pages={18--34},
  year={2024}
}

@article{schulze2025visual,
  title={Visual cognition in multimodal large language models},
  author={Schulze Buschoff, Luca M and Akata, Elif and Bethge, Matthias and Schulz, Eric},
  journal={Nature Machine Intelligence},
  pages={1--11},
  year={2025},
  publisher={Nature Publishing Group UK London}
}

@article{sobel2006blickets,
  title={Blickets and babies: the development of causal reasoning in toddlers and infants.},
  author={Sobel, David M and Kirkham, Natasha Z},
  journal={Developmental psychology},
  volume={42},
  number={6},
  pages={1103},
  year={2006},
  publisher={American Psychological Association}
}

@article{spelke1990principles,
  title={Principles of object perception},
  author={Spelke, Elizabeth S},
  journal={Cognitive science},
  volume={14},
  number={1},
  pages={29--56},
  year={1990},
  publisher={Elsevier}
}

@article{spelke2007core,
  title={Core knowledge},
  author={Spelke, Elizabeth S and Kinzler, Katherine D},
  journal={Developmental science},
  volume={10},
  number={1},
  pages={89--96},
  year={2007},
  publisher={Wiley Online Library}
}

@article{ullman2024illusion,
  title={The Illusion-Illusion: Vision Language Models See Illusions Where There are None},
  author={Ullman, Tomer},
  journal={OSF},
  year={2024}
}

@book{waldmann2017oxford,
  title={The Oxford handbook of causal reasoning},
  author={Waldmann, Michael},
  year={2017},
  publisher={Oxford University Press}
}

@inproceedings{zhang2023grounding,
  title={Grounding Visual Illusions in Language: Do Vision-Language Models Perceive Illusions Like Humans?},
  author={Zhang, Yichi and Pan, Jiayi and Zhou, Yuchen and Pan, Rui and Chai, Joyce},
  booktitle={Proceedings of the 2023 Conference on Empirical Methods in Natural Language Processing},
  pages={5718--5728},
  year={2023}
}

@article{zhao2024evaluating,
  title={On evaluating adversarial robustness of large vision-language models},
  author={Zhao, Yunqing and Pang, Tianyu and Du, Chao and Yang, Xiao and Li, Chongxuan and Cheung, Ngai-Man Man and Lin, Min},
  journal={Advances in Neural Information Processing Systems},
  volume={36},
  year={2024}
}

