@article{chen2023risk,
  title={Risk-anticipatory autonomous driving strategies considering vehicles' weights, based on hierarchical deep reinforcement learning},
  author={Chen, Di and Li, Hao and Jin, Zhicheng and Tu, Huizhao},
  year={2023},
  journal={arXiv:2401.08661}
}

@inproceedings{dawood2023handling,
  title={Handling sparse rewards in reinforcement learning using model predictive control},
  author={Dawood, Murad and Dengler, Nils and de Heuvel, Jorge and Bennewitz, Maren},
  booktitle={Proc. IEEE Int. Conf. Robot. Autom. (ICRA)},
  pages={879--885},
  year={2023},
  organization={IEEE}
}

@article{fei2017adaptive,
  title={Adaptive sliding mode control of dynamic systems using double loop recurrent neural network structure},
  author={Fei, Juntao and Lu, Cheng},
  journal={IEEE Trans. Neural Netw. Learn. Syst.},
  volume={29},
  number={4},
  pages={1275--1286},
  year={2017},
  publisher={IEEE}
}

@article{gangopadhyay2022safe,
  title={Safe and Stable RL (S\textsuperscript{2}RL) Driving Policies Using Control Barrier and Control Lyapunov Functions},
  author={Gangopadhyay, Briti and Dasgupta, Pallab and Dey, Soumyajit},
  journal={IEEE Trans. Intell. Vehicles},
  volume={8},
  number={2},
  pages={1889--1899},
  year={2023},
  publisher={IEEE}
}

@inproceedings{gao2019comparison,
  title={Comparison of control methods based on imitation learning for autonomous driving},
  author={Gao, Yinfeng and others},
  booktitle={Proc. 10th Int. Conf. Intell. Control Inf. Process. (ICICIP)},
  pages={274--281},
  year={2019},
  organization={IEEE}
}

@article{gong2024beyond,
  title={Beyond Imitation: A Life-long Policy Learning Framework for Path Tracking Control of Autonomous Driving},
  author={Gong, Cheng and Lu, Chao and Li, Zirui and Liu, Zhe and Gong, Jianwei and Chen, Xuemei},
  journal={IEEE Trans. Veh. Technol.},
  year={2024},
  publisher={IEEE}
}

@article{kiran2021deep,
  title={Deep reinforcement learning for autonomous driving: A survey},
  author={Kiran, B Ravi and others},
  journal={IEEE Trans. Intell. Transp. Syst.},
  volume={23},
  number={6},
  pages={4909--4926},
  year={2022},
  publisher={IEEE}
}

@inproceedings{li2024iss,
  title={ISS-Scenario: Scenario-Based Testing in CARLA},
  author={Li, Renjue and Qin, Tianhang and Widdershoven, Cas},
  booktitle={International Symposium on Theoretical Aspects of Software Engineering},
  pages={279--286},
  year={2024},
  organization={Springer}
}

@article{ma2024explorllm,
  title={ExploRLLM: Guiding Exploration in Reinforcement Learning with Large Language Models},
  author={Ma, Runyu and Luijkx, Jelle and Ajanovic, Zlatan and Kober, Jens},
  year={2024},
  journal={arXiv:2403.09583}
}

@article{manikandan2023ad,
  title={Ad hoc-obstacle avoidance-based navigation system using deep reinforcement learning for self-driving vehicles},
  author={Manikandan, NS and Kaliyaperumal, Ganesan and Wang, Yong},
  journal={IEEE Access},
  year={2023},
  publisher={IEEE}
}

@article{patel2024enhancing,
  title={Enhancing Vehicle Aerodynamics with Deep Reinforcement Learning in Voxelised Models},
  author={Patel, Jignesh and Spyridis, Yannis and Argyriou, Vasileios},
  year={2024},
  journal={arXiv:2405.11492}
}

@inproceedings{pathak2017curiosity,
  title={Curiosity-driven exploration by self-supervised prediction},
  author={Pathak, Deepak and Agrawal, Pulkit and Efros, Alexei A and Darrell, Trevor},
  booktitle={International conference on machine learning},
  pages={2778--2787},
  year={2017},
  organization={PMLR}
}

@inproceedings{sun2023benchmark,
  title={A benchmark comparison of imitation learning-based control policies for autonomous racing},
  author={Sun, Xiatao and Zhou, Mingyan and Zhuang, Zhijun and Yang, Shuo and Betz, Johannes and Mangharam, Rahul},
  booktitle={Proc. IEEE Intell. Vehicles Symp. (IV)},
  pages={1--5},
  year={2023},
  organization={IEEE}
}

@article{zhang2020near,
  title={Near-optimal rapid MPC using neural networks: A primal-dual policy learning framework},
  author={Zhang, Xiaojing and Bujarbaruah, Monimoy and Borrelli, Francesco},
  journal={IEEE Trans. Control Syst. Technol.},
  volume={29},
  number={5},
  pages={2102--2114},
  year={2020},
  publisher={IEEE}
}

@inproceedings{zhou2021exploring,
  title={Exploring imitation learning for autonomous driving with feedback synthesizer and differentiable rasterization},
  author={Zhou, Jinyun and others},
  booktitle={Proc. IEEE/RSJ Int. Conf. Intell. Robots Syst. (IROS)},
  pages={1450--1457},
  year={2021},
  organization={IEEE}
}

