% Encoding: UTF-8
@article{ho2016generative,
  title={Generative adversarial imitation learning},
  author={Ho, Jonathan and Ermon, Stefano},
  journal={Adv. Neural Inf. Process. Syst.},
  volume={29},
  year={2016}
}

@article{goodfellow2014generative,
  title={Generative adversarial nets},
  author={Goodfellow, Ian and Pouget-Abadie, Jean and Mirza, Mehdi and Xu, Bing and Warde-Farley, David and Ozair, Sherjil and Courville, Aaron and Bengio, Yoshua},
  journal={Adv. Neural Inf. Process. Syst.},
  volume={27},
  year={2014}
}

@article{torabi2018generative,
  title={Generative adversarial imitation from observation},
  author={Torabi, Faraz and Warnell, Garrett and Stone, Peter},
  journal={arXiv:1905.13566},
  year={2018}
}

@article{torabi2019recent,
  title={Recent advances in imitation learning from observation},
  author={Torabi, Faraz and Warnell, Garrett and Stone, Peter},
  journal={arXiv preprint arXiv:1905.13566},
  year={2019}
}

@article{fei2017adaptive,
  title={Adaptive sliding mode control of dynamic systems using double loop recurrent neural network structure},
  author={Fei, Juntao and Lu, Cheng},
  journal={IEEE Trans. Neural Netw. Learn. Syst.},
  volume={29},
  number={4},
  pages={1275--1286},
  year={2017},
  publisher={IEEE}
}

@article{zhang2020near,
  title={Near-optimal rapid MPC using neural networks: A primal-dual policy learning framework},
  author={Zhang, Xiaojing and Bujarbaruah, Monimoy and Borrelli, Francesco},
  journal={IEEE Trans. Control Syst. Technol.},
  volume={29},
  number={5},
  pages={2102--2114},
  year={2020},
  publisher={IEEE}
}


@ARTICLE{10225497,
  author={Liu, Wei and others},
  journal={IEEE Internet Things J.}, 
  title={A Systematic Survey of Control Techniques and Applications in Connected and Automated Vehicles}, 
  year={2023},
  volume={10},
  number={24},
  pages={21892--21916},
  keywords={Collaboration;Surveys;Sensors;Navigation;Trajectory tracking;Automation;Vehicle dynamics;Autonomous vehicles;Connected vehicles;State estimation;Autonomous vehicles (AVs);collaborative control;connected and automated vehicles (CAVs);state estimation;trajectory tracking control;vehicle sideslip angle},
  doi={10.1109/JIOT.2023.3307002}
}


@article{gheisarnejad2022adaptive,
  title={Adaptive speed control of electric vehicles based on multi-agent fuzzy {Q}-learning},
  author={Gheisarnejad, Meysam and Mirzavand, Ghazal and Ardeshiri, Reza Rouhi and Andresen, Bj{\"o}rn and Khooban, Mohammad Hassan},
  journal={IEEE Trans. Emerg. Topics Comput. Intell.},
  volume={7},
  number={1},
  pages={102--110},
  year={2023}
}


@INPROCEEDINGS{10186728,
  author={Bienemann, Alexander and Wuensche, Hans-Joachim},
  booktitle={Proc. IEEE Intell. Veh. Symp. (IV)},
  title={Model Predictive Control for Autonomous Vehicle Following}, 
  year={2023},
  volume={},
  number={},
  pages={1-6},
  keywords={Tracking;Lead;Distance measurement;Sensors;Safety;Automobiles;Autonomous vehicles;Autonomous Vehicles;Convoy;Model Predictive Control;Trajectory},
  doi={10.1109/IV55152.2023.10186728}
  }

@article{Mnih2013PlayingAW,
  title={Playing Atari with Deep Reinforcement Learning},
  author={Volodymyr Mnih and others},
  year={2013},
  note={\textit{arXiv:1312.5602}}
 }

@INPROCEEDINGS{10020015,
  author={Yu, Keyuan and Jin, Kun and Deng, Xiangyang},
  booktitle={Proc. IEEE 5th Adv. Inf. Manag., Commun., Electron. Autom. Control Conf. (IMCEC)}, 
  title={Review of Deep Reinforcement Learning}, 
  year={2022},
  volume={5},
  pages={41--48},
  keywords={Deep learning;Process control;Focusing;Reinforcement learning;Market research;Classification algorithms;Information management;Deep Learning;Reinforcement Learning;Deep Reinforcement Learning;Markov property Process},
  doi={10.1109/IMCEC55388.2022.10020015}
}


@article{zhang2024reinforcement,
  title={Reinforcement Learning With Adaptive Policy Gradient Transfer Across Heterogeneous Problems},
  author={Zhang, Gengzhi and Feng, Liang and Wang, Yu and Li, Min and Xie, Hong and Tan, Kay Chen},
  journal={IEEE Trans. Emerg. Topics Comput. Intell.},
  year={2024},
  publisher={IEEE}
}

@article{mnih2015human,
  title={Human-level control through deep reinforcement learning},
  author={Mnih, Volodymyr and others},
  journal={nature},
  volume={518},
  number={7540},
  pages={529--533},
  year={2015},
  publisher={Nature Publishing Group UK London}
 }

@article{li2024autopilot,
  title={Autopilot controller of fixed-wing planes based on curriculum reinforcement learning scheduled by adaptive learning curve},
  author={Li, Lun and Zhang, Xuebo and Qian, Chenxu and Wang, Runhua and Zhao, Minghui},
  journal={IEEE Trans. Emerg. Topics Comput. Intell.},
  year={2024},
  publisher={IEEE}
}


@article{10547481,
  title={Car-following models: A multidisciplinary review},
  author={Zhang, Tianya Terry and Jin, Peter J and McQuade, Sean T and Bayen, Alexandre and Piccoli, Benedetto},
  journal={IEEE Trans. Intell. Veh.},
  year={2024},
  publisher={IEEE}
}


@article{shi2023optimal,
  title={Optimal Lateral Path-Tracking Control of Vehicles With Partial Unknown Dynamics Via DPG-Based Reinforcement Learning Methods},
  author={Shi, Xiongtao and Li, Yanjie and Hu, Wenxiao and Du, Chenglong and Chen, Chaoyang and Gui, Weihua},
  journal={IEEE Trans. Intell. Veh.},
  year={2023},
  publisher={IEEE}
}

@article{chen2023milestones,
  title={Milestones in autonomous driving and intelligent vehiclesâ€”Part I: Control, computing system design, communication, HD map, testing, and human behaviors},
  author={Chen, Long and others},
  journal={IEEE Trans. Syst. Man Cybern. Syst.},
  volume={53},
  number={9},
  pages={5831--5847},
  year={2023},
  publisher={IEEE}
}

@inproceedings{ye2021survey,
  title={A survey of deep reinforcement learning algorithms for motion planning and control of autonomous vehicles},
  author={Ye, Fei and Zhang, Shen and Wang, Pin and Chan, Ching-Yao},
  booktitle={Proc. IEEE Intell. Veh. Symp. (IV)},
  pages={1073--1080},
  year={2021},
  organization={IEEE}
}

@article{grigorescu2020survey,
  title={A survey of deep learning techniques for autonomous driving},
  author={Grigorescu, Sorin and Trasnea, Bogdan and Cocias, Tiberiu and Macesanu, Gigel},
  journal={Journal of field robotics},
  volume={37},
  number={3},
  pages={362--386},
  year={2020},
  publisher={Wiley Online Library}
}

@inproceedings{sharif2022adversarial,
  title={Adversarial deep reinforcement learning for improving the robustness of multi-agent autonomous driving policies},
  author={Sharif, Aizaz and Marijan, Dusica},
  booktitle={Proc. Asia-Pacific Softw. Eng. Conf. (APSEC)}, 
  pages={61--70},
  year={2022},
  organization={IEEE}
}


@inproceedings{frauenknecht2023data,
  title={Data-efficient deep reinforcement learning for vehicle trajectory control},
  author={Frauenknecht, Bernd and Ehlgen, Tobias and Trimpe, Sebastian},
  booktitle={Proc. IEEE 26th Int. Conf. Intell. Transp. Syst. (ITSC)},
  pages={894--901},
  year={2023},
  organization={IEEE}
}


@article{wang2024deep,
  title={A Deep Reinforcement Learning-Based Adaptive Large Neighborhood Search for Capacitated Electric Vehicle Routing Problems},
  author={Wang, Chao and Cao, Mengmeng and Jiang, Hao and Xiang, Xiaoshu and Zhang, Xingyi},
  journal={IEEE Trans. Emerg. Top. Comput. Intell.},
  year={2024},
  publisher={IEEE}
}


@article{abouelazm2024review,
  title={A Review of Reward Functions for Reinforcement Learning in the context of Autonomous Driving},
  author={Abouelazm, Ahmed and Michel, Jonas and Zoellner, J Marius},
  year={2024},
  journal={arXiv:2405.01440}
}

@inproceedings{yang2020adaptive,
  title={Adaptive inner-reward shaping in sparse reward games},
  author={Yang, Dong and Tang, Yuhua},
  booktitle={Proc. Int. Joint Conf. Neural Netw. (IJCNN)},
  pages={1--8},
  year={2020},
  organization={IEEE}
}

@article{booher2024cimrl,
  title={CIMRL: Combining IMitation and Reinforcement Learning for Safe Autonomous Driving},
  author={Booher, Jonathan and Rohanimanesh, Khashayar and Xu, Junhong and Petiushko, Aleksandr},
 year={2024},
  journal={arXiv:2406.08878}
}

@article{kamienny2020learning,
  title={Learning adaptive exploration strategies in dynamic environments through informed policy regularization},
  author={Kamienny, Pierre-Alexandre and Pirotta, Matteo and Lazaric, Alessandro and Lavril, Thibault and Usunier, Nicolas and Denoyer, Ludovic},
 year={2020},
  journal={arXiv:2005.02934}
}

@article{zintgraf2019varibad,
  title={Varibad: A very good method for bayes-adaptive deep rl via meta-learning},
  author={Zintgraf, Luisa and others},
  year={2019},
  journal={arXiv:1910.08348}
}

@article{hejna2024inverse,
  title={Inverse preference learning: Preference-based rl without a reward function},
  author={Hejna, Joey and Sadigh, Dorsa},
  journal={Advances in Neural Information Processing Systems},
  volume={36},
  year={2024}
}

@inproceedings{liu2021decoupling,
  title={Decoupling exploration and exploitation for meta-reinforcement learning without sacrifices},
  author={Liu, Evan Z and Raghunathan, Aditi and Liang, Percy and Finn, Chelsea},
  booktitle={International conference on machine learning},
  pages={6925--6935},
  year={2021},
  organization={PMLR}
}

@inproceedings{xiao2023imitation,
  title={Imitation Learning Method of Multi-quality Expert Data Based on GAIL},
  author={Xiao, Dengmin and Wang, Bo and Sun, Zhongqi and He, Xiao},
  booktitle={Proc. China Autom. Congr. (CAC)},
  pages={8642--8647},
  year={2023},
  organization={IEEE}
}


@article{kiran2021deep,
  title={Deep reinforcement learning for autonomous driving: A survey},
  author={Kiran, B Ravi and others},
  journal={IEEE Trans. Intell. Transp. Syst.},
  volume={23},
  number={6},
  pages={4909--4926},
  year={2022},
  publisher={IEEE}
}


@inproceedings{li2024iss,
  title={ISS-Scenario: Scenario-Based Testing in CARLA},
  author={Li, Renjue and Qin, Tianhang and Widdershoven, Cas},
  booktitle={International Symposium on Theoretical Aspects of Software Engineering},
  pages={279--286},
  year={2024},
  organization={Springer}
}

@inproceedings{sun2023benchmark,
  title={A benchmark comparison of imitation learning-based control policies for autonomous racing},
  author={Sun, Xiatao and Zhou, Mingyan and Zhuang, Zhijun and Yang, Shuo and Betz, Johannes and Mangharam, Rahul},
  booktitle={Proc. IEEE Intell. Vehicles Symp. (IV)},
  pages={1--5},
  year={2023},
  organization={IEEE}
}


@inproceedings{gao2019comparison,
  title={Comparison of control methods based on imitation learning for autonomous driving},
  author={Gao, Yinfeng and others},
  booktitle={Proc. 10th Int. Conf. Intell. Control Inf. Process. (ICICIP)},
  pages={274--281},
  year={2019},
  organization={IEEE}
}


@article{patel2024enhancing,
  title={Enhancing Vehicle Aerodynamics with Deep Reinforcement Learning in Voxelised Models},
  author={Patel, Jignesh and Spyridis, Yannis and Argyriou, Vasileios},
  year={2024},
  journal={arXiv:2405.11492}
}

@article{chen2023risk,
  title={Risk-anticipatory autonomous driving strategies considering vehicles' weights, based on hierarchical deep reinforcement learning},
  author={Chen, Di and Li, Hao and Jin, Zhicheng and Tu, Huizhao},
  year={2023},
  journal={arXiv:2401.08661}
}

@article{gangopadhyay2022safe,
  title={Safe and Stable RL (S\textsuperscript{2}RL) Driving Policies Using Control Barrier and Control Lyapunov Functions},
  author={Gangopadhyay, Briti and Dasgupta, Pallab and Dey, Soumyajit},
  journal={IEEE Trans. Intell. Vehicles},
  volume={8},
  number={2},
  pages={1889--1899},
  year={2023},
  publisher={IEEE}
}


@article{manikandan2023ad,
  title={Ad hoc-obstacle avoidance-based navigation system using deep reinforcement learning for self-driving vehicles},
  author={Manikandan, NS and Kaliyaperumal, Ganesan and Wang, Yong},
  journal={IEEE Access},
  year={2023},
  publisher={IEEE}
}

@article{gong2024beyond,
  title={Beyond Imitation: A Life-long Policy Learning Framework for Path Tracking Control of Autonomous Driving},
  author={Gong, Cheng and Lu, Chao and Li, Zirui and Liu, Zhe and Gong, Jianwei and Chen, Xuemei},
  journal={IEEE Trans. Veh. Technol.},
  year={2024},
  publisher={IEEE}
}


@inproceedings{zhou2021exploring,
  title={Exploring imitation learning for autonomous driving with feedback synthesizer and differentiable rasterization},
  author={Zhou, Jinyun and others},
  booktitle={Proc. IEEE/RSJ Int. Conf. Intell. Robots Syst. (IROS)},
  pages={1450--1457},
  year={2021},
  organization={IEEE}
}


@article{ma2024explorllm,
  title={ExploRLLM: Guiding Exploration in Reinforcement Learning with Large Language Models},
  author={Ma, Runyu and Luijkx, Jelle and Ajanovic, Zlatan and Kober, Jens},
  year={2024},
  journal={arXiv:2403.09583}
}

@inproceedings{pathak2017curiosity,
  title={Curiosity-driven exploration by self-supervised prediction},
  author={Pathak, Deepak and Agrawal, Pulkit and Efros, Alexei A and Darrell, Trevor},
  booktitle={International conference on machine learning},
  pages={2778--2787},
  year={2017},
  organization={PMLR}
}

@inproceedings{dawood2023handling,
  title={Handling sparse rewards in reinforcement learning using model predictive control},
  author={Dawood, Murad and Dengler, Nils and de Heuvel, Jorge and Bennewitz, Maren},
  booktitle={Proc. IEEE Int. Conf. Robot. Autom. (ICRA)},
  pages={879--885},
  year={2023},
  organization={IEEE}
}


@inproceedings{zhou2020one,
  title={One-step Local Feature Extraction using CNN},
  author={Zhou, Yunpeng and Zhu, Zhangqing and Xin, Bo},
  booktitle={Proc. IEEE Int. Conf. Netw., Sens. Control (ICNSC)},
  pages={1--6},
  year={2020},
  organization={IEEE}
}


@inproceedings{yu2020research,
  title={Research on 3D Object Recognition Based on Feature Level Fusion},
  author={Yu, Fan and Yang, Rui},
  booktitle={Proc. Int. Conf. Comput. Netw., Electron., Autom. (ICCNEA)},
  pages={49--53},
  year={2020},
  organization={IEEE}
}


@article{li2023efficient,
  title={An efficient single shot detector with weight-based feature fusion for small object detection},
  author={Li, Ming and Pi, Dechang and Qin, Shuo},
  journal={Scientific Reports},
  volume={13},
  number={1},
  pages={9883},
  year={2023},
  publisher={Nature Publishing Group UK London}
}

@article{song2022action,
  title={Action-state joint learning-based vehicle taillight recognition in diverse actual traffic scenes},
  author={Song, Wenjie and Liu, Shixian and Zhang, Ting and Yang, Yi and Fu, Mengyin},
  journal={IEEE Trans. Intell. Transp. Syst.},
  volume={23},
  number={10},
  pages={18088--18099},
  year={2022},
  publisher={IEEE}
}


@article{moosavi2021driving,
  title={Driving style representation in convolutional recurrent neural network model of driver identification},
  author={Moosavi, Sobhan and Mahajan, Pravar D and Parthasarathy, Srinivasan and Saunders-Chukwu, Colleen and Ramnath, Rajiv},
  year={2021},
  journal={arXiv:2102.05843}
}

@inproceedings{chen2021self,
  title={Self-imitation learning for robot tasks with sparse and delayed rewards},
  author={Chen, Zhixin and Lin, Mengxiang},
  booktitle={Proc. IEEE Int. Conf. Mechatronics Autom. (ICMA)},
  pages={477--482},
  year={2021},
  organization={IEEE}
}

@inproceedings{zhang2022traffic,
  title={Traffic sign recognition algorithm based on convolutional neural network},
  author={Zhang, Xiaoxue and Huang, Wei},
  booktitle={2022 3rd International Conference on Computer Vision, Image and Deep Learning \& International Conference on Computer Engineering and Applications (CVIDL \& ICCEA)},
  pages={1117--1119},
  year={2022},
  organization={IEEE}
}

@article{cai2020high,
  title={High-speed autonomous drifting with deep reinforcement learning},
  author={Cai, Peide and Mei, Xiaodong and Tai, Lei and Sun, Yuxiang and Liu, Ming},
  journal={IEEE Robot. Autom. Lett.},
  volume={5},
  number={2},
  pages={1247--1254},
  year={2020},
  publisher={IEEE}
}


@inproceedings{dosovitskiy2017carla,
  title={CARLA: An open urban driving simulator},
  author={Dosovitskiy, Alexey and Ros, German and Codevilla, Felipe and Lopez, Antonio and Koltun, Vladlen},
  booktitle={Conference on robot learning},
  pages={1--16},
  year={2017},
  organization={PMLR}
}

@misc{vectorzero2019roadrunner,
  author    = {VectorZero},
  title     = {Roadrunner},
  year      = {2019},
  howpublished = {\url{https://www.vectorzero.io/roadrunner}},
  note      = {[Online; accessed August 15, 2024]}
}

@misc{ellerbach2019rl,
  author       = {Maxime Ellerbach},
  title        = {RL-environnement-for-autonomous-car},
  howpublished = {\url{https://github.com/Maximellerbach/RL-environnement-for-autonomous-car}},
  year         = {2019},
  note      = {[Online; accessed August 15, 2024]}
}

@Comment{jabref-meta: databaseType:bibtex;}
