@article{ahsan2024systematic,
	title={A systematic literature review on software security testing using metaheuristics},
	author={Ahsan, Fatma and Anwer, Faisal},
	journal={Automated Software Engineering},
	volume={31},
	number={2},
	pages={1--73},
	year={2024},
	publisher={Springer}
}

@article{avgerinos2014automatic,
	title={Automatic exploit generation},
	author={Avgerinos, Thanassis and Cha, Sang Kil and Rebert, Alexandre and Schwartz, Edward J and Woo, Maverick and Brumley, David},
	journal={Communications of the ACM},
	volume={57},
	number={2},
	pages={74--84},
	year={2014},
	publisher={ACM New York, NY, USA}
}

@article{aydos2022security,
	title={Security testing of web applications: A systematic mapping of the literature},
	author={Aydos, Murat and Aldan, {\c{C}}i{\u{g}}dem and Co{\c{s}}kun, Evren and Soydan, Alperen},
	journal={Journal of King Saud University-Computer and Information Sciences},
	volume={34},
	number={9},
	pages={6775--6792},
	year={2022},
	publisher={Elsevier}
}

@incollection{felderer2016security,
	title={Security testing: A survey},
	author={Felderer, Michael and B{\"u}chler, Matthias and Johns, Martin and Brucker, Achim D and Breu, Ruth and Pretschner, Alexander},
	booktitle={Advances in Computers},
	volume={101},
	pages={1--51},
	year={2016},
	publisher={Elsevier}
}

@inproceedings{shahriar2009automatic,
	title={Automatic testing of program security vulnerabilities},
	author={Shahriar, Hossain and Zulkernine, Mohammad},
	booktitle={2009 33rd Annual IEEE International Computer Software and Applications Conference},
	volume={2},
	pages={550--555},
	year={2009},
	organization={IEEE}
}

