
% Journals

% First the Full Name is given, then the abbreviation used in the AMS Math
% Reviews, with an indication if it could not be found there.
% Note the 2nd overwrites the 1st, so swap them if you want the full name.

 %{AMS}
 @String{AMSTrans = "American Mathematical Society Translations" }
 @String{AMSTrans = "Amer. Math. Soc. Transl." }
 @String{BullAMS = "Bulletin of the American Mathematical Society" }
 @String{BullAMS = "Bull. Amer. Math. Soc." }
 @String{ProcAMS = "Proceedings of the American Mathematical Society" }
 @String{ProcAMS = "Proc. Amer. Math. Soc." }
 @String{TransAMS = "Transactions of the American Mathematical Society" }
 @String{TransAMS = "Trans. Amer. Math. Soc." }

 %ACM
 @String{CACM = "Communications of the {ACM}" }
 @String{CACM = "Commun. {ACM}" }
 @String{CompServ = "Comput. Surveys" }
 @String{JACM = "J. ACM" }
 @String{ACMMathSoft = "{ACM} Transactions on Mathematical Software" }
 @String{ACMMathSoft = "{ACM} Trans. Math. Software" }
 @String{SIGNUM = "{ACM} {SIGNUM} Newsletter" }
 @String{SIGNUM = "{ACM} {SIGNUM} Newslett." }

 @String{AmerSocio = "American Journal of Sociology" }
 @String{AmerStatAssoc = "Journal of the American Statistical Association" }
 @String{AmerStatAssoc = "J. Amer. Statist. Assoc." }
 @String{ApplMathComp = "Applied Mathematics and Computation" }
 @String{ApplMathComp = "Appl. Math. Comput." }
 @String{AmerMathMonthly = "American Mathematical Monthly" }
 @String{AmerMathMonthly = "Amer. Math. Monthly" }
 @String{BIT = "{BIT}" }
 @String{BritStatPsych = "British Journal of Mathematical and Statistical
          Psychology" }
 @String{BritStatPsych = "Brit. J. Math. Statist. Psych." }
 @String{CanMathBull = "Canadian Mathematical Bulletin" }
 @String{CanMathBull = "Canad. Math. Bull." }
 @String{CompApplMath = "Journal of Computational and Applied Mathematics" }
 @String{CompApplMath = "J. Comput. Appl. Math." }
 @String{CompPhys = "Journal of Computational Physics" }
 @String{CompPhys = "J. Comput. Phys." }
 @String{CompStruct = "Computers and Structures" }
 @String{CompStruct = "Comput. \& Structures" }
 @String{CompJour = "The Computer Journal" }
 @String{CompJour = "Comput. J." }
 @String{CompSysSci = "Journal of Computer and System Sciences" }
 @String{CompSysSci = "J. Comput. System Sci." }
 @String{Computing = "Computing" }
 @String{ContempMath = "Contemporary Mathematics" }
 @String{ContempMath = "Contemp. Math." }
 @String{Crelle = "Crelle's Journal" }
 @String{GiornaleMath = "Giornale di Mathematiche" }
 @String{GiornaleMath = "Giorn. Mat." } % didn't find in AMS MR., ibid.

 %IEEE
 @String{Computer = "{IEEE} Computer" }
 @String{IEEETransComp = "{IEEE} Transactions on Computers" }
 @String{IEEETransComp = "{IEEE} Trans. Comput." }
 @String{IEEETransAC = "{IEEE} Transactions on Automatic Control" }
 @String{IEEETransAC = "{IEEE} Trans. Automat. Control" }
 @String{IEEESpec = "{IEEE} Spectrum" } % didn't find in AMS MR
 @String{ProcIEEE = "Proceedings of the {IEEE}" }
 @String{ProcIEEE = "Proc. {IEEE}" } % didn't find in AMS MR
 @String{IEEETransAeroElec = "{IEEE} Transactions on Aerospace and Electronic
     Systems" }
 @String{IEEETransAeroElec = "{IEEE} Trans. Aerospace Electron. Systems" }

 @String{IMANumerAna = "{IMA} Journal of Numerical Analysis" }
 @String{IMANumerAna = "{IMA} J. Numer. Anal." }
 @String{InfProcLet = "Information Processing Letters" }
 @String{InfProcLet = "Inform. Process. Lett." }
 @String{InstMathApp = "Journal of the Institute of Mathematics and
     its Applications" }
 @String{InstMathApp = "J. Inst. Math. Appl." }
 @String{IntControl = "International Journal of Control" }
 @String{IntControl = "Internat. J. Control" }
 @String{IntNumerEng = "International Journal for Numerical Methods in
     Engineering" }
 @String{IntNumerEng = "Internat. J. Numer. Methods Engrg." }
 @String{IntSuper = "International Journal of Supercomputing Applications" }
 @String{IntSuper = "Internat. J. Supercomputing Applic." } % didn't find
%% in AMS MR
 @String{Kibernetika = "Kibernetika" }
 @String{JResNatBurStand = "Journal of Research of the National Bureau
     of Standards" }
 @String{JResNatBurStand = "J. Res. Nat. Bur. Standards" }
 @String{LinAlgApp = "Linear Algebra and its Applications" }
 @String{LinAlgApp = "Linear Algebra Appl." }
 @String{MathAnaAppl = "Journal of Mathematical Analysis and Applications" }
 @String{MathAnaAppl = "J. Math. Anal. Appl." }
 @String{MathAnnalen = "Mathematische Annalen" }
 @String{MathAnnalen = "Math. Ann." }
 @String{MathPhys = "Journal of Mathematical Physics" }
 @String{MathPhys = "J. Math. Phys." }
 @String{MathComp = "Mathematics of Computation" }
 @String{MathComp = "Math. Comp." }
 @String{MathScand = "Mathematica Scandinavica" }
 @String{MathScand = "Math. Scand." }
 @String{TablesAidsComp = "Mathematical Tables and Other Aids to Computation" }
 @String{TablesAidsComp = "Math. Tables Aids Comput." }
 @String{NumerMath = "Numerische Mathematik" }
 @String{NumerMath = "Numer. Math." }
 @String{PacificMath = "Pacific Journal of Mathematics" }
 @String{PacificMath = "Pacific J. Math." }
 @String{ParDistComp = "Journal of Parallel and Distributed Computing" }
 @String{ParDistComp = "J. Parallel and Distrib. Comput." } % didn't find
%% in AMS MR
 @String{ParComputing = "Parallel Computing" }
 @String{ParComputing = "Parallel Comput." }
 @String{PhilMag = "Philosophical Magazine" }
 @String{PhilMag = "Philos. Mag." }
 @String{ProcNAS = "Proceedings of the National Academy of Sciences
                    of the USA" }
 @String{ProcNAS = "Proc. Nat. Acad. Sci. U. S. A." }
 @String{Psychometrika = "Psychometrika" }
 @String{QuartMath = "Quarterly Journal of Mathematics, Oxford, Series (2)" }
 @String{QuartMath = "Quart. J. Math. Oxford Ser. (2)" }
 @String{QuartApplMath = "Quarterly of Applied Mathematics" }
 @String{QuartApplMath = "Quart. Appl. Math." }
 @String{RevueInstStat = "Review of the International Statisical Institute" }
 @String{RevueInstStat = "Rev. Inst. Internat. Statist." }

 %SIAM
 @String{JSIAM = "Journal of the Society for Industrial and Applied
     Mathematics" }
 @String{JSIAM = "J. Soc. Indust. Appl. Math." }
 @String{JSIAMB = "Journal of the Society for Industrial and Applied
     Mathematics, Series B, Numerical Analysis" }
 @String{JSIAMB = "J. Soc. Indust. Appl. Math. Ser. B Numer. Anal." }
 @String{SIAMAlgMeth = "{SIAM} Journal on Algebraic and Discrete Methods" }
 @String{SIAMAlgMeth = "{SIAM} J. Algebraic Discrete Methods" }
 @String{SIAMAppMath = "{SIAM} Journal on Applied Mathematics" }
 @String{SIAMAppMath = "{SIAM} J. Appl. Math." }
 @String{SIAMComp = "{SIAM} Journal on Computing" }
 @String{SIAMComp = "{SIAM} J. Comput." }
 @String{SIAMMatrix = "{SIAM} Journal on Matrix Analysis and Applications" }
 @String{SIAMMatrix = "{SIAM} J. Matrix Anal. Appl." }
 @String{SIAMNumAnal = "{SIAM} Journal on Numerical Analysis" }
 @String{SIAMNumAnal = "{SIAM} J. Numer. Anal." }
 @String{SIAMReview = "{SIAM} Review" }
 @String{SIAMReview = "{SIAM} Rev." }
 @String{SIAMSciStat = "{SIAM} Journal on Scientific and Statistical
     Computing" }
 @String{SIAMSciStat = "{SIAM} J. Sci. Statist. Comput." }

 @String{SoftPracExp = "Software Practice and Experience" }
 @String{SoftPracExp = "Software Prac. Experience" } % didn't find in AMS MR
 @String{StatScience = "Statistical Science" }
 @String{StatScience = "Statist. Sci." }
 @String{Techno = "Technometrics" }
 @String{USSRCompMathPhys = "{USSR} Computational Mathematics and Mathematical
     Physics" }
 @String{USSRCompMathPhys = "{U. S. S. R.} Comput. Math. and Math. Phys." }
 @String{VLSICompSys = "Journal of {VLSI} and Computer Systems" }
 @String{VLSICompSys = "J. {VLSI} Comput. Syst." }
 @String{ZAngewMathMech = "Zeitschrift fur Angewandte Mathematik und
     Mechanik" }
 @String{ZAngewMathMech = "Z. Angew. Math. Mech." }
 @String{ZAngewMathPhys = "Zeitschrift fur Angewandte Mathematik und Physik" }
 @String{ZAngewMathPhys = "Z. Angew. Math. Phys." }

% Publishers % ================================================= |

 @String{Academic = "Academic Press" }
 @String{ACMPress = "{ACM} Press" }
 @String{AdamHilger = "Adam Hilger" }
 @String{AddisonWesley = "Addison-Wesley" }
 @String{AllynBacon = "Allyn and Bacon" }
 @String{AMS = "American Mathematical Society" }
 @String{Birkhauser = "Birkha{\"u}ser" }
 @String{CambridgePress = "Cambridge University Press" }
 @String{Chelsea = "Chelsea" }
 @String{ClaredonPress = "Claredon Press" }
 @String{DoverPub = "Dover Publications" }
 @String{Eyolles = "Eyolles" }
 @String{HoltRinehartWinston = "Holt, Rinehart and Winston" }
 @String{Interscience = "Interscience" }
 @String{JohnsHopkinsPress = "The Johns Hopkins University Press" }
 @String{JohnWileySons = "John Wiley and Sons" }
 @String{Macmillan = "Macmillan" }
 @String{MathWorks = "The Math Works Inc." }
 @String{McGrawHill = "McGraw-Hill" }
 @String{NatBurStd = "National Bureau of Standards" }
 @String{NorthHolland = "North-Holland" }
 @String{OxfordPress = "Oxford University Press" }  %address Oxford or London?
 @String{PergamonPress = "Pergamon Press" }
 @String{PlenumPress = "Plenum Press" }
 @String{PrenticeHall = "Prentice-Hall" }
 @String{SIAMPub = "{SIAM} Publications" }
 @String{Springer = "Springer-Verlag" }
 @String{TexasPress = "University of Texas Press" }
 @String{VanNostrand = "Van Nostrand" }
 @String{WHFreeman = "W. H. Freeman and Co." }

% General vulnerability works
@article{chakraborty2021deep,
  title={Deep learning based vulnerability detection: Are we there yet?},
  author={Chakraborty, Saikat and Krishna, Rahul and Ding, Yangruibo and Ray, Baishakhi},
  journal={IEEE Transactions on Software Engineering},
  volume={48},
  number={9},
  pages={3280--3296},
  year={2021},
  publisher={IEEE}
}

@inproceedings{fu2022linevul,
  title={Linevul: A transformer-based line-level vulnerability prediction},
  author={Fu, Michael and Tantithamthavorn, Chakkrit},
  booktitle={Proceedings of the 19th International Conference on Mining Software Repositories},
  pages={608--620},
  year={2022}
}

@article{li2018vuldeepecker,
  title={Vuldeepecker: A deep learning-based system for vulnerability detection},
  author={Li, Zhen and Zou, Deqing and Xu, Shouhuai and Ou, Xinyu and Jin, Hai and Wang, Sujuan and Deng, Zhijun and Zhong, Yuyi},
  journal={arXiv preprint arXiv:1801.01681},
  year={2018}
}

@article{scandariato2014predicting,
  title={Predicting vulnerable software components via text mining},
  author={Scandariato, Riccardo and Walden, James and Hovsepyan, Aram and Joosen, Wouter},
  journal={IEEE Transactions on Software Engineering},
  volume={40},
  number={10},
  pages={993--1006},
  year={2014},
  publisher={IEEE}
}

@inproceedings{du2019leopard,
  title={Leopard: Identifying vulnerable code for vulnerability assessment through program metrics},
  author={Du, Xiaoning and Chen, Bihuan and Li, Yuekang and Guo, Jianmin and Zhou, Yaqin and Liu, Yang and Jiang, Yu},
  booktitle={2019 IEEE/ACM 41st International Conference on Software Engineering (ICSE)},
  pages={60--71},
  year={2019},
  organization={IEEE}
}

@inproceedings{han2017learning,
  title={Learning to predict severity of software vulnerability using only vulnerability description},
  author={Han, Zhuobing and Li, Xiaohong and Xing, Zhenchang and Liu, Hongtao and Feng, Zhiyong},
  booktitle={2017 IEEE International conference on software maintenance and evolution (ICSME)},
  pages={125--136},
  year={2017},
  organization={IEEE}
}

@article{upadhyay2020scada,
  title={SCADA (Supervisory Control and Data Acquisition) systems: Vulnerability assessment and security recommendations},
  author={Upadhyay, Darshana and Sampalli, Srinivas},
  journal={Computers \& Security},
  volume={89},
  pages={101666},
  year={2020},
  publisher={Elsevier}
}

@inproceedings{le2021deepcva,
  title={Deepcva: Automated commit-level vulnerability assessment with deep multi-task learning},
  author={Le, Triet Huynh Minh and Hin, David and Croft, Roland and Babar, M Ali},
  booktitle={2021 36th IEEE/ACM International Conference on Automated Software Engineering (ASE)},
  pages={717--729},
  year={2021},
  organization={IEEE}
}

%Entries

@article{pendleton2016survey,
	title={A survey on systems security metrics},
	author={Pendleton, Marcus and Garcia-Lebron, Richard and Cho, Jin-Hee and Xu, Shouhuai},
	journal={ACM Computing Surveys (CSUR)},
	volume={49},
	number={4},
	pages={1--35},
	year={2016},
	publisher={ACM New York, NY, USA}
}

@inproceedings{shahriar2009automatic,
	title={Automatic testing of program security vulnerabilities},
	author={Shahriar, Hossain and Zulkernine, Mohammad},
	booktitle={2009 33rd Annual IEEE International Computer Software and Applications Conference},
	volume={2},
	pages={550--555},
	year={2009},
	organization={IEEE}
}

@incollection{felderer2016security,
	title={Security testing: A survey},
	author={Felderer, Michael and B{\"u}chler, Matthias and Johns, Martin and Brucker, Achim D and Breu, Ruth and Pretschner, Alexander},
	booktitle={Advances in Computers},
	volume={101},
	pages={1--51},
	year={2016},
	publisher={Elsevier}
}

@article{felderer2016model,
	title={Model-based security testing: a taxonomy and systematic classification},
	author={Felderer, Michael and Zech, Philipp and Breu, Ruth and B{\"u}chler, Matthias and Pretschner, Alexander},
	journal={Software testing, verification and reliability},
	volume={26},
	number={2},
	pages={119--148},
	year={2016},
	publisher={Wiley Online Library}
}

@article{aydos2022security,
	title={Security testing of web applications: A systematic mapping of the literature},
	author={Aydos, Murat and Aldan, {\c{C}}i{\u{g}}dem and Co{\c{s}}kun, Evren and Soydan, Alperen},
	journal={Journal of King Saud University-Computer and Information Sciences},
	volume={34},
	number={9},
	pages={6775--6792},
	year={2022},
	publisher={Elsevier}
}

@article{sommer2023survey,
	title={Survey of model-based security testing approaches in the automotive domain},
	author={Sommer, Florian and Kriesten, Reiner and Kargl, Frank},
	journal={IEEE Access},
	year={2023},
	publisher={IEEE}
}

@article{ahsan2024systematic,
	title={A systematic literature review on software security testing using metaheuristics},
	author={Ahsan, Fatma and Anwer, Faisal},
	journal={Automated Software Engineering},
	volume={31},
	number={2},
	pages={1--73},
	year={2024},
	publisher={Springer}
}

@book{kennedy2011metasploit,
  title={Metasploit: the penetration tester's guide},
  author={Kennedy, David and O'gorman, Jim and Kearns, Devon and Aharoni, Mati},
  year={2011},
  publisher={No Starch Press}
}

@inproceedings{iannone2021toward,
	title={Toward automated exploit generation for known vulnerabilities in open-source libraries},
	author={Iannone, Emanuele and Di Nucci, Dario and Sabetta, Antonino and De Lucia, Andrea},
	booktitle={2021 IEEE/ACM 29th International Conference on Program Comprehension (ICPC)},
	pages={396--400},
	year={2021},
	organization={IEEE}
}

@article{avgerinos2014automatic,
	title={Automatic exploit generation},
	author={Avgerinos, Thanassis and Cha, Sang Kil and Rebert, Alexandre and Schwartz, Edward J and Woo, Maverick and Brumley, David},
	journal={Communications of the ACM},
	volume={57},
	number={2},
	pages={74--84},
	year={2014},
	publisher={ACM New York, NY, USA}
}

@inproceedings{ge2023survey,
	title={A survey of automatic exploitation of binary vulnerabilities},
	author={Ge, Xueshuai and Liu, Tieming and Xie, Yaobin and Zhang, Yuanyuan},
	booktitle={International Conference on Computer Network Security and Software Engineering (CNSSE 2023)},
	volume={12714},
	pages={197--212},
	year={2023},
	organization={SPIE}
}

@techreport{keele2007guidelines,
	title = {Guidelines for performing systematic literature reviews in software engineering},
	url = {https://www.cs.auckland.ac.nz/~norsaremah/2007%20Guidelines%20for%20performing%20SLR%20in%20SE%20v2.3.pdf},
	urldate = {2014-08-08},
	institution = {Technical report, EBSE Technical Report EBSE-2007-01},
	author = {Kitchenham, B and Charters, S},
	year = {2007},
	note = {KerkoCite.ItemAlsoKnownAs: 2317526:HSIWMWZ4 2339240:N8YQHF8P 2405685:EDAG684W UA-06ccd9ca-95f9-4791-8ece-974e855c5c3e},
	keywords = {-FullBiblioUHMLgen, -GeneralCitations, -missingHU, P:Methods, Reviewed, publicImportV1},
}



% Included Studies
@CONFERENCE{Liu2016123,
	author = {Liu, Lei and Xu, Jing and Yang, Hongji and Guo, Chenkai and Kang, Jiehui and Xu, Sihan and Zhang, Biao and Si, Guannan},
	title = {An Effective Penetration Test Approach Based on Feature Matrix for Exposing SQL Injection Vulnerability},
	year = {2016},
	journal = {Proceedings - International Computer Software and Applications Conference},
	volume = {1},
	pages = {123 – 132},
	doi = {10.1109/COMPSAC.2016.55},
	url = {https://www.scopus.com/inward/record.uri?eid=2-s2.0-84987984775&doi=10.1109%2fCOMPSAC.2016.55&partnerID=40&md5=7dee2ca4d72714966d0fd5732b747c75},
	type = {Conference paper},
	publication_stage = {Final},
	source = {Scopus},
	note = {Cited by: 7}
}

@CONFERENCE{Zhang201946,
	author = {Zhang, Yuntao and Liu, Tong and Wang, Zhongru and Ruan, Qiang and Fang, Binxing},
	title = {AutoDE: Automated vulnerability discovery and exploitation},
	year = {2019},
	journal = {Proceedings - 2019 IEEE 4th International Conference on Data Science in Cyberspace, DSC 2019},
	pages = {46 – 53},
	doi = {10.1109/DSC.2019.00016},
	url = {https://www.scopus.com/inward/record.uri?eid=2-s2.0-85077126711&doi=10.1109%2fDSC.2019.00016&partnerID=40&md5=3aceacab4f2feaa06161b2bea0f2cf2a},
	type = {Conference paper},
	publication_stage = {Final},
	source = {Scopus},
	note = {Cited by: 2}
}

@CONFERENCE{Appelt2014259,
	author = {Appelt, Dennis and Nguyen, Cu Duy and Briand, Lionel C. and Alshahwan, Nadia},
	title = {Automated testing for SQL injection vulnerabilities: An input mutation approach},
	year = {2014},
	journal = {2014 International Symposium on Software Testing and Analysis, ISSTA 2014 - Proceedings},
	pages = {259 – 269},
	doi = {10.1145/2610384.2610403},
	url = {https://www.scopus.com/inward/record.uri?eid=2-s2.0-84929709792&doi=10.1145%2f2610384.2610403&partnerID=40&md5=43c049612e5f9917216a2d0887c78264},
	type = {Conference paper},
	publication_stage = {Final},
	source = {Scopus},
	note = {Cited by: 79}
}

@ARTICLE{Wei2019120152,
	author = {Wei, Yuan and Luo, Senlin and Zhuge, Jianwei and Gao, Jing and Zheng, Ennan and Li, Bo and Pan, Limin},
	title = {ARG: Automatic ROP Chains Generation},
	year = {2019},
	journal = {IEEE Access},
	volume = {7},
	pages = {120152 – 120163},
	doi = {10.1109/ACCESS.2019.2937585},
	url = {https://www.scopus.com/inward/record.uri?eid=2-s2.0-85097336137&doi=10.1109%2fACCESS.2019.2937585&partnerID=40&md5=08615457b0969d10259ad555af7d2542},
	type = {Article},
	publication_stage = {Final},
	source = {Scopus},
	note = {Cited by: 5; All Open Access, Gold Open Access}
}

@ARTICLE{Brizendine202277,
	author = {Brizendine, Bramwell and Babcock, Austin},
	title = {A Novel Method for the Automatic Generation of JOP Chain Exploits},
	year = {2022},
	journal = {Lecture Notes in Networks and Systems},
	volume = {310},
	pages = {77 – 92},
	doi = {10.1007/978-3-030-84614-5_7},
	url = {https://www.scopus.com/inward/record.uri?eid=2-s2.0-85113754201&doi=10.1007%2f978-3-030-84614-5_7&partnerID=40&md5=0af54696253cf77abc76842333b8b9dc},
	type = {Conference paper},
	publication_stage = {Final},
	source = {Scopus},
	note = {Cited by: 0}
}

@CONFERENCE{Dixit2021,
	author = {Dixit, Shruti and Geethna, T.K. and Jayaramau, Swaminathan and Pavithran, Vipin},
	title = {AngErza: Automated Exploit Generation},
	year = {2021},
	journal = {2021 12th International Conference on Computing Communication and Networking Technologies, ICCCNT 2021},
	doi = {10.1109/ICCCNT51525.2021.9579959},
	url = {https://www.scopus.com/inward/record.uri?eid=2-s2.0-85126230911&doi=10.1109%2fICCCNT51525.2021.9579959&partnerID=40&md5=193ecfd1e083a611f83252e1d85222da},
	type = {Conference paper},
	publication_stage = {Final},
	source = {Scopus},
	note = {Cited by: 1}
}

@CONFERENCE{Huang2019,
	author = {Huang, Ning and Huang, Shuguang and Chang, Chao},
	title = {Analysis to Heap Overflow Exploit in Linux with Symbolic Execution},
	year = {2019},
	journal = {IOP Conference Series: Earth and Environmental Science},
	volume = {252},
	number = {4},
	doi = {10.1088/1755-1315/252/4/042100},
	url = {https://www.scopus.com/inward/record.uri?eid=2-s2.0-85070199821&doi=10.1088%2f1755-1315%2f252%2f4%2f042100&partnerID=40&md5=06b786a30bbd08a50ef5620c6c46ab16},
	type = {Conference paper},
	publication_stage = {Final},
	source = {Scopus},
	note = {Cited by: 6; All Open Access, Gold Open Access}
}

@CONFERENCE{Jan201612,
	author = {Jan, Sadeeq and Nguyen, Cu D. and Briand, Lionel C.},
	title = {Automated and effective testing of web services for XML injection attacks},
	year = {2016},
	journal = {ISSTA 2016 - Proceedings of the 25th International Symposium on Software Testing and Analysis},
	pages = {12 – 23},
	doi = {10.1145/2931037.2931042},
	url = {https://www.scopus.com/inward/record.uri?eid=2-s2.0-84984889805&doi=10.1145%2f2931037.2931042&partnerID=40&md5=f64a1b4fb9cb78baf4038927422641e6},
	type = {Conference paper},
	publication_stage = {Final},
	source = {Scopus},
	note = {Cited by: 18}
}

@ARTICLE{Xu2015247,
	author = {Xu, Dianxiang and Xu, Weifeng and Kent, Michael and Thomas, Lijo and Wang, Linzhang},
	title = {An automated test generation technique for software quality assurance},
	year = {2015},
	journal = {IEEE Transactions on Reliability},
	volume = {64},
	number = {1},
	pages = {247 – 268},
	doi = {10.1109/TR.2014.2354172},
	url = {https://www.scopus.com/inward/record.uri?eid=2-s2.0-85027937194&doi=10.1109%2fTR.2014.2354172&partnerID=40&md5=df16f09cd5debddc760d8be023182a17},
	type = {Article},
	publication_stage = {Final},
	source = {Scopus},
	note = {Cited by: 41}
}

@CONFERENCE{Liu202271,
	author = {Liu, Zhehui and Wang, Zhongru and Zhang, Yuntao and Liu, Tong and Fang, Binxing and Pang, Zhengyuan},
	title = {Automated Crash Analysis and Exploit Generation with Extendable Exploit Model},
	year = {2022},
	journal = {Proceedings - 2022 7th IEEE International Conference on Data Science in Cyberspace, DSC 2022},
	pages = {71 – 78},
	doi = {10.1109/DSC55868.2022.00017},
	url = {https://www.scopus.com/inward/record.uri?eid=2-s2.0-85141381445&doi=10.1109%2fDSC55868.2022.00017&partnerID=40&md5=13f06dd1beea6e1294ba84b2f108c0fe},
	type = {Conference paper},
	publication_stage = {Final},
	source = {Scopus},
	note = {Cited by: 1}
}

@CONFERENCE{Atlidakis2020387,
	author = {Atlidakis, Vaggelis and Godefroid, Patrice and Polishchuk, Marina},
	title = {Checking Security Properties of Cloud Service REST APIs},
	year = {2020},
	journal = {Proceedings - 2020 IEEE 13th International Conference on Software Testing, Verification and Validation, ICST 2020},
	pages = {387 – 397},
	doi = {10.1109/ICST46399.2020.00046},
	url = {https://www.scopus.com/inward/record.uri?eid=2-s2.0-85091553331&doi=10.1109%2fICST46399.2020.00046&partnerID=40&md5=192a460a1872c2017eed3d59570153de},
	type = {Conference paper},
	publication_stage = {Final},
	source = {Scopus},
	note = {Cited by: 31}
}

@CONFERENCE{Zhang2010501,
	author = {Zhang, Lijiu and Gu, Qing and Peng, Shushen and Chen, Xiang and Zhao, Haigang and Chen, Daoxu},
	title = {D-WAV: A web application vulnerabilities detection tool using characteristics of web forms},
	year = {2010},
	journal = {Proceedings - 5th International Conference on Software Engineering Advances, ICSEA 2010},
	pages = {501 – 507},
	doi = {10.1109/ICSEA.2010.85},
	url = {https://www.scopus.com/inward/record.uri?eid=2-s2.0-78649854783&doi=10.1109%2fICSEA.2010.85&partnerID=40&md5=72d2e6c5a79f72b83b78724a54fcaef3},
	type = {Conference paper},
	publication_stage = {Final},
	source = {Scopus},
	note = {Cited by: 12}
}

@CONFERENCE{Böhme20161032,
	author = {Böhme, Marcel and Pham, Van-Thuan and Roychoudhury, Abhik},
	title = {Coverage-based Greybox Fuzzing as Markov chain},
	year = {2016},
	journal = {Proceedings of the ACM Conference on Computer and Communications Security},
	volume = {24-28-October-2016},
	pages = {1032 – 1043},
	doi = {10.1145/2976749.2978428},
	url = {https://www.scopus.com/inward/record.uri?eid=2-s2.0-84995450940&doi=10.1145%2f2976749.2978428&partnerID=40&md5=f1d101817322afe2522cba7636e35cc2},
	type = {Conference paper},
	publication_stage = {Final},
	source = {Scopus},
	note = {Cited by: 394}
}

@ARTICLE{Bohme2019489,
	author = {Bohme, Marcel and Pham, Van-Thuan and Roychoudhury, Abhik},
	title = {Coverage-Based Greybox Fuzzing as Markov Chain},
	year = {2019},
	journal = {IEEE Transactions on Software Engineering},
	volume = {45},
	number = {5},
	pages = {489 – 506},
	doi = {10.1109/TSE.2017.2785841},
	url = {https://www.scopus.com/inward/record.uri?eid=2-s2.0-85039779858&doi=10.1109%2fTSE.2017.2785841&partnerID=40&md5=671023a3b2d0c17aa9229b636cbb5f29},
	type = {Article},
	publication_stage = {Final},
	source = {Scopus},
	note = {Cited by: 255}
}

@CONFERENCE{Huang2013208,
	author = {Huang, Shih-Kun and Lu, Han-Lin and Leong, Wai-Meng and Liu, Huan},
	title = {CRAXweb: Automatic web application testing and attack generation},
	year = {2013},
	journal = {Proceedings - 7th International Conference on Software Security and Reliability, SERE 2013},
	pages = {208 – 217},
	doi = {10.1109/SERE.2013.26},
	url = {https://www.scopus.com/inward/record.uri?eid=2-s2.0-84883333847&doi=10.1109%2fSERE.2013.26&partnerID=40&md5=b14b010708c19ec5c6741f65ae30cc9e},
	type = {Conference paper},
	publication_stage = {Final},
	source = {Scopus},
	note = {Cited by: 18}
}

@ARTICLE{Liu2018,
	author = {Liu, Xiaolong and Wei, Qiang and Wang, Qingxian and Zhao, Zheng and Yin, Zhongxu},
	title = {CAFA: A Checksum-Aware Fuzzing Assistant Tool for Coverage Improvement},
	year = {2018},
	journal = {Security and Communication Networks},
	volume = {2018},
	doi = {10.1155/2018/9071065},
	url = {https://www.scopus.com/inward/record.uri?eid=2-s2.0-85072931169&doi=10.1155%2f2018%2f9071065&partnerID=40&md5=72caafd70ff4c328bf1a7cd7edd395a1},
	type = {Article},
	publication_stage = {Final},
	source = {Scopus},
	note = {Cited by: 3; All Open Access, Gold Open Access}
}

@CONFERENCE{Garcia2017661,
	author = {Garcia, Joshua and Hammad, Mahmoud and Ghorbani, Negar and Malek, Sam},
	title = {Automatic generation of inter-component communication exploits for android applications},
	year = {2017},
	journal = {Proceedings of the ACM SIGSOFT Symposium on the Foundations of Software Engineering},
	volume = {Part F130154},
	pages = {661 – 671},
	doi = {10.1145/3106237.3106286},
	url = {https://www.scopus.com/inward/record.uri?eid=2-s2.0-85030777770&doi=10.1145%2f3106237.3106286&partnerID=40&md5=578efd4d0c8b1f377b38ad6389c2b4a4},
	type = {Conference paper},
	publication_stage = {Final},
	source = {Scopus},
	note = {Cited by: 27; All Open Access, Bronze Open Access}
}

@CONFERENCE{Mohammadi201678,
	author = {Mohammadi, Mahmoud and Chu, Bill and Lipford, Heather Richter and Murphy-Hill, Emerson},
	title = {Automatic web security unit testing: XSS vulnerability detection},
	year = {2016},
	journal = {Proceedings - 11th International Workshop on Automation of Software Test, AST 2016},
	pages = {78 – 84},
	doi = {10.1145/2896921.2896929},
	url = {https://www.scopus.com/inward/record.uri?eid=2-s2.0-84974574910&doi=10.1145%2f2896921.2896929&partnerID=40&md5=c3c8100c7c6b030d381627cfd67a2c4f},
	type = {Conference paper},
	publication_stage = {Final},
	source = {Scopus},
	note = {Cited by: 22; All Open Access, Green Open Access}
}

@ARTICLE{Wang2013216,
	author = {Wang, Minghua and Su, Purui and Li, Qi and Ying, Lingyun and Yang, Yi and Feng, Dengguo},
	title = {Automatic polymorphic exploit generation for software vulnerabilities},
	year = {2013},
	journal = {Lecture Notes of the Institute for Computer Sciences, Social-Informatics and Telecommunications Engineering, LNICST},
	volume = {127 LNICST},
	pages = {216 – 233},
	doi = {10.1007/978-3-319-04283-1_14},
	url = {https://www.scopus.com/inward/record.uri?eid=2-s2.0-84908115463&doi=10.1007%2f978-3-319-04283-1_14&partnerID=40&md5=7ab5a4e910a1d20fd99fea869abcbf00},
	type = {Conference paper},
	publication_stage = {Final},
	source = {Scopus},
	note = {Cited by: 37}
}

@ARTICLE{Xu2022,
	author = {Xu, Shenglin and Wang, Yongjun},
	title = {BofAEG: Automated Stack Buffer Overflow Vulnerability Detection and Exploit Generation Based on Symbolic Execution and Dynamic Analysis},
	year = {2022},
	journal = {Security and Communication Networks},
	volume = {2022},
	doi = {10.1155/2022/1251987},
	url = {https://www.scopus.com/inward/record.uri?eid=2-s2.0-85145812949&doi=10.1155%2f2022%2f1251987&partnerID=40&md5=228e011d97c19526eaf2673329690862},
	type = {Article},
	publication_stage = {Final},
	source = {Scopus},
	note = {Cited by: 6; All Open Access, Gold Open Access}
}

@ARTICLE{Alshmrany202185,
	author = {Alshmrany, Kaled M. and Aldughaim, Mohannad and Bhayat, Ahmed and Cordeiro, Lucas C.},
	title = {FuSeBMC: An Energy-Efficient Test Generator for Finding Security Vulnerabilities in C Programs},
	year = {2021},
	journal = {Lecture Notes in Computer Science (including subseries Lecture Notes in Artificial Intelligence and Lecture Notes in Bioinformatics)},
	volume = {12740 LNCS},
	pages = {85 – 105},
	doi = {10.1007/978-3-030-79379-1_6},
	url = {https://www.scopus.com/inward/record.uri?eid=2-s2.0-85111413108&doi=10.1007%2f978-3-030-79379-1_6&partnerID=40&md5=3faab0dfba38df3bf1a4bb4da71bdae1},
	type = {Conference paper},
	publication_stage = {Final},
	source = {Scopus},
	note = {Cited by: 13}
}

@ARTICLE{Bozic202020,
	author = {Bozic, Josip and Wotawa, Franz},
	title = {Interrogating Virtual Agents: In Quest of Security Vulnerabilities},
	year = {2020},
	journal = {Lecture Notes in Computer Science (including subseries Lecture Notes in Artificial Intelligence and Lecture Notes in Bioinformatics)},
	volume = {12543 LNCS},
	pages = {20 – 34},
	doi = {10.1007/978-3-030-64881-7_2},
	url = {https://www.scopus.com/inward/record.uri?eid=2-s2.0-85097816474&doi=10.1007%2f978-3-030-64881-7_2&partnerID=40&md5=00ea738bc381100554f3f7b68820fcbf},
	type = {Conference paper},
	publication_stage = {Final},
	source = {Scopus},
	note = {Cited by: 0; All Open Access, Green Open Access}
}

@CONFERENCE{Gong2022374,
	author = {Gong, Kairui and Yang, Wenchuan and Cui, Baojiang and Chen, Chen},
	title = {DRLFCfuzzer: fuzzing with Deep-Reinforcement-Learning under Format Constraints},
	year = {2022},
	journal = {Proceedings - 2022 2nd International Conference on Electronic Information Engineering and Computer Technology, EIECT 2022},
	pages = {374 – 380},
	doi = {10.1109/EIECT58010.2022.00080},
	url = {https://www.scopus.com/inward/record.uri?eid=2-s2.0-85151525168&doi=10.1109%2fEIECT58010.2022.00080&partnerID=40&md5=e165a8d4ba979ab61c19c2b9fa25e13f},
	type = {Conference paper},
	publication_stage = {Final},
	source = {Scopus},
	note = {Cited by: 1}
}

@ARTICLE{Bang20245462,
	author = {Bang, Inyoung and Kayondo, Martin and You, Junseung and Kwon, Donghyun and Cho, Yeongpil and Paek, Yunheung},
	title = {Enhancing a Lock-and-Key Scheme With MTE to Mitigate Use-After-Frees},
	year = {2024},
	journal = {IEEE Access},
	volume = {12},
	pages = {5462 – 5476},
	doi = {10.1109/ACCESS.2023.3343777},
	url = {https://www.scopus.com/inward/record.uri?eid=2-s2.0-85181819425&doi=10.1109%2fACCESS.2023.3343777&partnerID=40&md5=af97896617106611d84d1811043d47fd},
	type = {Article},
	publication_stage = {Final},
	source = {Scopus},
	note = {Cited by: 0; All Open Access, Gold Open Access}
}

@CONFERENCE{Wuestholz20201398,
	author = {Wüstholz, Valentin and Christakis, Maria},
	title = {Harvey: A greybox fuzzer for smart contracts},
	year = {2020},
	journal = {ESEC/FSE 2020 - Proceedings of the 28th ACM Joint Meeting European Software Engineering Conference and Symposium on the Foundations of Software Engineering},
	pages = {1398 – 1409},
	doi = {10.1145/3368089.3417064},
	url = {https://www.scopus.com/inward/record.uri?eid=2-s2.0-85097168930&doi=10.1145%2f3368089.3417064&partnerID=40&md5=e21b219b17d9867c7969050d428a6c55},
	type = {Conference paper},
	publication_stage = {Final},
	source = {Scopus},
	note = {Cited by: 88; All Open Access, Green Open Access}
}

@CONFERENCE{Nurmukhametov202137,
	author = {Nurmukhametov, Alexey and Vishnyakov, Alexey and Logunova, Vlada and Kurmangaleev, Shamil},
	title = {MAJORCA: Multi-Architecture JOP and ROP Chain Assembler},
	year = {2021},
	journal = {Proceedings - Ivannikov ISPRAS Open Conference},
	volume = {2021-December},
	pages = {37 – 46},
	doi = {10.1109/ISPRAS53967.2021.00011},
	url = {https://www.scopus.com/inward/record.uri?eid=2-s2.0-85146200943&doi=10.1109%2fISPRAS53967.2021.00011&partnerID=40&md5=dfae02bea0ac011c7ab64d5568e4da1d},
	type = {Conference paper},
	publication_stage = {Final},
	source = {Scopus},
	note = {Cited by: 2; All Open Access, Green Open Access}
}

@ARTICLE{Chaleshtari20233430,
	author = {Chaleshtari, Nazanin Bayati and Pastore, Fabrizio and Goknil, Arda and Briand, Lionel C.},
	title = {Metamorphic Testing for Web System Security},
	year = {2023},
	journal = {IEEE Transactions on Software Engineering},
	volume = {49},
	number = {6},
	pages = {3430 – 3471},
	doi = {10.1109/TSE.2023.3256322},
	url = {https://www.scopus.com/inward/record.uri?eid=2-s2.0-85153371469&doi=10.1109%2fTSE.2023.3256322&partnerID=40&md5=3748d11fa79564063d66be8be961fc57},
	type = {Article},
	publication_stage = {Final},
	source = {Scopus},
	note = {Cited by: 7; All Open Access, Green Open Access}
}

@CONFERENCE{Bozic2020115,
	author = {Bozic, Josip and Li, Yihao and Wotawa, Franz},
	title = {Ontology-driven Security Testing of Web Applications},
	year = {2020},
	journal = {Proceedings - 2020 IEEE International Conference on Artificial Intelligence Testing, AITest 2020},
	pages = {115 – 122},
	doi = {10.1109/AITEST49225.2020.00024},
	url = {https://www.scopus.com/inward/record.uri?eid=2-s2.0-85091735824&doi=10.1109%2fAITEST49225.2020.00024&partnerID=40&md5=9ba746a939ee921eb9d244eef4a82a4c},
	type = {Conference paper},
	publication_stage = {Final},
	source = {Scopus},
	note = {Cited by: 3}
}

@CONFERENCE{Liu2020286,
	author = {Liu, Muyang and Li, Ke and Chen, Tao},
	title = {DeepSQLi: Deep semantic learning for testing SQL injection},
	year = {2020},
	journal = {ISSTA 2020 - Proceedings of the 29th ACM SIGSOFT International Symposium on Software Testing and Analysis},
	pages = {286 – 297},
	doi = {10.1145/3395363.3397375},
	url = {https://www.scopus.com/inward/record.uri?eid=2-s2.0-85088916703&doi=10.1145%2f3395363.3397375&partnerID=40&md5=f1929e57a3f0596ef7ebc6c0cfda4f45},
	type = {Conference paper},
	publication_stage = {Final},
	source = {Scopus},
	note = {Cited by: 25; All Open Access, Green Open Access}
}

@CONFERENCE{Liu2018705,
	author = {Liu, Danjun and Wang, Jingyuan and Rong, Zelin and Mi, Xianya and Gai, Fangyu and Tang, Yong and Wang, Baosheng},
	title = {Pangr: A Behavior-Based Automatic Vulnerability Detection and Exploitation Framework},
	year = {2018},
	journal = {Proceedings - 17th IEEE International Conference on Trust, Security and Privacy in Computing and Communications and 12th IEEE International Conference on Big Data Science and Engineering, Trustcom/BigDataSE 2018},
	pages = {705 – 712},
	doi = {10.1109/TrustCom/BigDataSE.2018.00103},
	url = {https://www.scopus.com/inward/record.uri?eid=2-s2.0-85054053916&doi=10.1109%2fTrustCom%2fBigDataSE.2018.00103&partnerID=40&md5=ebe2dda425b0822fc99169ccdf70c46f},
	type = {Conference paper},
	publication_stage = {Final},
	source = {Scopus},
	note = {Cited by: 7}
}

@CONFERENCE{Hough2020284,
	author = {Hough, Katherine and Welearegai, Gebrehiwet and Hammer, Christian and Bell, Jonathan},
	title = {Revealing injection vulnerabilities by leveraging existing tests},
	year = {2020},
	journal = {Proceedings - International Conference on Software Engineering},
	pages = {284 – 296},
	doi = {10.1145/3377811.3380326},
	url = {https://www.scopus.com/inward/record.uri?eid=2-s2.0-85094323274&doi=10.1145%2f3377811.3380326&partnerID=40&md5=0ac7bf332fdcca8dda8971884a6ee89c},
	type = {Conference paper},
	publication_stage = {Final},
	source = {Scopus},
	note = {Cited by: 6}
}

@CONFERENCE{Cotroneo2013125,
	author = {Cotroneo, Domenico and Di Leo, Domenico and Fucci, Francesco and Natella, Roberto},
	title = {SABRINE: State-based robustness testing of operating systems},
	year = {2013},
	journal = {2013 28th IEEE/ACM International Conference on Automated Software Engineering, ASE 2013 - Proceedings},
	pages = {125 – 135},
	doi = {10.1109/ASE.2013.6693073},
	url = {https://www.scopus.com/inward/record.uri?eid=2-s2.0-84893547622&doi=10.1109%2fASE.2013.6693073&partnerID=40&md5=9a47433aba1974fe15e31f4c28907d37},
	type = {Conference paper},
	publication_stage = {Final},
	source = {Scopus},
	note = {Cited by: 16}
}

@CONFERENCE{Khamaiseh2017534,
	author = {Khamaiseh, Samer and Xu, Dianxiang},
	title = {Software security testing via misuse case modeling},
	year = {2017},
	journal = {Proceedings - 2017 IEEE 15th International Conference on Dependable, Autonomic and Secure Computing, 2017 IEEE 15th International Conference on Pervasive Intelligence and Computing, 2017 IEEE 3rd International Conference on Big Data Intelligence and Computing and 2017 IEEE Cyber Science and Technology Congress, DASC-PICom-DataCom-CyberSciTec 2017},
	volume = {2018-January},
	pages = {534 – 541},
	doi = {10.1109/DASC-PICom-DataCom-CyberSciTec.2017.98},
	url = {https://www.scopus.com/inward/record.uri?eid=2-s2.0-85048103695&doi=10.1109%2fDASC-PICom-DataCom-CyberSciTec.2017.98&partnerID=40&md5=b93b595c70578cf520edd57d09b4f252},
	type = {Conference paper},
	publication_stage = {Final},
	source = {Scopus},
	note = {Cited by: 7}
}

@ARTICLE{Huang2014270,
	author = {Huang, Shih-Kun and Huang, Min-Hsiang and Huang, Po-Yen and Lu, Han-Lin and Lai, Chung-Wei},
	title = {Software crash analysis for automatic exploit generation on binary programs},
	year = {2014},
	journal = {IEEE Transactions on Reliability},
	volume = {63},
	number = {1},
	pages = {270 – 289},
	doi = {10.1109/TR.2014.2299198},
	url = {https://www.scopus.com/inward/record.uri?eid=2-s2.0-84896318878&doi=10.1109%2fTR.2014.2299198&partnerID=40&md5=5ca3b2ab7aa0e37125452b69f5e36ad9},
	type = {Article},
	publication_stage = {Final},
	source = {Scopus},
	note = {Cited by: 33}
}

@ARTICLE{Aziz2016183,
	author = {Aziz, Benjamin and Bader, Mohamed and Hippolyte, Cerana},
	title = {Search-based SQL injection attacks testing using genetic programming},
	year = {2016},
	journal = {Lecture Notes in Computer Science (including subseries Lecture Notes in Artificial Intelligence and Lecture Notes in Bioinformatics)},
	volume = {9594},
	pages = {183 – 198},
	doi = {10.1007/978-3-319-30668-1_12},
	url = {https://www.scopus.com/inward/record.uri?eid=2-s2.0-84962228936&doi=10.1007%2f978-3-319-30668-1_12&partnerID=40&md5=5342712b3e96661ccc3b1be8f05384df},
	type = {Conference paper},
	publication_stage = {Final},
	source = {Scopus},
	note = {Cited by: 11; All Open Access, Green Open Access}
}

@CONFERENCE{Zech201488,
	author = {Zech, Philipp and Felderer, Michael and Katt, Basel and Breu, Ruth},
	title = {Security test generation by answer set programming},
	year = {2014},
	journal = {Proceedings - 8th International Conference on Software Security and Reliability, SERE 2014},
	pages = {88 – 97},
	doi = {10.1109/SERE.2014.22},
	url = {https://www.scopus.com/inward/record.uri?eid=2-s2.0-84910088603&doi=10.1109%2fSERE.2014.22&partnerID=40&md5=1c0bceb87ac5b1fad3ed457bc16046ec},
	type = {Conference paper},
	publication_stage = {Final},
	source = {Scopus},
	note = {Cited by: 2}
}

@CONFERENCE{Chen20201580,
	author = {Chen, Yaohui and Li, Peng and Xu, Jun and Guo, Shengjian and Zhou, Rundong and Zhang, Yulong and Wei, Tao and Lu, Long},
	title = {SAVIOR: Towards bug-driven hybrid testing},
	year = {2020},
	journal = {Proceedings - IEEE Symposium on Security and Privacy},
	volume = {2020-May},
	pages = {1580 – 1596},
	doi = {10.1109/SP40000.2020.00002},
	url = {https://www.scopus.com/inward/record.uri?eid=2-s2.0-85089666679&doi=10.1109%2fSP40000.2020.00002&partnerID=40&md5=eb0f04fab34a55fe6dd6f23f548eff5e},
	type = {Conference paper},
	publication_stage = {Final},
	source = {Scopus},
	note = {Cited by: 105; All Open Access, Bronze Open Access}
}

@CONFERENCE{Simos2019122,
	author = {Simos, Dimitris E. and Garn, Bernhard and Zivanovic, Jovan and Leithner, Manuel},
	title = {Practical combinatorial testing for XSS detection using locally optimized attack models},
	year = {2019},
	journal = {Proceedings - 2019 IEEE 12th International Conference on Software Testing, Verification and Validation Workshops, ICSTW 2019},
	pages = {122 – 130},
	doi = {10.1109/ICSTW.2019.00040},
	url = {https://www.scopus.com/inward/record.uri?eid=2-s2.0-85068365814&doi=10.1109%2fICSTW.2019.00040&partnerID=40&md5=38eb094b47bed4a994cc576ae0545ef0},
	type = {Conference paper},
	publication_stage = {Final},
	source = {Scopus},
	note = {Cited by: 12}
}

@ARTICLE{Ren2018391,
	author = {Ren, Shuang and Li, Honghui and Yang, Fangnan and Xing, Ying},
	title = {Research on fuzzy security testing of document format based on formal method},
	year = {2018},
	journal = {International Journal of Internet Manufacturing and Services},
	volume = {5},
	number = {4},
	pages = {391 – 404},
	doi = {10.1504/IJIMS.2018.095251},
	url = {https://www.scopus.com/inward/record.uri?eid=2-s2.0-85054502267&doi=10.1504%2fIJIMS.2018.095251&partnerID=40&md5=90290dbe1815a02e9ed9493d2b2842e2},
	type = {Article},
	publication_stage = {Final},
	source = {Scopus},
	note = {Cited by: 0}
}

@CONFERENCE{Pewny2019111,
	author = {Pewny, Jannik and Koppe, Philipp and Holz, Thorsten},
	title = {STEROIDS for DOPed applications: A compiler for automated data-oriented programming},
	year = {2019},
	journal = {Proceedings - 4th IEEE European Symposium on Security and Privacy, EURO S and P 2019},
	pages = {111 – 126},
	doi = {10.1109/EuroSP.2019.00018},
	url = {https://www.scopus.com/inward/record.uri?eid=2-s2.0-85072011910&doi=10.1109%2fEuroSP.2019.00018&partnerID=40&md5=bb6f7afdfde75e5c7d7841aedd317d42},
	type = {Conference paper},
	publication_stage = {Final},
	source = {Scopus},
	note = {Cited by: 9; All Open Access, Bronze Open Access, Green Open Access}
}

@CONFERENCE{Garmany2018300,
	author = {Garmany, Behrad and Stoffel, Martin and Gawlik, Robert and Koppe, Philipp and Blazytko, Tim and Holz, Thorsten},
	title = {Towards Automated Generation of Exploitation Primitives for Web Browsers},
	year = {2018},
	journal = {ACM International Conference Proceeding Series},
	volume = {2018-January},
	pages = {300 – 312},
	doi = {10.1145/3274694.3274723},
	url = {https://www.scopus.com/inward/record.uri?eid=2-s2.0-85075917679&doi=10.1145%2f3274694.3274723&partnerID=40&md5=ec99d5efb9b9371ad54ecf91842f6ca5},
	type = {Conference paper},
	publication_stage = {Final},
	source = {Scopus},
	note = {Cited by: 10}
}

@CONFERENCE{KallingalJoshy2021540,
	author = {Kallingal Joshy, Ashwin and Chen, Xueyuan and Steenhoek, Benjamin and Le, Wei},
	title = {Validating static warnings via testing code fragments},
	year = {2021},
	journal = {ISSTA 2021 - Proceedings of the 30th ACM SIGSOFT International Symposium on Software Testing and Analysis},
	pages = {540 – 552},
	doi = {10.1145/3460319.3464832},
	url = {https://www.scopus.com/inward/record.uri?eid=2-s2.0-85111418436&doi=10.1145%2f3460319.3464832&partnerID=40&md5=1c93ac3831c687bd48dbf83a2defa186},
	type = {Conference paper},
	publication_stage = {Final},
	source = {Scopus},
	note = {Cited by: 4; All Open Access, Bronze Open Access, Green Open Access}
}

@ARTICLE{Yu2022,
	author = {Yu, Lu and Lu, Yuliang and Shen, Yi and Li, Yuwei and Pan, Zulie},
	title = {Vulnerability-oriented directed fuzzing for binary programs},
	year = {2022},
	journal = {Scientific Reports},
	volume = {12},
	number = {1},
	doi = {10.1038/s41598-022-07355-5},
	url = {https://www.scopus.com/inward/record.uri?eid=2-s2.0-85126260290&doi=10.1038%2fs41598-022-07355-5&partnerID=40&md5=69cf1bc07baa9833db7eccce39ac8ec2},
	type = {Article},
	publication_stage = {Final},
	source = {Scopus},
	note = {Cited by: 3; All Open Access, Gold Open Access, Green Open Access}
}

@CONFERENCE{Kargen2015782,
	author = {Kargén, Ulf and Shahmehri, Nahid},
	title = {Turning programs against each other: High coverage fuzz-testing using binary-code mutation and dynamic slicing},
	year = {2015},
	journal = {2015 10th Joint Meeting of the European Software Engineering Conference and the ACM SIGSOFT Symposium on the Foundations of Software Engineering, ESEC/FSE 2015 - Proceedings},
	pages = {782 – 792},
	doi = {10.1145/2786805.2786844},
	url = {https://www.scopus.com/inward/record.uri?eid=2-s2.0-84960405667&doi=10.1145%2f2786805.2786844&partnerID=40&md5=09d56a345e067f0e276df9e3b29f01db},
	type = {Conference paper},
	publication_stage = {Final},
	source = {Scopus},
	note = {Cited by: 45}
}

@CONFERENCE{Siavashi2018301,
	author = {Siavashi, Faezeh and Truscan, Dragos and Vain, Juri},
	title = {Vulnerability assessment of web services with model-based mutation testing},
	year = {2018},
	journal = {Proceedings - 2018 IEEE 18th International Conference on Software Quality, Reliability, and Security, QRS 2018},
	pages = {301 – 312},
	doi = {10.1109/QRS.2018.00043},
	url = {https://www.scopus.com/inward/record.uri?eid=2-s2.0-85052316966&doi=10.1109%2fQRS.2018.00043&partnerID=40&md5=0343ccdd8087f5699a32bcb2d59a52ac},
	type = {Conference paper},
	publication_stage = {Final},
	source = {Scopus},
	note = {Cited by: 10; All Open Access, Green Open Access}
}

@ARTICLE{Wang2023,
	author = {Wang, Ruipeng and Chen, Kaixiang and Pan, Zulie and Li, Yuwei and Li, Qianyu and Li, Yang and Zhang, Min and Zhang, Chao},
	title = {Tunter: Assessing Exploitability of Vulnerabilities with Taint-Guided Exploitable States Exploration},
	year = {2023},
	journal = {Computers and Security},
	volume = {124},
	doi = {10.1016/j.cose.2022.102995},
	url = {https://www.scopus.com/inward/record.uri?eid=2-s2.0-85140953077&doi=10.1016%2fj.cose.2022.102995&partnerID=40&md5=cb4a0a71f2767ff337cca8cb743349ca},
	type = {Article},
	publication_stage = {Final},
	source = {Scopus},
	note = {Cited by: 5}
}

@ARTICLE{Do2015401,
	author = {Do, Quoc Huy and Bubel, Richard and Hähnle, Reiner},
	title = {Exploit generation for information flow leaks in object-oriented programs},
	year = {2015},
	journal = {IFIP Advances in Information and Communication Technology},
	volume = {455},
	pages = {401 – 415},
	doi = {10.1007/978-3-319-18467-8_27},
	url = {https://www.scopus.com/inward/record.uri?eid=2-s2.0-84942636308&doi=10.1007%2f978-3-319-18467-8_27&partnerID=40&md5=c0b92bd6f7c5d435d5c559eb15d03d35},
	type = {Conference paper},
	publication_stage = {Final},
	source = {Scopus},
	note = {Cited by: 13; All Open Access, Bronze Open Access, Green Open Access}
}

@CONFERENCE{Tang2017492,
	author = {Tang, Junjie and Cui, Xingmin and Zhao, Ziming and Guo, Shanqing and Xu, Xinshun and Hu, Chengyu and Ban, Tao and Mao, Bing},
	title = {NIVAnalyzer: A Tool for Automatically Detecting and Verifying Next-Intent Vulnerabilities in Android Apps},
	year = {2017},
	journal = {Proceedings - 10th IEEE International Conference on Software Testing, Verification and Validation, ICST 2017},
	pages = {492 – 499},
	doi = {10.1109/ICST.2017.56},
	url = {https://www.scopus.com/inward/record.uri?eid=2-s2.0-85020713633&doi=10.1109%2fICST.2017.56&partnerID=40&md5=83c26e7e140fdf4d885fd14d63d12122},
	type = {Conference paper},
	publication_stage = {Final},
	source = {Scopus},
	note = {Cited by: 6}
}

@CONFERENCE{Lebeau2013445,
	author = {Lebeau, Franck and Legeard, Bruno and Peureux, Fabien and Vernotte, Alexandre},
	title = {Model-based vulnerability testing for web applications},
	year = {2013},
	journal = {Proceedings - IEEE 6th International Conference on Software Testing, Verification and Validation Workshops, ICSTW 2013},
	pages = {445 – 452},
	doi = {10.1109/ICSTW.2013.58},
	url = {https://www.scopus.com/inward/record.uri?eid=2-s2.0-84883352519&doi=10.1109%2fICSTW.2013.58&partnerID=40&md5=ff4abd321ea034dda51b3e2897812ac8},
	type = {Conference paper},
	publication_stage = {Final},
	source = {Scopus},
	note = {Cited by: 27; All Open Access, Green Open Access}
}

@CONFERENCE{Pretschner2008338,
	author = {Pretschner, Alexander and Mouelhi, Tejeddine and Le Traon, Yves},
	title = {Model-based tests for access control policies 1},
	year = {2008},
	journal = {Proceedings of the 1st International Conference on Software Testing, Verification and Validation, ICST 2008},
	pages = {338 – 347},
	doi = {10.1109/ICST.2008.44},
	url = {https://www.scopus.com/inward/record.uri?eid=2-s2.0-50649102597&doi=10.1109%2fICST.2008.44&partnerID=40&md5=7e47775bd1aff1409285f4fd4e7c97c0},
	type = {Conference paper},
	publication_stage = {Final},
	source = {Scopus},
	note = {Cited by: 69; All Open Access, Green Open Access}
}

@ARTICLE{DelGrosso20083125,
	author = {Del Grosso, C. and Antoniol, G. and Merlo, E. and Galinier, P.},
	title = {Detecting buffer overflow via automatic test input data generation},
	year = {2008},
	journal = {Computers and Operations Research},
	volume = {35},
	number = {10},
	pages = {3125 – 3143},
	doi = {10.1016/j.cor.2007.01.013},
	url = {https://www.scopus.com/inward/record.uri?eid=2-s2.0-40449126880&doi=10.1016%2fj.cor.2007.01.013&partnerID=40&md5=e9a7a19f7c6082d9141cb7ea8d334676},
	type = {Article},
	publication_stage = {Final},
	source = {Scopus},
	note = {Cited by: 48}
}

@inproceedings{babic2011statically,
	title={Statically-directed dynamic automated test generation},
	author={Babi{\'c}, Domagoj and Martignoni, Lorenzo and McCamant, Stephen and Song, Dawn},
	booktitle={Proceedings of the 2011 International Symposium on Software Testing and Analysis},
	pages={12--22},
	year={2011}
}

@inproceedings{xu2011tool,
	title={A tool for automated test code generation from high-level Petri nets},
	author={Xu, Dianxiang},
	booktitle={Applications and Theory of Petri Nets: 32nd International Conference, PETRI NETS 2011, Newcastle, UK, June 20-24, 2011. Proceedings 32},
	pages={308--317},
	year={2011},
	organization={Springer}
}

@article{xu2012automated,
	title={Automated security test generation with formal threat models},
	author={Xu, Dianxiang and Tu, Manghui and Sanford, Michael and Thomas, Lijo and Woodraska, Daniel and Xu, Weifeng},
	journal={IEEE transactions on dependable and secure computing},
	volume={9},
	number={4},
	pages={526--540},
	year={2012},
	publisher={IEEE}
}

@inproceedings{avancini2012security,
	title={Security oracle based on tree kernel methods},
	author={Avancini, Andrea and Ceccato, Mariano},
	booktitle={International Workshop on Eternal Systems},
	pages={30--43},
	year={2012},
	organization={Springer}
}

@inproceedings{wu2011fuzzing,
	title={A fuzzing technology using multiple data samples combination},
	author={Wu, Zhiyong and Zhu, Xueyong and Atwood, J William},
	booktitle={Computer Science for Environmental Engineering and EcoInformatics: International Workshop, CSEEE 2011, Kunming, China, July 29-31, 2011. Proceedings},
	pages={1--11},
	year={2011},
	organization={Springer}
}

@inproceedings{mahmood2012whitebox,
	title={A whitebox approach for automated security testing of Android applications on the cloud},
	author={Mahmood, Riyadh and Esfahani, Naeem and Kacem, Thabet and Mirzaei, Nariman and Malek, Sam and Stavrou, Angelos},
	booktitle={2012 7th International Workshop on Automation of Software Test (AST)},
	pages={22--28},
	year={2012},
	organization={IEEE}
}

@inproceedings{dao2011security,
	title={Security sensitive data flow coverage criterion for automatic security testing of web applications},
	author={Dao, Thanh Binh and Shibayama, Etsuya},
	booktitle={Engineering Secure Software and Systems: Third International Symposium, ESSoS 2011, Madrid, Spain, February 9-10, 2011. Proceedings 3},
	pages={101--113},
	year={2011},
	organization={Springer}
}

@inproceedings{kieyzun2009automatic,
	title={Automatic creation of SQL injection and cross-site scripting attacks},
	author={Kieyzun, Adam and Guo, Philip J and Jayaraman, Karthick and Ernst, Michael D},
	booktitle={2009 IEEE 31st international conference on software engineering},
	pages={199--209},
	year={2009},
	organization={IEEE}
}

@inproceedings{feist2016finding,
	title={Finding the needle in the heap: combining static analysis and dynamic symbolic execution to trigger use-after-free},
	author={Feist, Josselin and Mounier, Laurent and Bardin, S{\'e}bastien and David, Robin and Potet, Marie-Laure},
	booktitle={Proceedings of the 6th Workshop on Software Security, Protection, and Reverse Engineering},
	pages={1--12},
	year={2016}
}

@inproceedings{wu2018fuze,
	title={$\{$FUZE$\}$: Towards facilitating exploit generation for kernel $\{$Use-After-Free$\}$ vulnerabilities},
	author={Wu, Wei and Chen, Yueqi and Xu, Jun and Xing, Xinyu and Gong, Xiaorui and Zou, Wei},
	booktitle={27th USENIX Security Symposium (USENIX Security 18)},
	pages={781--797},
	year={2018}
}

@inproceedings{godefroid2008grammar,
	title={Grammar-based whitebox fuzzing},
	author={Godefroid, Patrice and Kiezun, Adam and Levin, Michael Y},
	booktitle={Proceedings of the 29th ACM SIGPLAN conference on programming language design and implementation},
	pages={206--215},
	year={2008}
}

@inproceedings{aydin2014automated,
	title={Automated test generation from vulnerability signatures},
	author={Aydin, Abdulbaki and Alkhalaf, Muath and Bultan, Tevfik},
	booktitle={2014 IEEE Seventh International Conference on Software Testing, Verification and Validation},
	pages={193--202},
	year={2014},
	organization={IEEE}
}

@article{shoshitaishvili2018mechanical,
	title={Mechanical phish: Resilient autonomous hacking},
	author={Shoshitaishvili, Yan and Bianchi, Antonio and Borgolte, Kevin and Cama, Amat and Corbetta, Jacopo and Disperati, Francesco and Dutcher, Audrey and Grosen, John and Grosen, Paul and Machiry, Aravind and others},
	journal={IEEE Security \& Privacy},
	volume={16},
	number={2},
	pages={12--22},
	year={2018},
	publisher={IEEE}
}

@article{marback2013threat,
	title={A threat model-based approach to security testing},
	author={Marback, Aaron and Do, Hyunsook and He, Ke and Kondamarri, Samuel and Xu, Dianxiang},
	journal={Software: Practice and Experience},
	volume={43},
	number={2},
	pages={241--258},
	year={2013},
	publisher={Wiley Online Library}
}

@inproceedings{zhang2010d,
	title={D-WAV: A web application vulnerabilities detection tool using Characteristics of Web Forms},
	author={Zhang, Lijiu and Gu, Qing and Peng, Shushen and Chen, Xiang and Zhao, Haigang and Chen, Daoxu},
	booktitle={2010 Fifth International Conference on Software Engineering Advances},
	pages={501--507},
	year={2010},
	organization={IEEE}
}

@inproceedings{brumley2008automatic,
  title={Automatic patch-based exploit generation is possible: Techniques and implications},
  author={Brumley, David and Poosankam, Pongsin and Song, Dawn and Zheng, Jiang},
  booktitle={2008 IEEE Symposium on Security and Privacy (sp 2008)},
  pages={143--157},
  year={2008},
  organization={IEEE}
}

@inproceedings{pearce2023examining,
  title={Examining zero-shot vulnerability repair with large language models},
  author={Pearce, Hammond and Tan, Benjamin and Ahmad, Baleegh and Karri, Ramesh and Dolan-Gavitt, Brendan},
  booktitle={2023 IEEE Symposium on Security and Privacy (SP)},
  pages={2339--2356},
  year={2023},
  organization={IEEE}
}

@article{bui2024apr4vul,
  title={APR4Vul: an empirical study of automatic program repair techniques on real-world Java vulnerabilities},
  author={Bui, Quang-Cuong and Paramitha, Ranindya and Vu, Duc-Ly and Massacci, Fabio and Scandariato, Riccardo},
  journal={Empirical software engineering},
  volume={29},
  number={1},
  pages={18},
  year={2024},
  publisher={Springer}
}

@inproceedings{fu2022vulrepair,
  title={VulRepair: a T5-based automated software vulnerability repair},
  author={Fu, Michael and Tantithamthavorn, Chakkrit and Le, Trung and Nguyen, Van and Phung, Dinh},
  booktitle={Proceedings of the 30th ACM joint european software engineering conference and symposium on the foundations of software engineering},
  pages={935--947},
  year={2022}
}

@article{monperrus2018automatic,
  title={Automatic software repair: A bibliography},
  author={Monperrus, Martin},
  journal={ACM Computing Surveys (CSUR)},
  volume={51},
  number={1},
  pages={1--24},
  year={2018},
  publisher={ACM New York, NY, USA}
}
