@misc{MedicalInstruct,
  title = {MedicalInstruct Dataset},
  howpublished = {\url{https://huggingface.co/datasets/Shekswess/medical_llama3_instruct_dataset}}
}

@misc{PythonCodeInstruct,
  title = {PythonCodeInstruct Dataset},
  howpublished = {\url{https://huggingface.co/datasets/iamtarun/python_code_instructions_18k_alpaca}}
}


@misc{llama3.1,
  title = {Llama-3.1-8B-Instruct},
  howpublished = {\url{https://huggingface.co/meta-llama/Llama-3.1-8B-Instruct}}
}


@misc{meadow,
  title = {Medical Meadow Wikidoc},
  howpublished = {\url{https://huggingface.co/datasets/medalpaca/medical_meadow_wikidoc/blob/main/README.md}}
}


@misc{Medquad,
  title = {MedQuAD},
  howpublished = {\url{https://www.kaggle.com/datasets/jpmiller/layoutlm}}
}

@misc{wandb,
  title = {Wandb EMA Smooth},
  howpublished = {\url{https://docs.wandb.ai/guides/app/features/panels/line-plot/smoothing/}}
}

@misc{ChatbotArena,
  title = {Chatbot Arena},
  howpublished = {\url{https://lmarena.ai/}}
}