@article{dubey_llama_2024,
	title = {The {Llama} 3 {Herd} of {Models}},
	volume = {abs/2407.21783},
	journal = {CoRR},
	author = {Dubey, Abhimanyu and Jauhri, Abhinav and Pandey, Abhinav and Kadian, Abhishek and Al-Dahle, Ahmad and Letman, Aiesha and Mathur, Akhil and Schelten, Alan and Yang, Amy and Fan, Angela and Goyal, Anirudh and Hartshorn, Anthony and Yang, Aobo and Mitra, Archi and Sravankumar, Archie and Korenev, Artem and Hinsvark, Arthur and Rao, Arun and Zhang, Aston and Rodriguez, Aurélien and Gregerson, Austen and Spataru, Ava and Rozière, Baptiste and Biron, Bethany and Tang, Binh and Chern, Bobbie and Caucheteux, Charlotte and Nayak, Chaya and Bi, Chloe and Marra, Chris and McConnell, Chris and Keller, Christian and Touret, Christophe and Wu, Chunyang and Wong, Corinne and Ferrer, Cristian Canton and Nikolaidis, Cyrus and Allonsius, Damien and Song, Daniel and Pintz, Danielle and Livshits, Danny and Esiobu, David and Choudhary, Dhruv and Mahajan, Dhruv and Garcia-Olano, Diego and Perino, Diego and Hupkes, Dieuwke and Lakomkin, Egor and AlBadawy, Ehab and Lobanova, Elina and Dinan, Emily and Smith, Eric Michael and Radenovic, Filip and Zhang, Frank and Synnaeve, Gabriel and Lee, Gabrielle and Anderson, Georgia Lewis and Nail, Graeme and Mialon, Grégoire and Pang, Guan and Cucurell, Guillem and Nguyen, Hailey and Korevaar, Hannah and Xu, Hu and Touvron, Hugo and Zarov, Iliyan and Ibarra, Imanol Arrieta and Kloumann, Isabel M. and Misra, Ishan and Evtimov, Ivan and Copet, Jade and Lee, Jaewon and Geffert, Jan and Vranes, Jana and Park, Jason and Mahadeokar, Jay and Shah, Jeet and Linde, Jelmer van der and Billock, Jennifer and Hong, Jenny and Lee, Jenya and Fu, Jeremy and Chi, Jianfeng and Huang, Jianyu and Liu, Jiawen and Wang, Jie and Yu, Jiecao and Bitton, Joanna and Spisak, Joe and Park, Jongsoo and Rocca, Joseph and Johnstun, Joshua and Saxe, Joshua and Jia, Junteng and Alwala, Kalyan Vasuden and Upasani, Kartikeya and Plawiak, Kate and Li, Ke and Heafield, Kenneth and Stone, Kevin and al, et},
	year = {2024},
}

@article{hoffmann_training_2022,
	title = {Training {Compute}-{Optimal} {Large} {Language} {Models}},
	volume = {abs/2203.15556},
	journal = {CoRR},
	author = {Hoffmann, Jordan and Borgeaud, Sebastian and Mensch, Arthur and Buchatskaya, Elena and Cai, Trevor and Rutherford, Eliza and Casas, Diego de Las and Hendricks, Lisa Anne and Welbl, Johannes and Clark, Aidan and Hennigan, Tom and Noland, Eric and Millican, Katie and Driessche, George van den and Damoc, Bogdan and Guy, Aurelia and Osindero, Simon and Simonyan, Karen and Elsen, Erich and Rae, Jack W. and Vinyals, Oriol and Sifre, Laurent},
	year = {2022},
}

@article{hsu_safe_2024,
	title = {Safe {LoRA}: the {Silver} {Lining} of {Reducing} {Safety} {Risks} when {Fine}-tuning {Large} {Language} {Models}},
	volume = {abs/2405.16833},
	journal = {CoRR},
	author = {Hsu, Chia-Yi and Tsai, Yu-Lin and Lin, Chih-Hsun and Chen, Pin-Yu and Yu, Chia-Mu and Huang, Chun-Ying},
	year = {2024},
}

@article{huang_lazy_2024,
	title = {Lazy {Safety} {Alignment} for {Large} {Language} {Models} against {Harmful} {Fine}-tuning},
	volume = {abs/2405.18641},
	journal = {CoRR},
	author = {Huang, Tiansheng and Hu, Sihao and Ilhan, Fatih and Tekin, Selim Furkan and Liu, Ling},
	year = {2024},
}

@article{jain_what_2024,
	title = {What {Makes} and {Breaks} {Safety} {Fine}-tuning? {A} {Mechanistic} {Study}},
	volume = {abs/2407.10264},
	journal = {CoRR},
	author = {Jain, Samyak and Lubana, Ekdeep Singh and Oksuz, Kemal and Joy, Tom and Torr, Philip H. S. and Sanyal, Amartya and Dokania, Puneet K.},
	year = {2024},
}

@article{ji_language_2024,
	title = {Language {Models} {Resist} {Alignment}},
	volume = {abs/2406.06144},
	journal = {CoRR},
	author = {Ji, Jiaming and Wang, Kaile and Qiu, Tianyi and Chen, Boyuan and Zhou, Jiayi and Li, Changye and Lou, Hantao and Yang, Yaodong},
	year = {2024},
}

@article{kaplan_scaling_2020,
	title = {Scaling {Laws} for {Neural} {Language} {Models}},
	volume = {abs/2001.08361},
	journal = {CoRR},
	author = {Kaplan, Jared and McCandlish, Sam and Henighan, Tom and Brown, Tom B. and Chess, Benjamin and Child, Rewon and Gray, Scott and Radford, Alec and Wu, Jeffrey and Amodei, Dario},
	year = {2020},
}

@article{liu_skywork-reward_2024,
	title = {Skywork-{Reward}: {Bag} of {Tricks} for {Reward} {Modeling} in {LLMs}},
	volume = {abs/2410.18451},
	journal = {CoRR},
	author = {Liu, Chris Yuhao and Zeng, Liang and Liu, Jiacai and Yan, Rui and He, Jujie and Wang, Chaojie and Yan, Shuicheng and Liu, Yang and Zhou, Yahui},
	year = {2024},
}

@article{lyu_keeping_2024,
	title = {Keeping {LLMs} {Aligned} {After} {Fine}-tuning: {The} {Crucial} {Role} of {Prompt} {Templates}},
	volume = {abs/2402.18540},
	journal = {CoRR},
	author = {Lyu, Kaifeng and Zhao, Haoyu and Gu, Xinran and Yu, Dingli and Goyal, Anirudh and Arora, Sanjeev},
	year = {2024},
}

@inproceedings{ouyang_training_2022,
	title = {Training language models to follow instructions with human feedback},
	booktitle = {Proc. of the {NeurIPS}},
	author = {Ouyang, Long and Wu, Jeffrey and Jiang, Xu and Almeida, Diogo and Wainwright, Carroll L. and Mishkin, Pamela and Zhang, Chong and Agarwal, Sandhini and Slama, Katarina and Ray, Alex and Schulman, John and Hilton, Jacob and Kelton, Fraser and Miller, Luke and Simens, Maddie and Askell, Amanda and Welinder, Peter and Christiano, Paul F. and Leike, Jan and Lowe, Ryan},
	year = {2022},
}

@article{peng_navigating_2024,
	title = {Navigating the {Safety} {Landscape}: {Measuring} {Risks} in {Finetuning} {Large} {Language} {Models}},
	volume = {abs/2405.17374},
	journal = {CoRR},
	author = {Peng, Shengyun and Chen, Pin-Yu and Hull, Matthew and Chau, Duen Horng},
	year = {2024},
}

@inproceedings{qi_fine-tuning_2024,
	title = {Fine-tuning {Aligned} {Language} {Models} {Compromises} {Safety}, {Even} {When} {Users} {Do} {Not} {Intend} {To}!},
	booktitle = {Proc. of the {ICLR}},
	author = {Qi, Xiangyu and Zeng, Yi and Xie, Tinghao and Chen, Pin-Yu and Jia, Ruoxi and Mittal, Prateek and Henderson, Peter},
	year = {2024},
}

@article{qi_safety_2024,
	title = {Safety {Alignment} {Should} {Be} {Made} {More} {Than} {Just} a {Few} {Tokens} {Deep}},
	volume = {abs/2406.05946},
	journal = {CoRR},
	author = {Qi, Xiangyu and Panda, Ashwinee and Lyu, Kaifeng and Ma, Xiao and Roy, Subhrajit and Beirami, Ahmad and Mittal, Prateek and Henderson, Peter},
	year = {2024},
}

@inproceedings{rafailov_direct_2023,
	title = {Direct {Preference} {Optimization}: {Your} {Language} {Model} is {Secretly} a {Reward} {Model}},
	booktitle = {Proc. of the {NeurIPS}},
	author = {Rafailov, Rafael and Sharma, Archit and Mitchell, Eric and Manning, Christopher D. and Ermon, Stefano and Finn, Chelsea},
	year = {2023},
}

@article{schulman_proximal_2017,
	title = {Proximal {Policy} {Optimization} {Algorithms}},
	volume = {abs/1707.06347},
	journal = {CoRR},
	author = {Schulman, John and Wolski, Filip and Dhariwal, Prafulla and Radford, Alec and Klimov, Oleg},
	year = {2017},
}

@article{touvron_llama_2023-1,
	title = {Llama 2: {Open} {Foundation} and {Fine}-{Tuned} {Chat} {Models}},
	volume = {abs/2307.09288},
	journal = {CoRR},
	author = {Touvron, Hugo and Martin, Louis and Stone, Kevin and Albert, Peter and Almahairi, Amjad and Babaei, Yasmine and Bashlykov, Nikolay and Batra, Soumya and Bhargava, Prajjwal and Bhosale, Shruti and Bikel, Dan and Blecher, Lukas and Canton-Ferrer, Cristian and Chen, Moya and Cucurull, Guillem and Esiobu, David and Fernandes, Jude and Fu, Jeremy and Fu, Wenyin and Fuller, Brian and Gao, Cynthia and Goswami, Vedanuj and Goyal, Naman and Hartshorn, Anthony and Hosseini, Saghar and Hou, Rui and Inan, Hakan and Kardas, Marcin and Kerkez, Viktor and Khabsa, Madian and Kloumann, Isabel and Korenev, Artem and Koura, Punit Singh and Lachaux, Marie-Anne and Lavril, Thibaut and Lee, Jenya and Liskovich, Diana and Lu, Yinghai and Mao, Yuning and Martinet, Xavier and Mihaylov, Todor and Mishra, Pushkar and Molybog, Igor and Nie, Yixin and Poulton, Andrew and Reizenstein, Jeremy and Rungta, Rashi and Saladi, Kalyan and Schelten, Alan and Silva, Ruan and Smith, Eric Michael and Subramanian, Ranjan and Tan, Xiaoqing Ellen and Tang, Binh and Taylor, Ross and Williams, Adina and Kuan, Jian Xiang and Xu, Puxin and Yan, Zheng and Zarov, Iliyan and Zhang, Yuchen and Fan, Angela and Kambadur, Melanie and Narang, Sharan and Rodriguez, Aurélien and Stojnic, Robert and Edunov, Sergey and Scialom, Thomas},
	year = {2023},
}

@article{wang_helpsteer2-preference_2024,
	title = {{HelpSteer2}-{Preference}: {Complementing} {Ratings} with {Preferences}},
	volume = {abs/2410.01257},
	journal = {CoRR},
	author = {Wang, Zhilin and Bukharin, Alexander and Delalleau, Olivier and Egert, Daniel and Shen, Gerald and Zeng, Jiaqi and Kuchaiev, Oleksii and Dong, Yi},
	year = {2024},
}

@article{wang_helpsteer2_2024,
	title = {{HelpSteer2}: {Open}-source dataset for training top-performing reward models},
	volume = {abs/2406.08673},
	journal = {CoRR},
	author = {Wang, Zhilin and Dong, Yi and Delalleau, Olivier and Zeng, Jiaqi and Shen, Gerald and Egert, Daniel and Zhang, Jimmy J. and Sreedhar, Makesh Narsimhan and Kuchaiev, Oleksii},
	year = {2024},
}

@article{yang_qwen2_2024,
	title = {Qwen2 {Technical} {Report}},
	volume = {abs/2407.10671},
	journal = {CoRR},
	author = {Yang, An and Yang, Baosong and Hui, Binyuan and Zheng, Bo and Yu, Bowen and Zhou, Chang and Li, Chengpeng and Li, Chengyuan and Liu, Dayiheng and Huang, Fei and Dong, Guanting and Wei, Haoran and Lin, Huan and Tang, Jialong and Wang, Jialin and Yang, Jian and Tu, Jianhong and Zhang, Jianwei and Ma, Jianxin and Yang, Jianxin and Xu, Jin and Zhou, Jingren and Bai, Jinze and He, Jinzheng and Lin, Junyang and Dang, Kai and Lu, Keming and Chen, Keqin and Yang, Kexin and Li, Mei and Xue, Mingfeng and Ni, Na and Zhang, Pei and Wang, Peng and Peng, Ru and Men, Rui and Gao, Ruize and Lin, Runji and Wang, Shijie and Bai, Shuai and Tan, Sinan and Zhu, Tianhang and Li, Tianhao and Liu, Tianyu and Ge, Wenbin and Deng, Xiaodong and Zhou, Xiaohuan and Ren, Xingzhang and Zhang, Xinyu and Wei, Xipin and Ren, Xuancheng and Liu, Xuejing and Fan, Yang and Yao, Yang and Zhang, Yichang and Wan, Yu and Chu, Yunfei and Liu, Yuqiong and Cui, Zeyu and Zhang, Zhenru and Guo, Zhifang and Fan, Zhihao},
	year = {2024},
}

@inproceedings{zhao_learning_2024,
	title = {Learning and {Forgetting} {Unsafe} {Examples} in {Large} {Language} {Models}},
	booktitle = {Proc. of the {ICML}},
	author = {Zhao, Jiachen and Deng, Zhun and Madras, David and Zou, James and Ren, Mengye},
	year = {2024},
}

