@inproceedings{buse2010automatically,
  title={Automatically documenting program changes},
  author={Buse, Raymond PL and Weimer, Westley R},
  booktitle={Proceedings of the 25th IEEE/ACM international conference on automated software engineering},
  pages={33--42},
  year={2010}
}

@inproceedings{cortes2014automatically,
  title={On automatically generating commit messages via summarization of source code changes},
  author={Cort{\'e}s-Coy, Luis Fernando and Linares-V{\'a}squez, Mario and Aponte, Jairo and Poshyvanyk, Denys},
  booktitle={2014 IEEE 14th International Working Conference on Source Code Analysis and Manipulation},
  pages={275--284},
  year={2014},
  organization={IEEE}
}

@inproceedings{dong2022fira,
  title={FIRA: fine-grained graph-based code change representation for automated commit message generation},
  author={Dong, Jinhao and Lou, Yiling and Zhu, Qihao and Sun, Zeyu and Li, Zhilin and Zhang, Wenjie and Hao, Dan},
  booktitle={Proceedings of the 44th International Conference on Software Engineering},
  pages={970--981},
  year={2022}
}

@inproceedings{eliseeva2023commit,
  title={From commit message generation to history-aware commit message completion},
  author={Eliseeva, Aleksandra and Sokolov, Yaroslav and Bogomolov, Egor and Golubev, Yaroslav and Dig, Danny and Bryksin, Timofey},
  booktitle={2023 38th IEEE/ACM International Conference on Automated Software Engineering (ASE)},
  pages={723--735},
  year={2023},
  organization={IEEE}
}

@inproceedings{fan2023large,
  title={Large language models for software engineering: Survey and open problems},
  author={Fan, Angela and Gokkaya, Beliz and Harman, Mark and Lyubarskiy, Mitya and Sengupta, Shubho and Yoo, Shin and Zhang, Jie M},
  booktitle={2023 IEEE/ACM International Conference on Software Engineering: Future of Software Engineering (ICSE-FoSE)},
  pages={31--53},
  year={2023},
  organization={IEEE}
}

@inproceedings{gao2023makes,
  title={What Makes Good In-Context Demonstrations for Code Intelligence Tasks with LLMs?},
  author={Gao, Shuzheng and Wen, Xin-Cheng and Gao, Cuiyun and Wang, Wenxuan and Zhang, Hongyu and Lyu, Michael R},
  booktitle={2023 38th IEEE/ACM International Conference on Automated Software Engineering (ASE)},
  pages={761--773},
  year={2023},
  organization={IEEE Computer Society}
}

@inproceedings{geng2024large,
  title={Large language models are few-shot summarizers: Multi-intent comment generation via in-context learning},
  author={Geng, Mingyang and Wang, Shangwen and Dong, Dezun and Wang, Haotian and Li, Ge and Jin, Zhi and Mao, Xiaoguang and Liao, Xiangke},
  booktitle={Proceedings of the 46th IEEE/ACM International Conference on Software Engineering},
  year={2024}
}

@inproceedings{guo2024exploring,
  title={Exploring the potential of chatgpt in automated code refinement: An empirical study},
  author={Guo, Qi and Cao, Junming and Xie, Xiaofei and Liu, Shangqing and Li, Xiaohong and Chen, Bihuan and Peng, Xin},
  booktitle={Proceedings of the 46th IEEE/ACM International Conference on Software Engineering},
  year={2024}
}

@inproceedings{he2023come,
  title={COME: Commit Message Generation with Modification Embedding},
  author={He, Yichen and Wang, Liran and Wang, Kaiyi and Zhang, Yupeng and Zhang, Hang and Li, Zhoujun},
  booktitle={Proceedings of the 32nd ACM SIGSOFT International Symposium on Software Testing and Analysis},
  pages={792--803},
  year={2023}
}

@article{hou2023large,
  title={Large language models for software engineering: A systematic literature review},
  author={Hou, Xinyi and Zhao, Yanjie and Liu, Yue and Yang, Zhou and Wang, Kailong and Li, Li and Luo, Xiapu and Lo, David and Grundy, John and Wang, Haoyu},
  journal={arXiv preprint arXiv:2308.10620},
  year={2023}
}

@inproceedings{huang2017mining,
  title={Mining version control system for automatically generating commit comment},
  author={Huang, Yuan and Zheng, Qiaoyang and Chen, Xiangping and Xiong, Yingfei and Liu, Zhiyong and Luo, Xiaonan},
  booktitle={2017 ACM/IEEE International Symposium on Empirical Software Engineering and Measurement (ESEM)},
  pages={414--423},
  year={2017},
  organization={IEEE}
}

@article{huang2020learning,
  title={Learning human-written commit messages to document code changes},
  author={Huang, Yuan and Jia, Nan and Zhou, Hao-Jie and Chen, Xiang-Ping and Zheng, Zi-Bin and Tang, Ming-Dong},
  journal={Journal of Computer Science and Technology},
  volume={35},
  pages={1258--1277},
  year={2020},
  publisher={Springer}
}

@inproceedings{jiang2017automatically,
  title={Automatically generating commit messages from diffs using neural machine translation},
  author={Jiang, Siyuan and Armaly, Ameer and McMillan, Collin},
  booktitle={2017 32nd IEEE/ACM International Conference on Automated Software Engineering (ASE)},
  pages={135--146},
  year={2017},
  organization={IEEE}
}

@inproceedings{jung2021commitbert,
  title={CommitBERT: Commit Message Generation Using Pre-Trained Programming Language Model},
  author={Jung, Tae Hwan},
  booktitle={Proceedings of the 1st Workshop on Natural Language Processing for Programming (NLP4Prog 2021)},
  pages={26--33},
  year={2021}
}

@inproceedings{lin2023cct5,
author = {Lin, Bo and Wang, Shangwen and Liu, Zhongxin and Liu, Yepang and Xia, Xin and Mao, Xiaoguang},
title = {CCT5: A Code-Change-Oriented Pre-Trained Model},
year = {2023},
booktitle = {Proceedings of the 31st ACM Joint European Software Engineering Conference and Symposium on the Foundations of Software Engineering},
pages = {1509â€“1521}
}

@inproceedings{linares2015changescribe,
  title={Changescribe: A tool for automatically generating commit messages},
  author={Linares-V{\'a}squez, Mario and Cort{\'e}s-Coy, Luis Fernando and Aponte, Jairo and Poshyvanyk, Denys},
  booktitle={2015 IEEE/ACM 37th IEEE International Conference on Software Engineering},
  volume={2},
  pages={709--712},
  year={2015},
  organization={IEEE}
}

@inproceedings{liu2018neural,
  title={Neural-machine-translation-based commit message generation: how far are we?},
  author={Liu, Zhongxin and Xia, Xin and Hassan, Ahmed E and Lo, David and Xing, Zhenchang and Wang, Xinyu},
  booktitle={Proceedings of the 33rd ACM/IEEE International Conference on Automated Software Engineering},
  pages={373--384},
  year={2018}
}

@inproceedings{liu2019generating,
  title={Generating commit messages from diffs using pointer-generator network},
  author={Liu, Qin and Liu, Zihe and Zhu, Hongming and Fan, Hongfei and Du, Bowen and Qian, Yu},
  booktitle={2019 IEEE/ACM 16th International Conference on Mining Software Repositories (MSR)},
  pages={299--309},
  year={2019},
  organization={IEEE}
}

@article{liu2020atom,
  title={ATOM: Commit message generation based on abstract syntax tree and hybrid ranking},
  author={Liu, Shangqing and Gao, Cuiyun and Chen, Sen and Nie, Lun Yiu and Liu, Yang},
  journal={IEEE Transactions on Software Engineering},
  volume={48},
  number={5},
  pages={1800--1817},
  year={2020},
  publisher={IEEE}
}

@article{lopes2024commit,
  title={Commit Messages in the Age of Large Language Models},
  author={Lopes, Cristina V and Klotzman, Vanessa I and Ma, Iris and Ahmed, Iftekar},
  journal={arXiv preprint arXiv:2401.17622},
  year={2024}
}

@inproceedings{loyola2017neural,
  title={A Neural Architecture for Generating Natural Language Descriptions from Source Code Changes},
  author={Loyola, Pablo and Marrese-Taylor, Edison and Matsuo, Yutaka},
  booktitle={Proceedings of the 55th Annual Meeting of the Association for Computational Linguistics (Volume 2: Short Papers)},
  pages={287--292},
  year={2017}
}

@article{nie2021coregen,
  title={Coregen: Contextualized code representation learning for commit message generation},
  author={Nie, Lun Yiu and Gao, Cuiyun and Zhong, Zhicong and Lam, Wai and Liu, Yang and Xu, Zenglin},
  journal={Neurocomputing},
  volume={459},
  pages={97--107},
  year={2021},
  publisher={Elsevier}
}

@inproceedings{shen2016automatic,
  title={On automatic summarization of what and why information in source code changes},
  author={Shen, Jinfeng and Sun, Xiaobing and Li, Bin and Yang, Hui and Hu, Jiajun},
  booktitle={2016 IEEE 40th Annual Computer Software and Applications Conference (COMPSAC)},
  volume={1},
  pages={103--112},
  year={2016},
  organization={IEEE}
}

@inproceedings{shi2022race,
  title={RACE: Retrieval-augmented Commit Message Generation},
  author={Shi, Ensheng and Wang, Yanlin and Tao, Wei and Du, Lun and Zhang, Hongyu and Han, Shi and Zhang, Dongmei and Sun, Hongbin},
  booktitle={Proceedings of the 2022 Conference on Empirical Methods in Natural Language Processing},
  pages={5520--5530},
  year={2022}
}

@article{tao2024kadel,
  title={KADEL: Knowledge-Aware Denoising Learning for Commit Message Generation},
  author={Tao, Wei and Zhou, Yucheng and Wang, Yanlin and Zhang, Hongyu and Wang, Haofen and Zhang, Wenqiang},
  journal={ACM Transactions on Software Engineering and Methodology},
  year={2024},
  publisher={ACM New York, NY}
}

@article{wang2021context,
  title={Context-aware retrieval-based deep commit message generation},
  author={Wang, Haoye and Xia, Xin and Lo, David and He, Qiang and Wang, Xinyu and Grundy, John},
  journal={ACM Transactions on Software Engineering and Methodology (TOSEM)},
  volume={30},
  number={4},
  pages={1--30},
  year={2021},
  publisher={ACM New York, NY, USA}
}

@inproceedings{wu2024commit,
  title={Commit Message Generation via ChatGPT: How Far Are We?},
  author={Wu, Yifan and Li, Ying and Yu, Siyu},
  booktitle={Proceedings of the 2024 IEEE/ACM First International Conference on AI Foundation Models and Software Engineering},
  pages={124--129},
  year={2024}
}

@inproceedings{xu2019commit,
  title={Commit message generation for source code changes},
  author={Xu, Shengbin and Yao, Yuan and Xu, Feng and Gu, Tianxiao and Tong, Hanghang and Lu, Jian},
  booktitle={28th International Joint Conference on Artificial Intelligence, IJCAI 2019},
  pages={3975--3981},
  year={2019},
  organization={International Joint Conferences on Artificial Intelligence}
}

@article{zhang2024automatic,
  title={Automatic Commit Message Generation: A Critical Review and Directions for Future Work},
  author={Zhang, Yuxia and Qiu, Zhiqing and Stol, Klaas-Jan and Zhu, Wenhui and Zhu, Jiaxin and Tian, Yingchen and Liu, Hui},
  journal={IEEE Transactions on Software Engineering},
  year={2024},
  publisher={IEEE}
}

@article{zhang2024using,
  title={Using Large Language Models for Commit Message Generation: A Preliminary Study},
  author={Zhang, Linghao and Zhao, Jingshu and Wang, Chong and Liang, Peng},
  journal={arXiv preprint arXiv:2401.05926},
  year={2024}
}

@article{zhao2023survey,
  title={A survey of large language models},
  author={Zhao, Wayne Xin and Zhou, Kun and Li, Junyi and Tang, Tianyi and Wang, Xiaolei and Hou, Yupeng and Min, Yingqian and Zhang, Beichen and Zhang, Junjie and Dong, Zican and others},
  journal={arXiv preprint arXiv:2303.18223},
  year={2023}
}

