@inproceedings{buse2010automatically,
  title={Automatically documenting program changes},
  author={Buse, Raymond PL and Weimer, Westley R},
  booktitle={Proceedings of the 25th IEEE/ACM international conference on automated software engineering},
  pages={33--42},
  year={2010}
}

@inproceedings{cortes2014automatically,
  title={On automatically generating commit messages via summarization of source code changes},
  author={Cort{\'e}s-Coy, Luis Fernando and Linares-V{\'a}squez, Mario and Aponte, Jairo and Poshyvanyk, Denys},
  booktitle={2014 IEEE 14th International Working Conference on Source Code Analysis and Manipulation},
  pages={275--284},
  year={2014},
  organization={IEEE}
}

@inproceedings{linares2015changescribe,
  title={Changescribe: A tool for automatically generating commit messages},
  author={Linares-V{\'a}squez, Mario and Cort{\'e}s-Coy, Luis Fernando and Aponte, Jairo and Poshyvanyk, Denys},
  booktitle={2015 IEEE/ACM 37th IEEE International Conference on Software Engineering},
  volume={2},
  pages={709--712},
  year={2015},
  organization={IEEE}
}

@inproceedings{shen2016automatic,
  title={On automatic summarization of what and why information in source code changes},
  author={Shen, Jinfeng and Sun, Xiaobing and Li, Bin and Yang, Hui and Hu, Jiajun},
  booktitle={2016 IEEE 40th Annual Computer Software and Applications Conference (COMPSAC)},
  volume={1},
  pages={103--112},
  year={2016},
  organization={IEEE}
}

@inproceedings{huang2017mining,
  title={Mining version control system for automatically generating commit comment},
  author={Huang, Yuan and Zheng, Qiaoyang and Chen, Xiangping and Xiong, Yingfei and Liu, Zhiyong and Luo, Xiaonan},
  booktitle={2017 ACM/IEEE International Symposium on Empirical Software Engineering and Measurement (ESEM)},
  pages={414--423},
  year={2017},
  organization={IEEE}
}

@article{huang2020learning,
  title={Learning human-written commit messages to document code changes},
  author={Huang, Yuan and Jia, Nan and Zhou, Hao-Jie and Chen, Xiang-Ping and Zheng, Zi-Bin and Tang, Ming-Dong},
  journal={Journal of Computer Science and Technology},
  volume={35},
  pages={1258--1277},
  year={2020},
  publisher={Springer}
}

@inproceedings{liu2018neural,
  title={Neural-machine-translation-based commit message generation: how far are we?},
  author={Liu, Zhongxin and Xia, Xin and Hassan, Ahmed E and Lo, David and Xing, Zhenchang and Wang, Xinyu},
  booktitle={Proceedings of the 33rd ACM/IEEE International Conference on Automated Software Engineering},
  pages={373--384},
  year={2018}
}

@inproceedings{loyola2017neural,
  title={A Neural Architecture for Generating Natural Language Descriptions from Source Code Changes},
  author={Loyola, Pablo and Marrese-Taylor, Edison and Matsuo, Yutaka},
  booktitle={Proceedings of the 55th Annual Meeting of the Association for Computational Linguistics (Volume 2: Short Papers)},
  pages={287--292},
  year={2017}
}

@inproceedings{jiang2017automatically,
  title={Automatically generating commit messages from diffs using neural machine translation},
  author={Jiang, Siyuan and Armaly, Ameer and McMillan, Collin},
  booktitle={2017 32nd IEEE/ACM International Conference on Automated Software Engineering (ASE)},
  pages={135--146},
  year={2017},
  organization={IEEE}
}

@inproceedings{xu2019commit,
  title={Commit message generation for source code changes},
  author={Xu, Shengbin and Yao, Yuan and Xu, Feng and Gu, Tianxiao and Tong, Hanghang and Lu, Jian},
  booktitle={28th International Joint Conference on Artificial Intelligence, IJCAI 2019},
  pages={3975--3981},
  year={2019},
  organization={International Joint Conferences on Artificial Intelligence}
}

@inproceedings{liu2019generating,
  title={Generating commit messages from diffs using pointer-generator network},
  author={Liu, Qin and Liu, Zihe and Zhu, Hongming and Fan, Hongfei and Du, Bowen and Qian, Yu},
  booktitle={2019 IEEE/ACM 16th International Conference on Mining Software Repositories (MSR)},
  pages={299--309},
  year={2019},
  organization={IEEE}
}

@article{nie2021coregen,
  title={Coregen: Contextualized code representation learning for commit message generation},
  author={Nie, Lun Yiu and Gao, Cuiyun and Zhong, Zhicong and Lam, Wai and Liu, Yang and Xu, Zenglin},
  journal={Neurocomputing},
  volume={459},
  pages={97--107},
  year={2021},
  publisher={Elsevier}
}

@inproceedings{dong2022fira,
  title={FIRA: fine-grained graph-based code change representation for automated commit message generation},
  author={Dong, Jinhao and Lou, Yiling and Zhu, Qihao and Sun, Zeyu and Li, Zhilin and Zhang, Wenjie and Hao, Dan},
  booktitle={Proceedings of the 44th International Conference on Software Engineering},
  pages={970--981},
  year={2022}
}

@article{liu2020atom,
  title={ATOM: Commit message generation based on abstract syntax tree and hybrid ranking},
  author={Liu, Shangqing and Gao, Cuiyun and Chen, Sen and Nie, Lun Yiu and Liu, Yang},
  journal={IEEE Transactions on Software Engineering},
  volume={48},
  number={5},
  pages={1800--1817},
  year={2020},
  publisher={IEEE}
}

@article{wang2021context,
  title={Context-aware retrieval-based deep commit message generation},
  author={Wang, Haoye and Xia, Xin and Lo, David and He, Qiang and Wang, Xinyu and Grundy, John},
  journal={ACM Transactions on Software Engineering and Methodology (TOSEM)},
  volume={30},
  number={4},
  pages={1--30},
  year={2021},
  publisher={ACM New York, NY, USA}
}

@inproceedings{shi2022race,
  title={RACE: Retrieval-augmented Commit Message Generation},
  author={Shi, Ensheng and Wang, Yanlin and Tao, Wei and Du, Lun and Zhang, Hongyu and Han, Shi and Zhang, Dongmei and Sun, Hongbin},
  booktitle={Proceedings of the 2022 Conference on Empirical Methods in Natural Language Processing},
  pages={5520--5530},
  year={2022}
}
@misc{huggingface,
    title="Models - Hugging Face",
    author="HuggingFace",
    year="2024",
    url="https://huggingface.co/models"
}
@misc{ChatGPT,
    title="Introducing ChatGPT",
    author="OpenAI",
    year="2023",
    url="https://openai.com/blog/chatgpt"
}
@misc{qwen1.5,
    title="Introducing Qwen1.5",
    author="Qwen Team",
    year="2024",
    url="https://qwenlm.github.io/blog/qwen1.5"
}
@misc{CodeQwen,
    title="Code with CodeQwen1.5",
    author="Qwen Team",
    year="2024",
    url="https://qwenlm.github.io/blog/codeqwen1.5"
}

@misc{embedding,
    title="New and improved embedding model",
    author="OpenAI",
    year="2022",
    url="https://openai.com/blog/new-and-improved-embedding-model"
}

@misc{prompts,
    title="Awesome ChatGPT Prompts",
    author="Fatih Kadir AkÄ±n",
    year="2023",
    url="https://github.com/f/awesome-chatgpt-prompts"
}

@misc{repo4come,
    title="COME: Commit Message Generation with Modification Embedding",
    author="Yichen He",
    year="2023",
    url="https://github.com/hyc2026/come"
}

@misc{repo4cct5,
    title="CCT5: A Code-Change-Oriented Pre-Trained Model",
    author="Lin Bo",
    year="2023",
    url="https://github.com/Ringbo/CCT5"
}

@misc{git,
    title = "Git",
    year="2018",
    url="https://git-scm.com"
}

@misc{PYPL,
    title = "PYPL",
    year="2023",
    url="https://pypl.github.io/PYPL.html"
}

@misc{LLM4CMG,
    title = "artifacts for LLM4CMG",
    year="2024",
    url="https://anonymous.4open.science/r/LLM4CMG-03ED"
}

@article{zhao2023survey,
  title={A survey of large language models},
  author={Zhao, Wayne Xin and Zhou, Kun and Li, Junyi and Tang, Tianyi and Wang, Xiaolei and Hou, Yupeng and Min, Yingqian and Zhang, Beichen and Zhang, Junjie and Dong, Zican and others},
  journal={arXiv preprint arXiv:2303.18223},
  year={2023}
}

@article{brown2020language,
  title={Language models are few-shot learners},
  author={Brown, Tom and Mann, Benjamin and Ryder, Nick and Subbiah, Melanie and Kaplan, Jared D and Dhariwal, Prafulla and Neelakantan, Arvind and Shyam, Pranav and Sastry, Girish and Askell, Amanda and others},
  journal={Advances in neural information processing systems},
  volume={33},
  pages={1877--1901},
  year={2020}
}

@article{touvron2023llama,
  title={Llama: Open and efficient foundation language models},
  author={Touvron, Hugo and Lavril, Thibaut and Izacard, Gautier and Martinet, Xavier and Lachaux, Marie-Anne and Lacroix, Timoth{\'e}e and Rozi{\`e}re, Baptiste and Goyal, Naman and Hambro, Eric and Azhar, Faisal and others},
  journal={arXiv preprint arXiv:2302.13971},
  year={2023}
}

@article{ouyang2022training,
  title={Training language models to follow instructions with human feedback},
  author={Ouyang, Long and Wu, Jeffrey and Jiang, Xu and Almeida, Diogo and Wainwright, Carroll and Mishkin, Pamela and Zhang, Chong and Agarwal, Sandhini and Slama, Katarina and Ray, Alex and others},
  journal={Advances in Neural Information Processing Systems},
  volume={35},
  pages={27730--27744},
  year={2022}
}

@article{vaswani2017attention,
  title={Attention is all you need},
  author={Vaswani, Ashish and Shazeer, Noam and Parmar, Niki and Uszkoreit, Jakob and Jones, Llion and Gomez, Aidan N and Kaiser, {\L}ukasz and Polosukhin, Illia},
  journal={Advances in neural information processing systems},
  volume={30},
  year={2017}
}

@inproceedings{kenton2019bert,
  title={Bert: Pre-training of deep bidirectional transformers for language understanding},
  author={Kenton, Jacob Devlin Ming-Wei Chang and Toutanova, Lee Kristina},
  booktitle={Proceedings of naacL-HLT},
  volume={1},
  pages={2},
  year={2019}
}

@inproceedings{wang2021codet5,
  title={CodeT5: Identifier-aware Unified Pre-trained Encoder-Decoder Models for Code Understanding and Generation},
  author={Wang, Yue and Wang, Weishi and Joty, Shafiq and Hoi, Steven CH},
  booktitle={Proceedings of the 2021 Conference on Empirical Methods in Natural Language Processing},
  pages={8696--8708},
  year={2021}
}

@inproceedings{wang2022no,
  title={No more fine-tuning? an experimental evaluation of prompt tuning in code intelligence},
  author={Wang, Chaozheng and Yang, Yuanhang and Gao, Cuiyun and Peng, Yun and Zhang, Hongyu and Lyu, Michael R},
  booktitle={Proceedings of the 30th ACM Joint European Software Engineering Conference and Symposium on the Foundations of Software Engineering},
  pages={382--394},
  year={2022}
}

@article{ding2023parameter,
  title={Parameter-efficient fine-tuning of large-scale pre-trained language models},
  author={Ding, Ning and Qin, Yujia and Yang, Guang and Wei, Fuchao and Yang, Zonghan and Su, Yusheng and Hu, Shengding and Chen, Yulin and Chan, Chi-Min and Chen, Weize and others},
  journal={Nature Machine Intelligence},
  volume={5},
  number={3},
  pages={220--235},
  year={2023},
  publisher={Nature Publishing Group UK London}
}

@article{dong2022survey,
  title={A survey for in-context learning},
  author={Dong, Qingxiu and Li, Lei and Dai, Damai and Zheng, Ce and Wu, Zhiyong and Chang, Baobao and Sun, Xu and Xu, Jingjing and Sui, Zhifang},
  journal={arXiv preprint arXiv:2301.00234},
  year={2022}
}

@article{liu2023pre,
  title={Pre-train, prompt, and predict: A systematic survey of prompting methods in natural language processing},
  author={Liu, Pengfei and Yuan, Weizhe and Fu, Jinlan and Jiang, Zhengbao and Hayashi, Hiroaki and Neubig, Graham},
  journal={ACM Computing Surveys},
  volume={55},
  number={9},
  pages={1--35},
  year={2023},
  publisher={ACM New York, NY}
}

@article{wei2022chain,
  title={Chain-of-thought prompting elicits reasoning in large language models},
  author={Wei, Jason and Wang, Xuezhi and Schuurmans, Dale and Bosma, Maarten and Xia, Fei and Chi, Ed and Le, Quoc V and Zhou, Denny and others},
  journal={Advances in Neural Information Processing Systems},
  volume={35},
  pages={24824--24837},
  year={2022}
}

@inproceedings{xu2024unilog,
  title={UniLog: Automatic Logging via LLM and In-Context Learning},
  author={Xu, Junjielong and Cui, Ziang and Zhao, Yuan and Zhang, Xu and He, Shilin and He, Pinjia and Li, Liqun and Kang, Yu and Lin, Qingwei and Dang, Yingnong and others},
  booktitle={Proceedings of the 46th IEEE/ACM International Conference on Software Engineering},
  pages={129--140},
  year={2024}
}

@inproceedings{geng2024large,
  title={Large language models are few-shot summarizers: Multi-intent comment generation via in-context learning},
  author={Geng, Mingyang and Wang, Shangwen and Dong, Dezun and Wang, Haotian and Li, Ge and Jin, Zhi and Mao, Xiaoguang and Liao, Xiangke},
  booktitle={Proceedings of the 46th IEEE/ACM International Conference on Software Engineering},
  year={2024}
}

@inproceedings{he2023come,
  title={COME: Commit Message Generation with Modification Embedding},
  author={He, Yichen and Wang, Liran and Wang, Kaiyi and Zhang, Yupeng and Zhang, Hang and Li, Zhoujun},
  booktitle={Proceedings of the 32nd ACM SIGSOFT International Symposium on Software Testing and Analysis},
  pages={792--803},
  year={2023}
}

@inproceedings{li2022automating,
  title={Automating code review activities by large-scale pre-training},
  author={Li, Zhiyu and Lu, Shuai and Guo, Daya and Duan, Nan and Jannu, Shailesh and Jenks, Grant and Majumder, Deep and Green, Jared and Svyatkovskiy, Alexey and Fu, Shengyu and others},
  booktitle={Proceedings of the 30th ACM Joint European Software Engineering Conference and Symposium on the Foundations of Software Engineering},
  pages={1035--1047},
  year={2022}
}

@inproceedings{lin2023cct5,
author = {Lin, Bo and Wang, Shangwen and Liu, Zhongxin and Liu, Yepang and Xia, Xin and Mao, Xiaoguang},
title = {CCT5: A Code-Change-Oriented Pre-Trained Model},
year = {2023},
booktitle = {Proceedings of the 31st ACM Joint European Software Engineering Conference and Symposium on the Foundations of Software Engineering},
pages = {1509â1521}
}

@article{li2023starcoder,
  title={StarCoder: may the source be with you!},
  author={Li, Raymond and Allal, Loubna Ben and Zi, Yangtian and Muennighoff, Niklas and Kocetkov, Denis and Mou, Chenghao and Marone, Marc and Akiki, Christopher and Li, Jia and Chim, Jenny and others},
  journal={arXiv preprint arXiv:2305.06161},
  year={2023}
}

@article{chen2021evaluating,
  title={Evaluating large language models trained on code},
  author={Chen, Mark and Tworek, Jerry and Jun, Heewoo and Yuan, Qiming and Pinto, Henrique Ponde de Oliveira and Kaplan, Jared and Edwards, Harri and Burda, Yuri and Joseph, Nicholas and Brockman, Greg and others},
  journal={arXiv preprint arXiv:2107.03374},
  year={2021}
}

@article{roziere2023code,
  title={Code llama: Open foundation models for code},
  author={Roziere, Baptiste and Gehring, Jonas and Gloeckle, Fabian and Sootla, Sten and Gat, Itai and Tan, Xiaoqing Ellen and Adi, Yossi and Liu, Jingyu and Remez, Tal and Rapin, J{\'e}r{\'e}my and others},
  journal={arXiv preprint arXiv:2308.12950},
  year={2023}
}

@article{raffel2020exploring,
  title={Exploring the limits of transfer learning with a unified text-to-text transformer},
  author={Raffel, Colin and Shazeer, Noam and Roberts, Adam and Lee, Katherine and Narang, Sharan and Matena, Michael and Zhou, Yanqi and Li, Wei and Liu, Peter J},
  journal={The Journal of Machine Learning Research},
  volume={21},
  number={1},
  pages={5485--5551},
  year={2020},
  publisher={JMLRORG}
}

@inproceedings{zeng2022glm,
  title={GLM-130B: An Open Bilingual Pre-trained Model},
  author={Zeng, Aohan and Liu, Xiao and Du, Zhengxiao and Wang, Zihan and Lai, Hanyu and Ding, Ming and Yang, Zhuoyi and Xu, Yifan and Zheng, Wendi and Xia, Xiao and others},
  booktitle={The Eleventh International Conference on Learning Representations},
  year={2022}
}

@article{tao2022large,
  title={A large-scale empirical study of commit message generation: models, datasets and evaluation},
  author={Tao, Wei and Wang, Yanlin and Shi, Ensheng and Du, Lun and Han, Shi and Zhang, Hongyu and Zhang, Dongmei and Zhang, Wenqiang},
  journal={Empirical Software Engineering},
  volume={27},
  number={7},
  pages={198},
  year={2022},
  publisher={Springer}
}

@inproceedings{arthur2007k,
  title={K-means++ the advantages of careful seeding},
  author={Arthur, David and Vassilvitskii, Sergei},
  booktitle={Proceedings of the eighteenth annual ACM-SIAM symposium on Discrete algorithms},
  pages={1027--1035},
  year={2007}
}

@article{hou2023large,
  title={Large language models for software engineering: A systematic literature review},
  author={Hou, Xinyi and Zhao, Yanjie and Liu, Yue and Yang, Zhou and Wang, Kailong and Li, Li and Luo, Xiapu and Lo, David and Grundy, John and Wang, Haoyu},
  journal={arXiv preprint arXiv:2308.10620},
  year={2023}
}

@inproceedings{fan2023large,
  title={Large language models for software engineering: Survey and open problems},
  author={Fan, Angela and Gokkaya, Beliz and Harman, Mark and Lyubarskiy, Mitya and Sengupta, Shubho and Yoo, Shin and Zhang, Jie M},
  booktitle={2023 IEEE/ACM International Conference on Software Engineering: Future of Software Engineering (ICSE-FoSE)},
  pages={31--53},
  year={2023},
  organization={IEEE}
}

@article{OpenAI23GPT4,
  title={GPT-4 Technical Report},
  author={OpenAI},
  journal={arXiv preprint arXiv:2303.08774},
  year={2023}
}

@inproceedings{gao2023makes,
  title={What Makes Good In-Context Demonstrations for Code Intelligence Tasks with LLMs?},
  author={Gao, Shuzheng and Wen, Xin-Cheng and Gao, Cuiyun and Wang, Wenxuan and Zhang, Hongyu and Lyu, Michael R},
  booktitle={2023 38th IEEE/ACM International Conference on Automated Software Engineering (ASE)},
  pages={761--773},
  year={2023},
  organization={IEEE Computer Society}
}

@inproceedings{nashid2023retrieval,
  title={Retrieval-based prompt selection for code-related few-shot learning},
  author={Nashid, Noor and Sintaha, Mifta and Mesbah, Ali},
  booktitle={Proceedings of the 45th International Conference on Software Engineering (ICSEâ23)},
  year={2023}
}

@inproceedings{papineni2002bleu,
  title={Bleu: a method for automatic evaluation of machine translation},
  author={Papineni, Kishore and Roukos, Salim and Ward, Todd and Zhu, Wei-Jing},
  booktitle={Proceedings of the 40th annual meeting of the Association for Computational Linguistics},
  pages={311--318},
  year={2002}
}

@inproceedings{banerjee2005meteor,
  title={METEOR: An automatic metric for MT evaluation with improved correlation with human judgments},
  author={Banerjee, Satanjeev and Lavie, Alon},
  booktitle={Proceedings of the acl workshop on intrinsic and extrinsic evaluation measures for machine translation and/or summarization},
  pages={65--72},
  year={2005}
}

@inproceedings{lin2004rouge,
  title={Rouge: A package for automatic evaluation of summaries},
  author={Lin, Chin-Yew},
  booktitle={Text summarization branches out},
  pages={74--81},
  year={2004}
}

@inproceedings{vedantam2015cider,
  title={Cider: Consensus-based image description evaluation},
  author={Vedantam, Ramakrishna and Lawrence Zitnick, C and Parikh, Devi},
  booktitle={Proceedings of the IEEE conference on computer vision and pattern recognition},
  pages={4566--4575},
  year={2015}
}

@inproceedings{liu2023g,
  title={G-Eval: NLG Evaluation using Gpt-4 with Better Human Alignment},
  author={Liu, Yang and Iter, Dan and Xu, Yichong and Wang, Shuohang and Xu, Ruochen and Zhu, Chenguang},
  booktitle={Proceedings of the 2023 Conference on Empirical Methods in Natural Language Processing},
  pages={2511--2522},
  year={2023}
}

@inproceedings{liu2022makes,
  title={What Makes Good In-Context Examples for GPT-3?},
  author={Liu, Jiachang and Shen, Dinghan and Zhang, Yizhe and Dolan, William B and Carin, Lawrence and Chen, Weizhu},
  booktitle={Proceedings of Deep Learning Inside Out (DeeLIO 2022): The 3rd Workshop on Knowledge Extraction and Integration for Deep Learning Architectures},
  pages={100--114},
  year={2022}
}

@article{kamiya2002ccfinder,
  title={CCFinder: A multilinguistic token-based code clone detection system for large scale source code},
  author={Kamiya, Toshihiro and Kusumoto, Shinji and Inoue, Katsuro},
  journal={IEEE transactions on software engineering},
  volume={28},
  number={7},
  pages={654--670},
  year={2002},
  publisher={IEEE}
}

@inproceedings{golubev2021multi,
  title={Multi-threshold token-based code clone detection},
  author={Golubev, Yaroslav and Poletansky, Viktor and Povarov, Nikita and Bryksin, Timofey},
  booktitle={2021 IEEE International Conference on Software Analysis, Evolution and Reengineering (SANER)},
  pages={496--500},
  year={2021},
  organization={IEEE}
}

@article{zhang2023efficient,
  title={Efficient transformer with code token learner for code clone detection},
  author={Zhang, Aiping and Fang, Liming and Ge, Chunpeng and Li, Piji and Liu, Zhe},
  journal={Journal of Systems and Software},
  volume={197},
  pages={111557},
  year={2023},
  publisher={Elsevier}
}

@inproceedings{niwattanakul2013using,
  title={Using of Jaccard coefficient for keywords similarity},
  author={Niwattanakul, Suphakit and Singthongchai, Jatsada and Naenudorn, Ekkachai and Wanapu, Supachanun},
  booktitle={Proceedings of the international multiconference of engineers and computer scientists},
  volume={1},
  number={6},
  pages={380--384},
  year={2013}
}

@inproceedings{vrehuuvrek2010software,
  title={Software Framework for Topic Modelling with Large Corpora},
  author={ÅehÅ¯Åek, Radim and Sojka, Petr},
  booktitle={Proceedings of the LREC 2010 Workshop on New Challenges for NLP Frameworks},
  pages={45},
  year={2010}
}

@article{robertson2009probabilistic,
  title={The probabilistic relevance framework: BM25 and beyond},
  author={Robertson, Stephen and Zaragoza, Hugo and others},
  journal={Foundations and Trends{\textregistered} in Information Retrieval},
  volume={3},
  number={4},
  pages={333--389},
  year={2009},
  publisher={Now Publishers, Inc.}
}

@inproceedings{ramos2003using,
  title={Using tf-idf to determine word relevance in document queries},
  author={Ramos, Juan and others},
  booktitle={Proceedings of the first instructional conference on machine learning},
  volume={242},
  number={1},
  pages={29--48},
  year={2003},
  organization={Citeseer}
}

@inproceedings{wang2020detecting,
  title={Detecting code clones with graph neural network and flow-augmented abstract syntax tree},
  author={Wang, Wenhan and Li, Ge and Ma, Bo and Xia, Xin and Jin, Zhi},
  booktitle={2020 IEEE 27th International Conference on Software Analysis, Evolution and Reengineering (SANER)},
  pages={261--271},
  year={2020},
  organization={IEEE}
}

@article{zeng2023degraphcs,
  title={degraphcs: Embedding variable-based flow graph for neural code search},
  author={Zeng, Chen and Yu, Yue and Li, Shanshan and Xia, Xin and Wang, Zhiming and Geng, Mingyang and Bai, Linxiao and Dong, Wei and Liao, Xiangke},
  journal={ACM Transactions on Software Engineering and Methodology},
  volume={32},
  number={2},
  pages={1--27},
  year={2023},
  publisher={ACM New York, NY}
}

@inproceedings{kumar2021reordering,
  title={Reordering Examples Helps during Priming-based Few-Shot Learning},
  author={Kumar, Sawan and Talukdar, Partha},
  booktitle={Findings of the Association for Computational Linguistics: ACL-IJCNLP 2021},
  pages={4507--4518},
  year={2021}
}

@inproceedings{zhao2021calibrate,
  title={Calibrate before use: Improving few-shot performance of language models},
  author={Zhao, Zihao and Wallace, Eric and Feng, Shi and Klein, Dan and Singh, Sameer},
  booktitle={International Conference on Machine Learning},
  pages={12697--12706},
  year={2021},
  organization={PMLR}
}

@inproceedings{lu2022fantastically,
  title={Fantastically Ordered Prompts and Where to Find Them: Overcoming Few-Shot Prompt Order Sensitivity},
  author={Lu, Yao and Bartolo, Max and Moore, Alastair and Riedel, Sebastian and Stenetorp, Pontus},
  booktitle={Proceedings of the 60th Annual Meeting of the Association for Computational Linguistics (Volume 1: Long Papers)},
  pages={8086--8098},
  year={2022}
}

@incollection{wilcoxon1992individual,
  title={Individual comparisons by ranking methods},
  author={Wilcoxon, Frank},
  booktitle={Breakthroughs in Statistics: Methodology and Distribution},
  pages={196--202},
  year={1992},
  publisher={Springer}
}

@article{zheng2024judging,
  title={Judging llm-as-a-judge with mt-bench and chatbot arena},
  author={Zheng, Lianmin and Chiang, Wei-Lin and Sheng, Ying and Zhuang, Siyuan and Wu, Zhanghao and Zhuang, Yonghao and Lin, Zi and Li, Zhuohan and Li, Dacheng and Xing, Eric and others},
  journal={Advances in Neural Information Processing Systems},
  volume={36},
  year={2024}
}

@inproceedings{ye2022zerogen,
  title={ZeroGen: Efficient Zero-shot Learning via Dataset Generation},
  author={Ye, Jiacheng and Gao, Jiahui and Li, Qintong and Xu, Hang and Feng, Jiangtao and Wu, Zhiyong and Yu, Tao and Kong, Lingpeng},
  booktitle={Proceedings of the 2022 Conference on Empirical Methods in Natural Language Processing},
  pages={11653--11669},
  year={2022}
}

@inproceedings{ruida2023let,
  title={Let's Synthesize Step by Step: Iterative Dataset Synthesis with Large Language Models by Extrapolating Errors from Small Models},
  author={Ruida, WANG and Zhou, Wangchunshu and Sachan, Mrinmaya},
  booktitle={The 2023 Conference on Empirical Methods in Natural Language Processing},
  year={2023}
}

@inproceedings{gao2023self,
  title={Self-guided noise-free data generation for efficient zero-shot learning},
  author={Gao, Jiahui and Pi, Renjie and Yong, Lin and Xu, Hang and Ye, Jiacheng and Wu, Zhiyong and Zhang, Weizhong and Liang, Xiaodan and Li, Zhenguo and Kong, Lingpeng},
  booktitle={International Conference on Learning Representations},
  year={2023}
}

@article{kendall1945treatment,
  title={The treatment of ties in ranking problems},
  author={Kendall, Maurice G},
  journal={Biometrika},
  volume={33},
  number={3},
  pages={239--251},
  year={1945},
  publisher={JSTOR}
}

@book{myers2013research,
  title={Research design and statistical analysis},
  author={Myers, Jerome L and Well, Arnold D and Lorch Jr, Robert F},
  year={2013},
  publisher={Routledge}
}

@inproceedings{tao2012software,
  title={How do software engineers understand code changes? An exploratory study in industry},
  author={Tao, Yida and Dang, Yingnong and Xie, Tao and Zhang, Dongmei and Kim, Sunghun},
  booktitle={Proceedings of the ACM SIGSOFT 20th International symposium on the foundations of software engineering},
  pages={1--11},
  year={2012}
}

@inproceedings{li2023commit,
  title={Commit message matters: Investigating impact and evolution of commit message quality},
  author={Li, Jiawei and Ahmed, Iftekhar},
  booktitle={2023 IEEE/ACM 45th International Conference on Software Engineering (ICSE)},
  pages={806--817},
  year={2023},
  organization={IEEE}
}

@inproceedings{tian2022makes,
  title={What makes a good commit message?},
  author={Tian, Yingchen and Zhang, Yuxia and Stol, Klaas-Jan and Jiang, Lin and Liu, Hui},
  booktitle={Proceedings of the 44th International Conference on Software Engineering},
  pages={2389--2401},
  year={2022}
}

@inproceedings{mockus2000identifying,
  title={Identifying reasons for software changes using historic databases},
  author={Mockus and Votta},
  booktitle={Proceedings 2000 International Conference on Software Maintenance},
  pages={120--130},
  year={2000},
  organization={IEEE}
}

@inproceedings{dyer2013boa,
  title={Boa: A language and infrastructure for analyzing ultra-large-scale software repositories},
  author={Dyer, Robert and Nguyen, Hoan Anh and Rajan, Hridesh and Nguyen, Tien N},
  booktitle={2013 35th International Conference on Software Engineering (ICSE)},
  pages={422--431},
  year={2013},
  organization={IEEE}
}

@inproceedings{tao2021evaluation,
  title={On the evaluation of commit message generation models: An experimental study},
  author={Tao, Wei and Wang, Yanlin and Shi, Ensheng and Du, Lun and Han, Shi and Zhang, Hongyu and Zhang, Dongmei and Zhang, Wenqiang},
  booktitle={2021 IEEE International Conference on Software Maintenance and Evolution (ICSME)},
  pages={126--136},
  year={2021},
  organization={IEEE}
}

@inproceedings{maalej2010can,
  title={Can development work describe itself?},
  author={Maalej, Walid and Happel, Hans-J{\"o}rg},
  booktitle={2010 7th IEEE working conference on mining software repositories (MSR 2010)},
  pages={191--200},
  year={2010},
  organization={IEEE}
}

@article{tao2024kadel,
  title={KADEL: Knowledge-Aware Denoising Learning for Commit Message Generation},
  author={Tao, Wei and Zhou, Yucheng and Wang, Yanlin and Zhang, Hongyu and Wang, Haofen and Zhang, Wenqiang},
  journal={ACM Transactions on Software Engineering and Methodology},
  year={2024},
  publisher={ACM New York, NY}
}

@article{zhang2024using,
  title={Using Large Language Models for Commit Message Generation: A Preliminary Study},
  author={Zhang, Linghao and Zhao, Jingshu and Wang, Chong and Liang, Peng},
  journal={arXiv preprint arXiv:2401.05926},
  year={2024}
}

@article{lopes2024commit,
  title={Commit Messages in the Age of Large Language Models},
  author={Lopes, Cristina V and Klotzman, Vanessa I and Ma, Iris and Ahmed, Iftekar},
  journal={arXiv preprint arXiv:2401.17622},
  year={2024}
}

@inproceedings{eliseeva2023commit,
  title={From commit message generation to history-aware commit message completion},
  author={Eliseeva, Aleksandra and Sokolov, Yaroslav and Bogomolov, Egor and Golubev, Yaroslav and Dig, Danny and Bryksin, Timofey},
  booktitle={2023 38th IEEE/ACM International Conference on Automated Software Engineering (ASE)},
  pages={723--735},
  year={2023},
  organization={IEEE}
}

@inproceedings{guo2024exploring,
  title={Exploring the potential of chatgpt in automated code refinement: An empirical study},
  author={Guo, Qi and Cao, Junming and Xie, Xiaofei and Liu, Shangqing and Li, Xiaohong and Chen, Bihuan and Peng, Xin},
  booktitle={Proceedings of the 46th IEEE/ACM International Conference on Software Engineering},
  year={2024}
}

@inproceedings{xia2024fuzz4all,
  title={Fuzz4all: Universal fuzzing with large language models},
  author={Xia, Chunqiu Steven and Paltenghi, Matteo and Le Tian, Jia and Pradel, Michael and Zhang, Lingming},
  booktitle={Proceedings of the 46th IEEE/ACM International Conference on Software Engineering},
  year={2024}
}

@inproceedings{jung2021commitbert,
  title={CommitBERT: Commit Message Generation Using Pre-Trained Programming Language Model},
  author={Jung, Tae Hwan},
  booktitle={Proceedings of the 1st Workshop on Natural Language Processing for Programming (NLP4Prog 2021)},
  pages={26--33},
  year={2021}
}

@article{zhang2024automatic,
  title={Automatic Commit Message Generation: A Critical Review and Directions for Future Work},
  author={Zhang, Yuxia and Qiu, Zhiqing and Stol, Klaas-Jan and Zhu, Wenhui and Zhu, Jiaxin and Tian, Yingchen and Liu, Hui},
  journal={IEEE Transactions on Software Engineering},
  year={2024},
  publisher={IEEE}
}

@inproceedings{yang2024large,
  title={Large language models for test-free fault localization},
  author={Yang, Aidan ZH and Le Goues, Claire and Martins, Ruben and Hellendoorn, Vincent},
  booktitle={Proceedings of the 46th IEEE/ACM International Conference on Software Engineering},
  pages={1--12},
  year={2024}
}
@article{anthropic2024claude,
  title={The claude 3 model family: Opus, sonnet, haiku},
  author={Anthropic, AI},
  journal={Claude-3 Model Card},
  year={2024}
}
@article{zhu2024deepseek,
  title={DeepSeek-Coder-V2: Breaking the Barrier of Closed-Source Models in Code Intelligence},
  author={Zhu, Qihao and Guo, Daya and Shao, Zhihong and Yang, Dejian and Wang, Peiyi and Xu, Runxin and Wu, Y and Li, Yukun and Gao, Huazuo and Ma, Shirong and others},
  journal={arXiv preprint arXiv:2406.11931},
  year={2024}
}
@article{liu2024your,
  title={Is your code generated by chatgpt really correct? rigorous evaluation of large language models for code generation},
  author={Liu, Jiawei and Xia, Chunqiu Steven and Wang, Yuyao and Zhang, Lingming},
  journal={Advances in Neural Information Processing Systems},
  volume={36},
  year={2024}
}
@article{bai2022constitutional,
  title={Constitutional ai: Harmlessness from ai feedback},
  author={Bai, Yuntao and Kadavath, Saurav and Kundu, Sandipan and Askell, Amanda and Kernion, Jackson and Jones, Andy and Chen, Anna and Goldie, Anna and Mirhoseini, Azalia and McKinnon, Cameron and others},
  journal={arXiv preprint arXiv:2212.08073},
  year={2022}
}
@article{deepseekv2,
      title={DeepSeek-V2: A Strong, Economical, and Efficient Mixture-of-Experts Language Model}, 
      author={DeepSeek-AI},
      journal={arXiv preprint arXiv:2405.04434},
      year={2024}
}
@inproceedings{kwon2023efficient,
  title={Efficient memory management for large language model serving with pagedattention},
  author={Kwon, Woosuk and Li, Zhuohan and Zhuang, Siyuan and Sheng, Ying and Zheng, Lianmin and Yu, Cody Hao and Gonzalez, Joseph and Zhang, Hao and Stoica, Ion},
  booktitle={Proceedings of the 29th Symposium on Operating Systems Principles},
  pages={611--626},
  year={2023}
}
@book{manning2008introduction,
  title={Introduction to information retrieval},
  author={Manning, Christopher D},
  year={2008},
  publisher={Syngress Publishing,}
}
@inproceedings{yao2023tree,
title={Tree of Thoughts: Deliberate Problem Solving with Large Language Models},
author={Shunyu Yao and Dian Yu and Jeffrey Zhao and Izhak Shafran and Thomas L. Griffiths and Yuan Cao and Karthik R Narasimhan},
booktitle={Thirty-seventh Conference on Neural Information Processing Systems},
year={2023}
}

@inproceedings{wu2024commit,
  title={Commit Message Generation via ChatGPT: How Far Are We?},
  author={Wu, Yifan and Li, Ying and Yu, Siyu},
  booktitle={Proceedings of the 2024 IEEE/ACM First International Conference on AI Foundation Models and Software Engineering},
  pages={124--129},
  year={2024}
}