@INPROCEEDINGS{Aldaraani:2018,
  author={Aldaraani, Najla and Begum, Zeenat},
  booktitle={2018 21st Saudi Computer Society National Computer Conference (NCC)}, 
  title={Understanding the impact of Ransomware: A Survey on its Evolution, Mitigation and Prevention Techniques}, 
  year={2018},
  volume={},
  number={},
  pages={1-5},
  keywords={Ransomware;Organizations;Servers;Encryption;Ransomware;Malware;Ransomware detection and Prevention},
  doi={10.1109/NCG.2018.8593029}}

@ARTICLE{Chayal:2022,
  title    = "A review on spreading and Forensics Analysis of {Windows-Based}
              ransomware",
  author   = "Chayal, Narendrakumar Mangilal and Saxena, Ankur and Khan, Rijwan",
  journal  = "Annals of Data Science",
  month    =  jun,
  year     =  2022
}

@ARTICLE{CtiView,
  title     = "{CTI} View: {APT} Threat Intelligence Analysis System",
  author    = "Zhou, Yinghai and Tang, Yi and Yi, Ming and Xi, Chuanyu and Lu,
               Hai",
  journal   = "Security and Communication Networks",
  publisher = "Hindawi",
  volume    =  2022,
  month     =  jan,
  year      =  2022,
  language  = "en"
}

@ARTICLE{Irshad2023,
  title    = "Cyber threat attribution using unstructured reports in cyber
              threat intelligence",
  author   = "Irshad, Ehtsham and Basit Siddiqui, Abdul",
  journal  = "Egyptian Informatics Journal",
  volume   =  24,
  number   =  1,
  pages    = "43--59",
  month    =  mar,
  year     =  2023,
  keywords = "Cyber Threat Actor (CTA); Tactics Techniques and Procedures
              (TTP); Natural Language Processing (NLP); Cyber Threat
              Intelligence (CTI); Cyber-Threat Intelligence Reports (CTIR);
              Incident of Compromise (IOC); Advanced persistent threats (APT);
              Structured Threat Information Expression (STIX); Common Attack
              Pattern Enumeration and Classification (CAPEC); Smoothed Binary
              Vector (SMOBI); Similarity Based Vector Representation (SIMVER)"
}

@ARTICLE{Kim2022,
  title   = "Byte Frequency Based Indicators for {Crypto-Ransomware} Detection
             from Empirical Analysis",
  author  = "Kim, Geun Yong and Paik, Joon-Young and Kim, Yeongcheol and Cho,
             Eun-Sun",
  journal = "J. Comput. Sci. Technol.",
  volume  =  37,
  number  =  2,
  pages   = "423--442",
  month   =  apr,
  year    =  2022
}

@inproceedings{LADDER,
author = {Alam, Md Tanvirul and Bhusal, Dipkamal and Park, Youngja and Rastogi, Nidhi},
title = {Looking Beyond IoCs: Automatically Extracting Attack Patterns from External CTI},
year = {2023},
isbn = {9798400707650},
publisher = {Association for Computing Machinery},
address = {New York, NY, USA},
url = {https://doi.org/10.1145/3607199.3607208},
doi = {10.1145/3607199.3607208},
booktitle = {Proceedings of the 26th International Symposium on Research in Attacks, Intrusions and Defenses},
pages = {92–108},
numpages = {17},
keywords = {Threat Intelligence, LADDER, Knowledge Graph, Attack Patterns},
location = {Hong Kong, China},
series = {RAID '23}
}

@INPROCEEDINGS{Levesque2014,
  title     = "Risk prediction of malware victimization based on user behavior",
  booktitle = "2014 9th International Conference on Malicious and Unwanted
               Software: The Americas ({MALWARE})",
  author    = "L{\'e}vesque, Fanny Lalonde and Fernandez, Jos{\'e} M and
               Somayaji, Anil",
  publisher = "IEEE",
  pages     = "128--134",
  month     =  oct,
  year      =  2014
}

@ARTICLE{McIntosh:2023,
  title    = "Applying staged event-driven access control to combat ransomware",
  author   = "McIntosh, Timothy and Kayes, A S M and Chen, Yi-Ping Phoebe and
              Ng, Alex and Watters, Paul",
  journal  = "Comput. Secur.",
  volume   =  128,
  pages    = "103160",
  month    =  may,
  year     =  2023,
  keywords = "Ransomware; Malware; Access control; Ransomware mitigation;
              Intrusion prevention"
}

@INPROCEEDINGS{Oujezsky:2023,
  title     = "Data Backup System with Integrated Active Protection Against
               Ransomware",
  booktitle = "2023 46th International Conference on Telecommunications and
               Signal Processing ({TSP})",
  author    = "Oujezsky, Vaclav and Novak, Pavel and Horvath, Tomas and Holik,
               Martin and Jurcik, Michal",
  publisher = "IEEE",
  pages     = "65--69",
  month     =  jul,
  year      =  2023
}

@inproceedings{TTPDrill,
author = {Husari, Ghaith and Al-Shaer, Ehab and Ahmed, Mohiuddin and Chu, Bill and Niu, Xi},
title = {TTPDrill: Automatic and Accurate Extraction of Threat Actions from Unstructured Text of CTI Sources},
year = {2017},
isbn = {9781450353458},
publisher = {Association for Computing Machinery},
address = {New York, NY, USA},
url = {https://doi.org/10.1145/3134600.3134646},
doi = {10.1145/3134600.3134646},
booktitle = {Proceedings of the 33rd Annual Computer Security Applications Conference},
pages = {103–115},
numpages = {13},
location = {Orlando, FL, USA},
series = {ACSAC '17}
}

@ARTICLE{Thomas:2018,
  title    = "Individual Cyber Security: Empowering Employees to Resist Spear
              Phishing to Prevent Identity Theft and Ransomware Attacks",
  author   = "Thomas, Jason",
  journal  = "Int. J. Indian Cult. Bus. Manage.",
  volume   =  13,
  number   =  6,
  pages    = "1",
  month    =  apr,
  year     =  2018,
  language = "en"
}

@misc{ThreatKG,
      title={ThreatKG: A Threat Knowledge Graph for Automated Open-Source Cyber Threat Intelligence Gathering and Management}, 
      author={Peng Gao and Xiaoyuan Liu and Edward Choi and Sibo Ma and Xinyu Yang and Zhengjie Ji and Zilin Zhang and Dawn Song},
      year={2022},
      eprint={2212.10388},
      archivePrefix={arXiv},
      primaryClass={cs.CR},
      url={https://arxiv.org/abs/2212.10388}, 
}

@ARTICLE{Yilmaz2023,
  title     = "Personality Types and Ransomware Victimisation",
  author    = "Yilmaz, Yagiz and Cetin, Orcun and Grigore, Claudia and Arief,
               Budi and Hernandez-Castro, Julio",
  journal   = "Digital Threats",
  publisher = "Association for Computing Machinery",
  volume    =  4,
  number    =  4,
  pages     = "1--25",
  month     =  oct,
  year      =  2023,
  address   = "New York, NY, USA",
  keywords  = "cybersecurity behaviours, cybercrime, user study,
               socio-technical security, victimisation, big-five, personality
               types, Ransomware"
}

@misc{aCTIon,
      title={Time for aCTIon: Automated Analysis of Cyber Threat Intelligence in the Wild}, 
      author={Giuseppe Siracusano and Davide Sanvito and Roberto Gonzalez and Manikantan Srinivasan and Sivakaman Kamatchi and Wataru Takahashi and Masaru Kawakita and Takahiro Kakumaru and Roberto Bifulco},
      year={2023},
      eprint={2307.10214},
      archivePrefix={arXiv},
      primaryClass={cs.CR},
      url={https://arxiv.org/abs/2307.10214}, 
}

@online{mitre2023attack,
    author = {{MITRE Corporation}},
    title = {ATT\&CK},
    year = 2023,
    url = {https://attack.mitre.org/},
    note = {Accessed: October 10, 2023}
}

