
@ARTICLE{Aldauiji2022-jt,
  title     = "Utilizing Cyber Threat Hunting Techniques to Find Ransomware
               Attacks: A Survey of the State of the Art",
  author    = "Aldauiji, Fatimah and Batarfi, Omar and Bayousef, Manal",
  journal   = "IEEE Access",
  publisher = "IEEE",
  volume    =  10,
  pages     = "61695--61706",
  year      =  2022
}


@online{Sherborne_undated-ls,
    title   = "Ransomware Mitigation: An Analytical Investigation into the Effects and Trends of Ransomware Attacks on Global Business",
    author  = "Sherborne, Bradley and Trowbridge, Thomas and Permana, Ghifari",
    year    = "2022",
    month   = "December",
    url     = "https://doi.org/10.31234/osf.io/ayc2d",
    note    = "Accessed: Year-Month-Day"
}

@ARTICLE{Bekkers2023-rs,
  title    = "Protecting your business against ransomware attacks? Explaining
              the motivations of entrepreneurs to take future protective
              measures against cybercrimes using an extended protection
              motivation theory model",
  author   = "Bekkers, Luuk and van 't Hoff-de Goede, Susanne and Misana-ter
              Huurne, Ellen and van Houten, Ynze and Spithoven, Remco and
              Leukfeldt, Eric Rutger",
  journal  = "Comput. Secur.",
  volume   =  127,
  pages    = "103099",
  month    =  apr,
  year     =  2023,
  keywords = "Ransomware; Cybercrime victimization; Entrepreneurs; Cyber
              resilience; Extended protection motivation theory"
}

@ARTICLE{Beaman:2021,
  title    = "Ransomware: Recent advances, analysis, challenges and future
              research directions",
  author   = "Beaman, Craig and Barkworth, Ashley and Akande, Toluwalope David
              and Hakak, Saqib and Khan, Muhammad Khurram",
  journal  = "Comput. Secur.",
  volume   =  111,
  pages    = "102490",
  month    =  dec,
  year     =  2021,
  keywords = "Antivirus; COVID-19; Cybersecurity; Malware; Ransomware;
              Ransomware detection; Ransomware prevention",
  language = "en"
}

@article{SANS:2022,
    author = {Rebekah Brown and Pasquale Stirparo},
    title = {SANS 2022 Cyber Threat Intelligence Survey},
    journal = {SANS Institute},
    year = {2022},
    month = {February},
    note = {©2022 SANS™ Institute},
}





@misc{anthropic,
  author = {{Anthrooic LLM}},
  title = {Anthropc},
  year = {2024},
  url = {https://www.anthropic.com/},
  note = {2024-05-03}
}




@online{Sophos:2022,
  author       = {Sophos},
  title        = {The State of Ransomware 2022},
  year         = {2022},
  url          = {https://assets.sophos.com/X24WTUEQ/at/c5234fvn45pvmk5w6nhh4vkh/sophos-state-of-ransomware-2022-infographic.pdf},
}

@online{Ransomware:Live,
  author       = {Julien Mousquenton},
  title        = {Ransomware Live},
  year         = {2023},
  url          = {https://ransomware.live/#/},
  note = {Licensed under CC BY-NC 4.0}
}


@techreport{Ettinger2019,
    author = {Jared Ettinger},
    title = {The State of Cyber Intelligence Practices in the United States: Cyber Intelligence Tradecraft Report},
    institution = {Carnegie Mellon University, Software Engineering Institute},
    year = {2019},
    address = {Pittsburgh, PA},
    number = {DM19-0447},
    note = {Funded by the Department of Defense under Contract No. FA8702-15-D-0002. Approved for public release; distribution unlimited.},
}


@ARTICLE{Wagner:2019,
  title    = "Cyber threat intelligence sharing: Survey and research directions",
  author   = "Wagner, Thomas D and Mahbub, Khaled and Palomar, Esther and
              Abdallah, Ali E",
  journal  = "Comput. Secur.",
  volume   =  87,
  pages    = "101589",
  month    =  nov,
  year     =  2019,
  keywords = "Advanced persistent threat; Cyber threat intelligence; Threat
              sharing; Relevance; Trust; Anonymity; Literature survey"
}



@ARTICLE{McHugh:2021,
  title     = "An observational assessment of {CTI} standards for blue teams:
               student paper abstract",
  author    = "McHugh, Jeremy and Childs, Dawn and Jenkins, Jerry",

  journal   = "J. Comput. Sci. Coll.",
  publisher = "Consortium for Computing Sciences in Colleges",
  volume    =  37,
  number    =  3,
  pages     = "168",
  month     =  oct,
  year      =  2021,
  address   = "Evansville, IN, USA"
}



@ARTICLE{TIMiner,
  title    = "{TIMiner}: Automatically extracting and analyzing categorized
              cyber threat intelligence from social data",
  author   = "Zhao, Jun and Yan, Qiben and Li, Jianxin and Shao, Minglai and
              He, Zuti and Li, Bo",
  journal  = "Comput. Secur.",
  volume   =  95,
  pages    = "101867",
  month    =  aug,
  year     =  2020,
  keywords = "Cyber threat intelligence; IOC; Threat index; Social media; Cyber
              security"
}

@ARTICLE{Vulcan,
  title    = "Vulcan: Automatic extraction and analysis of cyber threat
              intelligence from unstructured text",
  author   = "Jo, Hyeonseong and Lee, Yongjae and Shin, Seungwon",
  journal  = "Comput. Secur.",
  volume   =  120,
  pages    = "102763",
  month    =  sep,
  year     =  2022,
  keywords = "Cyber threat intelligence; CTI; Cybersecurity; Information
              extraction; Language model"
}

@ARTICLE{Schlette2021,
  title   = "Measuring and visualizing cyber threat intelligence quality",
  author  = "Schlette, Daniel and B{\"o}hm, Fabian and Caselli, Marco and
             Pernul, G{\"u}nther",
  journal = "Int. J. Inf. Secur.",
  volume  =  20,
  number  =  1,
  pages   = "21--38",
  month   =  feb,
  year    =  2021
}

@online{llama2,
    author = {Meta},
    title = {Introducin Llama 2},
    year = {2023},
    url = {https://ai.meta.com/llama/},
    note = {Accessed on 2023-12-14},
}

@ARTICLE{CtiView,
  title     = "{CTI} View: {APT} Threat Intelligence Analysis System",
  author    = "Zhou, Yinghai and Tang, Yi and Yi, Ming and Xi, Chuanyu and Lu,
               Hai",
  journal   = "Security and Communication Networks",
  publisher = "Hindawi",
  volume    =  2022,
  month     =  jan,
  year      =  2022,
  language  = "en"
}

@online{Stix:2.1,
    author = "OASIS",
    title = "Structured Threat Information Expression (STIX™ 2.1) - Introduction",
    year = "2023",
    url = "https://oasis-open.github.io/cti-documentation/stix/intro.html",
    note = "[Accessed: October 12, 2023]"
}

@misc{kojima2023large,
      title={Large Language Models are Zero-Shot Reasoners}, 
      author={Takeshi Kojima and Shixiang Shane Gu and Machel Reid and Yutaka Matsuo and Yusuke Iwasawa},
      year={2023},
      eprint={2205.11916},
      archivePrefix={arXiv},
      primaryClass={cs.CL}
}

@online{nvd,
    title={NIST National Vulnerability Database},
    url={www.nvd.nist.gov}
}


@ARTICLE{Irshad2023,
  title    = "Cyber threat attribution using unstructured reports in cyber
              threat intelligence",
  author   = "Irshad, Ehtsham and Basit Siddiqui, Abdul",
  journal  = "Egyptian Informatics Journal",
  volume   =  24,
  number   =  1,
  pages    = "43--59",
  month    =  mar,
  year     =  2023,
  keywords = "Cyber Threat Actor (CTA); Tactics Techniques and Procedures
              (TTP); Natural Language Processing (NLP); Cyber Threat
              Intelligence (CTI); Cyber-Threat Intelligence Reports (CTIR);
              Incident of Compromise (IOC); Advanced persistent threats (APT);
              Structured Threat Information Expression (STIX); Common Attack
              Pattern Enumeration and Classification (CAPEC); Smoothed Binary
              Vector (SMOBI); Similarity Based Vector Representation (SIMVER)"
}

@article{wei2022chain,
  title={Chain-of-thought prompting elicits reasoning in large language models},
  author={Wei, Jason and Wang, Xuezhi and Schuurmans, Dale and Bosma, Maarten and Xia, Fei and Chi, Ed and Le, Quoc V and Zhou, Denny and others},
  journal={Advances in Neural Information Processing Systems},
  volume={35},
  pages={24824--24837},
  year={2022}
}


@misc{rcATT,
      title={Automated Retrieval of ATT&CK Tactics and Techniques for Cyber Threat Reports}, 
      author={Valentine Legoy and Marco Caselli and Christin Seifert and Andreas Peter},
      year={2020},
      eprint={2004.14322},
      archivePrefix={arXiv},
      primaryClass={cs.CR}
}




@misc{SecBert,
    author = {M. {Liberato}},
    title = {SecBERT : Analyzing reports using BERT-like models},
    year = {2022},
    month = {December},
    url = {http://essay.utwente.nl/93906/}
}

@ARTICLE{CASIE,
  title    = "{CASIE}: Extracting Cybersecurity Event Information from Text",
  author   = "Satyapanich, Taneeya and Ferraro, Francis and Finin, Tim",
  journal  = "AAAI",
  volume   =  34,
  number   =  05,
  pages    = "8749--8757",
  month    =  apr,
  year     =  2020,
  language = "en"
}



@online{tram,
    author = {{tram}},
    title = {TRAM},
    year = 2023,
    howpublished = {GitHub repository},
    url = {https://github.com/center-for-threat-informed-defense/tram/},
    note = {Accessed: October 10, 2023}
}


@INPROCEEDINGS{Park2022-do,
  title     = "{Full-Stack} Information Extraction System for Cybersecurity
               Intelligence",
  booktitle = "Proceedings of the 2022 Conference on Empirical Methods in
               Natural Language Processing: Industry Track",
  author    = "Park, Youngja and Lee, Taesung",
  publisher = "Association for Computational Linguistics",
  pages     = "531--539",
  month     =  dec,
  year      =  2022,
  address   = "Abu Dhabi, UAE"
}


@ARTICLE{Parkinson:2017,
  title    = "Use of access control to minimise ransomware impact",
  author   = "Parkinson, Simon",

  journal  = "Network Security",
  volume   =  2017,
  number   =  7,
  pages    = "5--8",
  month    =  jul,
  year     =  2017
}


@INPROCEEDINGS{Oujezsky:2023,
  title     = "Data Backup System with Integrated Active Protection Against
               Ransomware",
  booktitle = "2023 46th International Conference on Telecommunications and
               Signal Processing ({TSP})",
  author    = "Oujezsky, Vaclav and Novak, Pavel and Horvath, Tomas and Holik,
               Martin and Jurcik, Michal",
  publisher = "IEEE",
  pages     = "65--69",
  month     =  jul,
  year      =  2023
}

@INPROCEEDINGS{Jin:2018,
  title     = "A Secure Container-based Backup Mechanism to Survive Destructive
               Ransomware Attacks",
  booktitle = "2018 International Conference on Computing, Networking and
               Communications ({ICNC})",
  author    = "Jin, Yong and Tomoishi, Masahiko and Matsuura, Satoshi and
               Kitaguchi, Yoshiaki",
  publisher = "IEEE",
  pages     = "1--6",
  month     =  mar,
  year      =  2018
}

@INPROCEEDINGS{Huang:2017,
  title     = "{FlashGuard}: Leveraging Intrinsic Flash Properties to Defend
               Against Encryption Ransomware",
  booktitle = "Proceedings of the 2017 {ACM} {SIGSAC} Conference on Computer
               and Communications Security",
  author    = "Huang, Jian and Xu, Jun and Xing, Xinyu and Liu, Peng and
               Qureshi, Moinuddin K",
  publisher = "Association for Computing Machinery",
  pages     = "2231--2244",
  series    = "CCS '17",
  month     =  oct,
  year      =  2017,
  address   = "New York, NY, USA",
  keywords  = "solid-state drive, data recovery, encryption ransomware",
  location  = "Dallas, Texas, USA"
}

@ARTICLE{Min:2018,
  title     = "Amoeba: An Autonomous Backup and Recovery {SSD} for Ransomware
               Attack Defense",
  author    = "Min, Donghyun and Park, Donggyu and Ahn, Jinwoo and Walker, Ryan
               and Lee, Junghee and Park, Sungyong and Kim, Youngjae",
  journal   = "IEEE Comput. Archit. Lett.",
  publisher = "IEEE",
  volume    =  17,
  number    =  2,
  pages     = "245--248",
  year      =  2018
}


@ARTICLE{McIntosh2021,
  title    = "Dynamic user-centric access control for detection of ransomware
              attacks",
  author   = "McIntosh, Timothy and Kayes, A S M and Chen, Yi-Ping Phoebe and
              Ng, Alex and Watters, Paul",
  journal  = "Comput. Secur.",
  volume   =  111,
  pages    = "102461",
  month    =  dec,
  year     =  2021,
  keywords = "Access control; Ransomware; Malware; File system; User intention;
              User Consent"
}

@ARTICLE{McIntosh:2023,
  title    = "Applying staged event-driven access control to combat ransomware",
  author   = "McIntosh, Timothy and Kayes, A S M and Chen, Yi-Ping Phoebe and
              Ng, Alex and Watters, Paul",
  journal  = "Comput. Secur.",
  volume   =  128,
  pages    = "103160",
  month    =  may,
  year     =  2023,
  keywords = "Ransomware; Malware; Access control; Ransomware mitigation;
              Intrusion prevention"
}

@INPROCEEDINGS{Ami:2018,
  title     = "Ransomware prevention using application authentication-based
               file access control",
  booktitle = "Proceedings of the 33rd Annual {ACM} Symposium on Applied
               Computing",
  author    = "Ami, Or and Elovici, Yuval and Hendler, Danny",
  publisher = "Association for Computing Machinery",
  pages     = "1610--1619",
  series    = "SAC '18",
  month     =  apr,
  year      =  2018,
  address   = "New York, NY, USA",
  keywords  = "ransomware, access control, antibotics, biometrics,
               authorization",
  location  = "Pau, France"
}

@ARTICLE{Chen:2021,
  title    = "Enforcing situation-aware access control to build
              malware-resilient file systems",
  author   = "McIntosh, Timothy and Watters, Paul and Kayes, A S M and Ng, Alex
              and Chen, Yi-Ping Phoebe",
  journal  = "Future Gener. Comput. Syst.",
  volume   =  115,
  pages    = "568--582",
  month    =  feb,
  year     =  2021,
  keywords = "Access control; Ransomware; Malware; File systems; Software
              defects; Attacks; Cybersecurity"
}



@INPROCEEDINGS{Bajpai:2018,
  title     = "A key-management-based taxonomy for ransomware",
  booktitle = "2018 {APWG} Symposium on Electronic Crime Research (eCrime)",
  author    = "Bajpai, Pranshu and Sood, Aditya K and Enbody, Richard",
  publisher = "IEEE",
  pages     = "1--12",
  month     =  may,
  year      =  2018
}

@INPROCEEDINGS{Bhudia:2021,
  title     = "{RansomClave}: Ransomware Key Management using {SGX}",
  booktitle = "Proceedings of the 16th International Conference on
               Availability, Reliability and Security",
  author    = "Bhudia, Alpesh and O'Keeffe, Daniel and Sgandurra, Daniele and
               Hurley-Smith, Darren",
  publisher = "Association for Computing Machinery",
  number    = "Article 58",
  pages     = "1--10",
  series    = "ARES '21",
  month     =  aug,
  year      =  2021,
  address   = "New York, NY, USA",
  location  = "Vienna, Austria"
}


@ARTICLE{Thomas:2018,
  title    = "Individual Cyber Security: Empowering Employees to Resist Spear
              Phishing to Prevent Identity Theft and Ransomware Attacks",
  author   = "Thomas, Jason",
  journal  = "Int. J. Indian Cult. Bus. Manage.",
  volume   =  13,
  number   =  6,
  pages    = "1",
  month    =  apr,
  year     =  2018,
  language = "en"
}

@ARTICLE{Wang:2015,
  title     = "Efficient {Attribute-Based} Comparable Data Access Control",
  author    = "Wang, Zhijie and Huang, Dijiang and Zhu, Yan and Li, Bing and
               Chung, Chun-Jen",
  journal   = "IEEE Trans. Comput.",
  publisher = "IEEE",
  volume    =  64,
  number    =  12,
  pages     = "3430--3443",
  month     =  dec,
  year      =  2015
}


@ARTICLE{Chayal:2022,
  title    = "A review on spreading and Forensics Analysis of {Windows-Based}
              ransomware",
  author   = "Chayal, Narendrakumar Mangilal and Saxena, Ankur and Khan, Rijwan",
  journal  = "Annals of Data Science",
  month    =  jun,
  year     =  2022
}

@INPROCEEDINGS{Chen:2017,
  title     = "Automated Behavioral Analysis of Malware: A Case Study of
               {WannaCry} Ransomware",
  booktitle = "2017 16th {IEEE} International Conference on Machine Learning
               and Applications ({ICMLA})",
  author    = "Chen, Qian and Bridges, Robert A",
  publisher = "IEEE",
  pages     = "454--460",
  month     =  dec,
  year      =  2017
}

@ARTICLE{Monika:2016,
  title    = "Experimental Analysis of Ransomware on Windows and Android
              Platforms: Evolution and Characterization",
  author   = "{Monika} and Zavarsky, Pavol and Lindskog, Dale",
  journal  = "Procedia Comput. Sci.",
  volume   =  94,
  pages    = "465--472",
  month    =  jan,
  year     =  2016,
  keywords = "Ransomware; Evolution; Characterization; Payload; Encryption;
              Permissions; Windows; Android ;"
}

@ARTICLE{Ramesh:2020,
  title    = "Automated dynamic approach for detecting ransomware using
              finite-state machine",
  author   = "Ramesh, Gowtham and Menen, Anjali",
  journal  = "Decis. Support Syst.",
  volume   =  138,
  pages    = "113400",
  month    =  nov,
  year     =  2020,
  keywords = "Cybersecurity; Intrusion/anomaly detection; Malware mitigation;
              Ransomware"
}






@ARTICLE{Kim2022,
  title   = "Byte Frequency Based Indicators for {Crypto-Ransomware} Detection
             from Empirical Analysis",
  author  = "Kim, Geun Yong and Paik, Joon-Young and Kim, Yeongcheol and Cho,
             Eun-Sun",
  journal = "J. Comput. Sci. Technol.",
  volume  =  37,
  number  =  2,
  pages   = "423--442",
  month   =  apr,
  year    =  2022
}


@INPROCEEDINGS{Alam2023,
  title     = "Detection and Prevention of Malware and Ransomware Threats Using
               Malicious String Analysis",
  booktitle = "2023 International Conference on Sustainable Emerging
               Innovations in Engineering and Technology ({ICSEIET})",
  author    = "Alam, Md Nahidul and Singh, Abishek and Kumari, Mayuri and
               Agrawal, Priyanshu and Dubey, Preeti and Kumar, Avinsh",
  publisher = "IEEE",
  pages     = "93--98",
  month     =  sep,
  year      =  2023
}

@ARTICLE{Lai2022-qo,
  title   = "{RansomSOC}: A more effective Security Operations Center to detect
             and respond to ransomware attacks",
  author  = "{Lai} and {Ke} and {Chan} and {Yiu} and {Kim} and {Wong} and
             {Wang} and {Muppala} and {Ho}",
  journal = "J. Internet Serv. Inf. Secur.",
  volume  =  12,
  number  =  3,
  pages   = "63--75",
  month   =  aug,
  year    =  2022
}

@ARTICLE{Berardi2023-fg,
  title    = "Data Flooding against Ransomware: Concepts and Implementations",
  author   = "Berardi, Davide and Giallorenzo, Saverio and Melis, Andrea and
              Melloni, Simone and Onori, Loris and Prandini, Marco",
  journal  = "Comput. Secur.",
  volume   =  131,
  pages    = "103295",
  month    =  aug,
  year     =  2023,
  keywords = "Ransomware; Detection; Mitigation; Restoration; Honeypot;
              Moving-target Defence; Resource Contention; Ranflood"
}

@INPROCEEDINGS{Raja2023-ty,
  title     = "Using Honey Pot Technique Ransomeware Get Detected",
  booktitle = "2023 International Conference on Computer Communication and
               Informatics ({ICCCI})",
  author    = "Raja, Solomon and Venkatesh, K",
  publisher = "IEEE",
  pages     = "1--4",
  month     =  jan,
  year      =  2023
}

@INPROCEEDINGS{Shaukat2018-eb,
  title     = "{RansomWall}: A layered defense system against cryptographic
               ransomware attacks using machine learning",
  booktitle = "2018 10th International Conference on Communication Systems \&
               Networks ({COMSNETS})",
  author    = "Shaukat, Saiyed Kashif and Ribeiro, Vinay J",
  publisher = "IEEE",
  pages     = "356--363",
  month     =  jan,
  year      =  2018
}

@ARTICLE{Gomez-Hernandez2018-df,
  title    = "{R-Locker}: Thwarting ransomware action through a honeyfile-based
              approach",
  author   = "G{\'o}mez-Hern{\'a}ndez, J A and {\'A}lvarez-Gonz{\'a}lez, L and
              Garc{\'\i}a-Teodoro, P",
  journal  = "Comput. Secur.",
  volume   =  73,
  pages    = "389--398",
  month    =  mar,
  year     =  2018,
  keywords = "Ransomware; Detection; Countermeasure; Honeyfile; System security"
}


@INPROCEEDINGS{Fu2022-gi,
  title     = "Encrypted Malware Traffic Detection via Graph-based Network
               Analysis",
  booktitle = "Proceedings of the 25th International Symposium on Research in
               Attacks, Intrusions and Defenses",
  author    = "Fu, Zhuoqun and Liu, Mingxuan and Qin, Yue and Zhang, Jia and
               Zou, Yuan and Yin, Qilei and Li, Qi and Duan, Haixin",
  publisher = "Association for Computing Machinery",
  pages     = "495--509",
  series    = "RAID '22",
  month     =  oct,
  year      =  2022,
  address   = "New York, NY, USA",
  keywords  = "Traffic-based malware detection, graph representation,
               encryption traffic",
  location  = "Limassol, Cyprus"
}

@INPROCEEDINGS{Kostadinov2022-ts,
  title     = "Using Data Science Tools for Investigating Chat Logs from the
               Conti Ransomware Group",
  booktitle = "2022 {IEEE} 13th Annual Ubiquitous Computing, Electronics \&
               Mobile Communication Conference ({UEMCON})",
  author    = "Kostadinov, Boyan and Liu, Joseph and Rayme, Julio",
  publisher = "IEEE",
  pages     = "0095--0101",
  month     =  oct,
  year      =  2022
}

@ARTICLE{Cabaj2018-jo,
  title    = "Software-defined networking-based crypto ransomware detection
              using {HTTP} traffic characteristics",
  author   = "Cabaj, Krzysztof and Gregorczyk, Marcin and Mazurczyk, Wojciech",
  journal  = "Comput. Electr. Eng.",
  volume   =  66,
  pages    = "353--368",
  month    =  feb,
  year     =  2018,
  keywords = "Ransomware; Malware; Software-defined networking; Network
              security"
}



@ARTICLE{Bello2021-hx,
  title   = "Detecting ransomware attacks using intelligent algorithms: recent
             development and next direction from deep learning and big data
             perspectives",
  author  = "Bello, Ibrahim and Chiroma, Haruna and Abdullahi, Usman A and
             Gital, Abdulsalam Ya'u and Jauro, Fatsuma and Khan, Abdullah and
             Okesola, Julius O and Abdulhamid, Shafi'i M",
  journal = "J. Ambient Intell. Humaniz. Comput.",
  volume  =  12,
  number  =  9,
  pages   = "8699--8717",
  month   =  sep,
  year    =  2021
}

@INPROCEEDINGS{Alzahrani2020-kh,
  title     = "A Review on Android Ransomware Detection Using Deep Learning
               Techniques",
  booktitle = "Proceedings of the 11th International Conference on Management
               of Digital {EcoSystems}",
  author    = "Alzahrani, Nisreen and Alghazzawi, Daniyal",
  publisher = "Association for Computing Machinery",
  pages     = "330--335",
  series    = "MEDES '19",
  month     =  jan,
  year      =  2020,
  address   = "New York, NY, USA",
  keywords  = "Android Malware Detection, Artificial Neural Networks (ANNs),
               Deep Learning, Machine Learning, Ransomware Detection, LSTM
               Algorithms, Deep Neural Networks (DNNs)",
  location  = "Limassol, Cyprus"
}

@ARTICLE{Bae2020-ul,
  title     = "Ransomware detection using machine learning algorithms",
  author    = "Bae, Seong Il and Lee, Gyu Bin and Im, Eul Gyu",
  journal   = "Concurr. Comput.",
  publisher = "Wiley",
  volume    =  32,
  number    =  18,
  pages     = "e5422",
  month     =  sep,
  year      =  2020,
  copyright = "http://onlinelibrary.wiley.com/termsAndConditions\#vor",
  language  = "en"
}


@ARTICLE{Mourao,
  title    = "Patient classification as an outlier detection problem: an
              application of the {One-Class} Support Vector Machine",
  author   = "Mour{\~a}o-Miranda, Janaina and Hardoon, David R and Hahn, Tim
              and Marquand, Andre F and Williams, Steve C R and Shawe-Taylor,
              John and Brammer, Michael",
  journal  = "Neuroimage",
  volume   =  58,
  number   =  3,
  pages    = "793--804",
  month    =  oct,
  year     =  2011,
  language = "en"
}


@ARTICLE{Binbusayyis,
  title   = "Unsupervised deep learning approach for network intrusion
             detection combining convolutional autoencoder and one-class {SVM}",
  author  = "Binbusayyis, Adel and Vaiyapuri, Thavavel",
  journal = "Applied Intelligence",
  volume  =  51,
  number  =  10,
  pages   = "7094--7108",
  month   =  oct,
  year    =  2021
}

@INPROCEEDINGS{Xu:2010,
  title     = "One-class classification models for financial industry
               information recommendation",
  booktitle = "2010 International Conference on Machine Learning and
               Cybernetics",
  author    = "Xu, Jun and Chen, Qing-Cai and Wang, Xiao-Long and Wei, Zhong-Yu",
  publisher = "IEEE",
  volume    =  6,
  pages     = "3329--3334",
  month     =  jul,
  year      =  2010
}


@article{scikit-learn,
 title={Scikit-learn: Machine Learning in {P}ython},
 author={Pedregosa, F. and Varoquaux, G. and Gramfort, A. and Michel, V.
         and Thirion, B. and Grisel, O. and Blondel, M. and Prettenhofer, P.
         and Weiss, R. and Dubourg, V. and Vanderplas, J. and Passos, A. and
         Cournapeau, D. and Brucher, M. and Perrot, M. and Duchesnay, E.},
 journal={Journal of Machine Learning Research},
 volume={12},
 pages={2825--2830},
 year={2011}
}

@online{gemini,
    author = {Google},
    title = {Welcome to the Gemini era},
    year = {2023},
    url = {https://deepmind.google/technologies/gemini/#introduction},
    note = {Accessed on 2023-12-14},
}

@online{grok,
    author = {X},
    title = {Announcing Grok},
    year = {2023},
    url = {https://x.ai/},
    note = {Accessed on 2023-12-14},
}

@online{llama2,
    author = {Meta},
    title = {Introducin Llama 2},
    year = {2023},
    url = {https://ai.meta.com/llama/},
    note = {Accessed on 2023-12-14},
}

@techreport{Sophos2023Ransomware,
  author = {{Sophos}},
  title = {Sophos State of Ransomware 2023},
  institution = {Sophos},
  year = {2023},
  url = {https://assets.sophos.com/X24WTUEQ/at/c949g7693gsnjh9rb9gr8/sophos-state-of-ransomware-2023-wp.pdf},
  note = {Accessed: 2023-02-11}
}




@INPROCEEDINGS{Levesque2014,
  title     = "Risk prediction of malware victimization based on user behavior",
  booktitle = "2014 9th International Conference on Malicious and Unwanted
               Software: The Americas ({MALWARE})",
  author    = "L{\'e}vesque, Fanny Lalonde and Fernandez, Jos{\'e} M and
               Somayaji, Anil",
  publisher = "IEEE",
  pages     = "128--134",
  month     =  oct,
  year      =  2014
}



@ARTICLE{Yilmaz2023,
  title     = "Personality Types and Ransomware Victimisation",
  author    = "Yilmaz, Yagiz and Cetin, Orcun and Grigore, Claudia and Arief,
               Budi and Hernandez-Castro, Julio",
  journal   = "Digital Threats",
  publisher = "Association for Computing Machinery",
  volume    =  4,
  number    =  4,
  pages     = "1--25",
  month     =  oct,
  year      =  2023,
  address   = "New York, NY, USA",
  keywords  = "cybersecurity behaviours, cybercrime, user study,
               socio-technical security, victimisation, big-five, personality
               types, Ransomware"
}



@ARTICLE{Shin2020,
  title    = "A review and theoretical explanation of the
              {`Cyberthreat-Intelligence} ({CTI}) capability' that needs to be
              fostered in information security practitioners and how this can
              be accomplished",
  author   = "Shin, Bongsik and Lowry, Paul Benjamin",
  journal  = "Comput. Secur.",
  volume   =  92,
  pages    = "101761",
  month    =  may,
  year     =  2020,
  keywords = "Security; Organizational security (OrgSec); Human factors of
              security; Cyberthreat intelligence (CTI); Risk management;
              Triarchic theory of intelligence (TTI); CTI capability model
              (CTI-CM); Information security officer; CTI practitioner; CTI
              analyst"
}

@manual{STIX21,
  title        = "{STIX 2.1}",
  organization = "OASIS",
  note         = "Structured Threat Information eXpression (STIX™) Version 2.1",
  year         = 2020,
  url          = "https://docs.oasis-open.org/cti/stix/v2.1/stix-v2.1.html",
  urldate      = "02/16/2024"
}

@online{mitre2023attack,
    author = {{MITRE Corporation}},
    title = {ATT\&CK},
    year = 2023,
    url = {https://attack.mitre.org/},
    note = {Accessed: October 10, 2023}
}






@ARTICLE{Chill2023,
  title         = "{CHiLL}: Zero-shot Custom Interpretable Feature Extraction
                   from Clinical Notes with Large Language Models",
  author        = "McInerney, Denis Jered and Young, Geoffrey and van de Meent,
                   Jan-Willem and Wallace, Byron C",
  month         =  feb,
  year          =  2023,
  journal = "",
  archivePrefix = "arXiv",
  primaryClass  = "cs.CL",
  eprint        = "2302.12343"
}




@INPROCEEDINGS{Aldaraani:2018,
  author={Aldaraani, Najla and Begum, Zeenat},
  booktitle={2018 21st Saudi Computer Society National Computer Conference (NCC)}, 
  title={Understanding the impact of Ransomware: A Survey on its Evolution, Mitigation and Prevention Techniques}, 
  year={2018},
  volume={},
  number={},
  pages={1-5},
  keywords={Ransomware;Organizations;Servers;Encryption;Ransomware;Malware;Ransomware detection and Prevention},
  doi={10.1109/NCG.2018.8593029}}


@misc{aCTIon,
      title={Time for aCTIon: Automated Analysis of Cyber Threat Intelligence in the Wild}, 
      author={Giuseppe Siracusano and Davide Sanvito and Roberto Gonzalez and Manikantan Srinivasan and Sivakaman Kamatchi and Wataru Takahashi and Masaru Kawakita and Takahiro Kakumaru and Roberto Bifulco},
      year={2023},
      eprint={2307.10214},
      archivePrefix={arXiv},
      primaryClass={cs.CR},
      url={https://arxiv.org/abs/2307.10214}, 
}


@inproceedings{LADDER,
author = {Alam, Md Tanvirul and Bhusal, Dipkamal and Park, Youngja and Rastogi, Nidhi},
title = {Looking Beyond IoCs: Automatically Extracting Attack Patterns from External CTI},
year = {2023},
isbn = {9798400707650},
publisher = {Association for Computing Machinery},
address = {New York, NY, USA},
url = {https://doi.org/10.1145/3607199.3607208},
doi = {10.1145/3607199.3607208},
booktitle = {Proceedings of the 26th International Symposium on Research in Attacks, Intrusions and Defenses},
pages = {92–108},
numpages = {17},
keywords = {Threat Intelligence, LADDER, Knowledge Graph, Attack Patterns},
location = {Hong Kong, China},
series = {RAID '23}
}


@misc{ThreatKG,
      title={ThreatKG: A Threat Knowledge Graph for Automated Open-Source Cyber Threat Intelligence Gathering and Management}, 
      author={Peng Gao and Xiaoyuan Liu and Edward Choi and Sibo Ma and Xinyu Yang and Zhengjie Ji and Zilin Zhang and Dawn Song},
      year={2022},
      eprint={2212.10388},
      archivePrefix={arXiv},
      primaryClass={cs.CR},
      url={https://arxiv.org/abs/2212.10388}, 
}


@inproceedings{TTPDrill,
author = {Husari, Ghaith and Al-Shaer, Ehab and Ahmed, Mohiuddin and Chu, Bill and Niu, Xi},
title = {TTPDrill: Automatic and Accurate Extraction of Threat Actions from Unstructured Text of CTI Sources},
year = {2017},
isbn = {9781450353458},
publisher = {Association for Computing Machinery},
address = {New York, NY, USA},
url = {https://doi.org/10.1145/3134600.3134646},
doi = {10.1145/3134600.3134646},
booktitle = {Proceedings of the 33rd Annual Computer Security Applications Conference},
pages = {103–115},
numpages = {13},
location = {Orlando, FL, USA},
series = {ACSAC '17}
}

@misc{OpenAI:GPT4:2023,
      title={GPT-4 Technical Report}, 
      author={OpenAI and Josh Achiam and Steven Adler and Sandhini Agarwal and Lama Ahmad and Ilge Akkaya and Florencia Leoni Aleman and Diogo Almeida and Janko Altenschmidt and Sam Altman and Shyamal Anadkat and Red Avila and Igor Babuschkin and Suchir Balaji and Valerie Balcom and Paul Baltescu and Haiming Bao and Mohammad Bavarian and Jeff Belgum and Irwan Bello and Jake Berdine and Gabriel Bernadett-Shapiro and Christopher Berner and Lenny Bogdonoff and Oleg Boiko and Madelaine Boyd and Anna-Luisa Brakman and Greg Brockman and Tim Brooks and Miles Brundage and Kevin Button and Trevor Cai and Rosie Campbell and Andrew Cann and Brittany Carey and Chelsea Carlson and Rory Carmichael and Brooke Chan and Che Chang and Fotis Chantzis and Derek Chen and Sully Chen and Ruby Chen and Jason Chen and Mark Chen and Ben Chess and Chester Cho and Casey Chu and Hyung Won Chung and Dave Cummings and Jeremiah Currier and Yunxing Dai and Cory Decareaux and Thomas Degry and Noah Deutsch and Damien Deville and Arka Dhar and David Dohan and Steve Dowling and Sheila Dunning and Adrien Ecoffet and Atty Eleti and Tyna Eloundou and David Farhi and Liam Fedus and Niko Felix and Simón Posada Fishman and Juston Forte and Isabella Fulford and Leo Gao and Elie Georges and Christian Gibson and Vik Goel and Tarun Gogineni and Gabriel Goh and Rapha Gontijo-Lopes and Jonathan Gordon and Morgan Grafstein and Scott Gray and Ryan Greene and Joshua Gross and Shixiang Shane Gu and Yufei Guo and Chris Hallacy and Jesse Han and Jeff Harris and Yuchen He and Mike Heaton and Johannes Heidecke and Chris Hesse and Alan Hickey and Wade Hickey and Peter Hoeschele and Brandon Houghton and Kenny Hsu and Shengli Hu and Xin Hu and Joost Huizinga and Shantanu Jain and Shawn Jain and Joanne Jang and Angela Jiang and Roger Jiang and Haozhun Jin and Denny Jin and Shino Jomoto and Billie Jonn and Heewoo Jun and Tomer Kaftan and Łukasz Kaiser and Ali Kamali and Ingmar Kanitscheider and Nitish Shirish Keskar and Tabarak Khan and Logan Kilpatrick and Jong Wook Kim and Christina Kim and Yongjik Kim and Jan Hendrik Kirchner and Jamie Kiros and Matt Knight and Daniel Kokotajlo and Łukasz Kondraciuk and Andrew Kondrich and Aris Konstantinidis and Kyle Kosic and Gretchen Krueger and Vishal Kuo and Michael Lampe and Ikai Lan and Teddy Lee and Jan Leike and Jade Leung and Daniel Levy and Chak Ming Li and Rachel Lim and Molly Lin and Stephanie Lin and Mateusz Litwin and Theresa Lopez and Ryan Lowe and Patricia Lue and Anna Makanju and Kim Malfacini and Sam Manning and Todor Markov and Yaniv Markovski and Bianca Martin and Katie Mayer and Andrew Mayne and Bob McGrew and Scott Mayer McKinney and Christine McLeavey and Paul McMillan and Jake McNeil and David Medina and Aalok Mehta and Jacob Menick and Luke Metz and Andrey Mishchenko and Pamela Mishkin and Vinnie Monaco and Evan Morikawa and Daniel Mossing and Tong Mu and Mira Murati and Oleg Murk and David Mély and Ashvin Nair and Reiichiro Nakano and Rajeev Nayak and Arvind Neelakantan and Richard Ngo and Hyeonwoo Noh and Long Ouyang and Cullen O'Keefe and Jakub Pachocki and Alex Paino and Joe Palermo and Ashley Pantuliano and Giambattista Parascandolo and Joel Parish and Emy Parparita and Alex Passos and Mikhail Pavlov and Andrew Peng and Adam Perelman and Filipe de Avila Belbute Peres and Michael Petrov and Henrique Ponde de Oliveira Pinto and Michael and Pokorny and Michelle Pokrass and Vitchyr H. Pong and Tolly Powell and Alethea Power and Boris Power and Elizabeth Proehl and Raul Puri and Alec Radford and Jack Rae and Aditya Ramesh and Cameron Raymond and Francis Real and Kendra Rimbach and Carl Ross and Bob Rotsted and Henri Roussez and Nick Ryder and Mario Saltarelli and Ted Sanders and Shibani Santurkar and Girish Sastry and Heather Schmidt and David Schnurr and John Schulman and Daniel Selsam and Kyla Sheppard and Toki Sherbakov and Jessica Shieh and Sarah Shoker and Pranav Shyam and Szymon Sidor and Eric Sigler and Maddie Simens and Jordan Sitkin and Katarina Slama and Ian Sohl and Benjamin Sokolowsky and Yang Song and Natalie Staudacher and Felipe Petroski Such and Natalie Summers and Ilya Sutskever and Jie Tang and Nikolas Tezak and Madeleine B. Thompson and Phil Tillet and Amin Tootoonchian and Elizabeth Tseng and Preston Tuggle and Nick Turley and Jerry Tworek and Juan Felipe Cerón Uribe and Andrea Vallone and Arun Vijayvergiya and Chelsea Voss and Carroll Wainwright and Justin Jay Wang and Alvin Wang and Ben Wang and Jonathan Ward and Jason Wei and CJ Weinmann and Akila Welihinda and Peter Welinder and Jiayi Weng and Lilian Weng and Matt Wiethoff and Dave Willner and Clemens Winter and Samuel Wolrich and Hannah Wong and Lauren Workman and Sherwin Wu and Jeff Wu and Michael Wu and Kai Xiao and Tao Xu and Sarah Yoo and Kevin Yu and Qiming Yuan and Wojciech Zaremba and Rowan Zellers and Chong Zhang and Marvin Zhang and Shengjia Zhao and Tianhao Zheng and Juntang Zhuang and William Zhuk and Barret Zoph},
      year={2024},
      eprint={2303.08774},
      archivePrefix={arXiv},
      primaryClass={cs.CL},
      url={https://arxiv.org/abs/2303.08774}, 
}
@ARTICLE{Richardson_undated-vx,
    title  = "Ransomware: Evolution, Mitigation and Prevention",
    author = "Richardson, Ronny",
    journal= " International Management Review",
    year=2017,
    volume = 13,
    issue = 1,
    month = 1,
    year  = 2017
}

