@inproceedings{abadi2016deep,
  title={Deep learning with differential privacy},
  author={Abadi, Martin and Chu, Andy and Goodfellow, Ian and McMahan, H Brendan and Mironov, Ilya and Talwar, Kunal and Zhang, Li},
  booktitle={Proceedings of the 2016 ACM SIGSAC conference on computer and communications security},
  pages={308--318},
  year={2016}
}

@article{belghazi2018mine,
  title={Mine: mutual information neural estimation},
  author={Belghazi, Mohamed Ishmael and Baratin, Aristide and Rajeswar, Sai and Ozair, Sherjil and Bengio, Yoshua and Courville, Aaron and Hjelm, R Devon},
  journal={arXiv preprint arXiv:1801.04062},
  year={2018}
}

@inproceedings{choquette2021label,
  title={Label-only membership inference attacks},
  author={Choquette-Choo, Christopher A and Tramer, Florian and Carlini, Nicholas and Papernot, Nicolas},
  booktitle={International conference on machine learning},
  pages={1964--1974},
  year={2021},
  organization={PMLR}
}

@inproceedings{fang2023gifd,
  title={Gifd: A generative gradient inversion method with feature domain optimization},
  author={Fang, Hao and Chen, Bin and Wang, Xuan and Wang, Zhi and Xia, Shu-Tao},
  booktitle={Proceedings of the IEEE/CVF International Conference on Computer Vision},
  pages={4967--4976},
  year={2023}
}

@article{farokhi2020modelling,
  title={Modelling and quantifying membership information leakage in machine learning},
  author={Farokhi, Farhad and Kaafar, Mohamed Ali},
  journal={arXiv preprint arXiv:2001.10648},
  year={2020}
}

@inproceedings{fredrikson2015model,
  title={Model inversion attacks that exploit confidence information and basic countermeasures},
  author={Fredrikson, Matt and Jha, Somesh and Ristenpart, Thomas},
  booktitle={Proceedings of the 22nd ACM SIGSAC conference on computer and communications security},
  pages={1322--1333},
  year={2015}
}

@article{gao2023detecting,
  title={Detecting adversarial examples on deep neural networks with mutual information neural estimation},
  author={Gao, Song and Wang, Ruxin and Wang, Xiaoxuan and Yu, Shui and Dong, Yunyun and Yao, Shaowen and Zhou, Wei},
  journal={IEEE Transactions on Dependable and Secure Computing},
  volume={20},
  number={6},
  pages={5168--5181},
  year={2023},
  publisher={IEEE}
}

@inproceedings{he2021drmi,
  title={$\{$DRMI$\}$: A dataset reduction technology based on mutual information for black-box attacks},
  author={He, Yingzhe and Meng, Guozhu and Chen, Kai and Hu, Xingbo and He, Jinwen},
  booktitle={30th USENIX Security Symposium (USENIX Security 21)},
  pages={1901--1918},
  year={2021}
}

@article{hu2022membership,
  title={Membership inference attacks on machine learning: A survey},
  author={Hu, Hongsheng and Salcic, Zoran and Sun, Lichao and Dobbie, Gillian and Yu, Philip S and Zhang, Xuyun},
  journal={ACM Computing Surveys (CSUR)},
  volume={54},
  number={11s},
  pages={1--37},
  year={2022},
  publisher={ACM New York, NY}
}

@inproceedings{jayaraman2019evaluating,
  title={Evaluating differentially private machine learning in practice},
  author={Jayaraman, Bargav and Evans, David},
  booktitle={28th USENIX Security Symposium (USENIX Security 19)},
  pages={1895--1912},
  year={2019}
}

@article{kurakin2016adversarial,
  title={Adversarial machine learning at scale},
  author={Kurakin, Alexey and Goodfellow, Ian and Bengio, Samy},
  journal={arXiv preprint arXiv:1611.01236},
  year={2016}
}

@article{liang2023egia,
  title={Egia: An external gradient inversion attack in federated learning},
  author={Liang, Haotian and Li, Youqi and Zhang, Chuan and Liu, Ximeng and Zhu, Liehuang},
  journal={IEEE Transactions on Information Forensics and Security},
  year={2023},
  publisher={IEEE}
}

@article{machado2021adversarial,
  title={Adversarial machine learning in image classification: A survey toward the defenderâ€™s perspective},
  author={Machado, Gabriel Resende and Silva, Eug{\^e}nio and Goldschmidt, Ronaldo Ribeiro},
  journal={ACM Computing Surveys (CSUR)},
  volume={55},
  number={1},
  pages={1--38},
  year={2021},
  publisher={ACM New York, NY}
}

@article{nasr2020improving,
  title={Improving deep learning with differential privacy using gradient encoding and denoising},
  author={Nasr, Milad and Shokri, Reza and others},
  journal={arXiv preprint arXiv:2007.11524},
  year={2020}
}

@inproceedings{shokri2017membership,
  title={Membership inference attacks against machine learning models},
  author={Shokri, Reza and Stronati, Marco and Song, Congzheng and Shmatikov, Vitaly},
  booktitle={2017 IEEE symposium on security and privacy (SP)},
  pages={3--18},
  year={2017},
  organization={IEEE}
}

@article{truex2019demystifying,
  title={Demystifying membership inference attacks in machine learning as a service},
  author={Truex, Stacey and Liu, Ling and Gursoy, Mehmet Emre and Yu, Lei and Wei, Wenqi},
  journal={IEEE transactions on services computing},
  volume={14},
  number={6},
  pages={2073--2089},
  year={2019},
  publisher={IEEE}
}

@inproceedings{wang2021improving,
  title={Improving robustness to model inversion attacks via mutual information regularization},
  author={Wang, Tianhao and Zhang, Yuheng and Jia, Ruoxi},
  booktitle={Proceedings of the AAAI Conference on Artificial Intelligence},
  volume={35},
  pages={11666--11673},
  year={2021}
}

@inproceedings{wang2021privacy,
  title={Privacy Protection in Federated Learning Based on Differential Privacy and Mutual Information},
  author={Wang, Shibo and Li, Yunbo and Zhao, Aowei and Wang, Qiangmin},
  booktitle={2021 3rd International Conference on Artificial Intelligence and Advanced Manufacture},
  pages={428--435},
  year={2021}
}

@article{wang2021variational,
  title={Variational model inversion attacks},
  author={Wang, Kuan-Chieh and Fu, Yan and Li, Ke and Khisti, Ashish and Zemel, Richard and Makhzani, Alireza},
  journal={Advances in Neural Information Processing Systems},
  volume={34},
  pages={9706--9719},
  year={2021}
}

@article{ye2024gradient,
  title={Gradient inversion attacks: Impact factors analyses and privacy enhancement},
  author={Ye, Zipeng and Luo, Wenjian and Zhou, Qi and Zhu, Zhenqian and Shi, Yuhui and Jia, Yan},
  journal={IEEE Transactions on Pattern Analysis and Machine Intelligence},
  year={2024},
  publisher={IEEE}
}

@inproceedings{zhang2020secret,
  title={The secret revealer: Generative model-inversion attacks against deep neural networks},
  author={Zhang, Yuheng and Jia, Ruoxi and Pei, Hengzhi and Wang, Wenxiao and Li, Bo and Song, Dawn},
  booktitle={Proceedings of the IEEE/CVF conference on computer vision and pattern recognition},
  pages={253--261},
  year={2020}
}

@inproceedings{zhao2021exploiting,
  title={Exploiting explanations for model inversion attacks},
  author={Zhao, Xuejun and Zhang, Wencan and Xiao, Xiaokui and Lim, Brian},
  booktitle={Proceedings of the IEEE/CVF international conference on computer vision},
  pages={682--692},
  year={2021}
}

@article{zhu2019deep,
  title={Deep leakage from gradients},
  author={Zhu, Ligeng and Liu, Zhijian and Han, Song},
  journal={Advances in neural information processing systems},
  volume={32},
  year={2019}
}

