@article{AgentDriver_mao_colm24,
  author       = {Jiageng Mao and
                  Junjie Ye and
                  Yuxi Qian and
                  Marco Pavone and
                  Yue Wang},
  title        = {A Language Agent for Autonomous Driving},
  journal      = {CoRR},
  volume       = {abs/2311.10813},
  year         = {2023},
  url          = {https://doi.org/10.48550/arXiv.2311.10813},
  doi          = {10.48550/ARXIV.2311.10813},
  eprinttype    = {arXiv},
  eprint       = {2311.10813},
  timestamp    = {Sun, 04 Aug 2024 16:26:33 +0200},
  biburl       = {https://dblp.org/rec/journals/corr/abs-2311-10813.bib},
  bibsource    = {dblp computer science bibliography, https://dblp.org}
}

@inproceedings{DiLu_autodriving_wen_iclr24,
  author       = {Licheng Wen and
                  Daocheng Fu and
                  Xin Li and
                  Xinyu Cai and
                  Tao Ma and
                  Pinlong Cai and
                  Min Dou and
                  Botian Shi and
                  Liang He and
                  Yu Qiao},
  title        = {DiLu: {A} Knowledge-Driven Approach to Autonomous Driving with Large
                  Language Models},
  booktitle    = {The Twelfth International Conference on Learning Representations,
                  {ICLR} 2024, Vienna, Austria, May 7-11, 2024},
  publisher    = {OpenReview.net},
  year         = {2024},
  url          = {https://openreview.net/forum?id=OqTMUPuLuC},
  timestamp    = {Wed, 07 Aug 2024 17:11:53 +0200},
  biburl       = {https://dblp.org/rec/conf/iclr/WenF0C0CDS0024.bib},
  bibsource    = {dblp computer science bibliography, https://dblp.org}
}

@inproceedings{EHRAgent_shi_emnlp24,
  author       = {Wenqi Shi and
                  Ran Xu and
                  Yuchen Zhuang and
                  Yue Yu and
                  Jieyu Zhang and
                  Hang Wu and
                  Yuanda Zhu and
                  Joyce C. Ho and
                  Carl Yang and
                  May Dongmei Wang},
  editor       = {Yaser Al{-}Onaizan and
                  Mohit Bansal and
                  Yun{-}Nung Chen},
  title        = {EHRAgent: Code Empowers Large Language Models for Few-shot Complex
                  Tabular Reasoning on Electronic Health Records},
  booktitle    = {Proceedings of the 2024 Conference on Empirical Methods in Natural
                  Language Processing, {EMNLP} 2024, Miami, FL, USA, November 12-16,
                  2024},
  pages        = {22315--22339},
  publisher    = {Association for Computational Linguistics},
  year         = {2024},
  url          = {https://aclanthology.org/2024.emnlp-main.1245},
  timestamp    = {Thu, 14 Nov 2024 17:20:55 +0100},
  biburl       = {https://dblp.org/rec/conf/emnlp/Shi0ZYZWZH0W24.bib},
  bibsource    = {dblp computer science bibliography, https://dblp.org}
}

@inproceedings{RAG-privacy_zeng_ACL24,
  author       = {Shenglai Zeng and
                  Jiankun Zhang and
                  Pengfei He and
                  Yiding Liu and
                  Yue Xing and
                  Han Xu and
                  Jie Ren and
                  Yi Chang and
                  Shuaiqiang Wang and
                  Dawei Yin and
                  Jiliang Tang},
  editor       = {Lun{-}Wei Ku and
                  Andre Martins and
                  Vivek Srikumar},
  title        = {The Good and The Bad: Exploring Privacy Issues in Retrieval-Augmented
                  Generation {(RAG)}},
  booktitle    = {Findings of the Association for Computational Linguistics, {ACL} 2024,
                  Bangkok, Thailand and virtual meeting, August 11-16, 2024},
  pages        = {4505--4524},
  publisher    = {Association for Computational Linguistics},
  year         = {2024},
  url          = {https://doi.org/10.18653/v1/2024.findings-acl.267},
  doi          = {10.18653/V1/2024.FINDINGS-ACL.267},
  timestamp    = {Tue, 12 Nov 2024 07:57:55 +0100},
  biburl       = {https://dblp.org/rec/conf/acl/ZengZHLX000WYT24.bib},
  bibsource    = {dblp computer science bibliography, https://dblp.org}
}

@article{RAG_privacy_Maio_24,
  title={Pirates of the RAG: Adaptively Attacking LLMs to Leak Knowledge Bases},
  author={Di Maio, Christian and Cosci, Cristian and Maggini, Marco and Poggioni, Valentina and Melacci, Stefano},
  journal={arXiv preprint arXiv:2412.18295},
  year={2024}
}

@article{RAG_privacy_qi_24,
  author       = {Zhenting Qi and
                  Hanlin Zhang and
                  Eric P. Xing and
                  Sham M. Kakade and
                  Himabindu Lakkaraju},
  title        = {Follow My Instruction and Spill the Beans: Scalable Data Extraction
                  from Retrieval-Augmented Generation Systems},
  journal      = {CoRR},
  volume       = {abs/2402.17840},
  year         = {2024},
  url          = {https://doi.org/10.48550/arXiv.2402.17840},
  doi          = {10.48550/ARXIV.2402.17840},
  eprinttype    = {arXiv},
  eprint       = {2402.17840},
  timestamp    = {Mon, 25 Mar 2024 15:38:17 +0100},
  biburl       = {https://dblp.org/rec/journals/corr/abs-2402-17840.bib},
  bibsource    = {dblp computer science bibliography, https://dblp.org}
}

@article{RAG_thief_jiang_24,
  title={Rag-thief: Scalable extraction of private data from retrieval-augmented generation applications with agent-based attacks},
  author={Jiang, Changyue and Pan, Xudong and Hong, Geng and Bao, Chenfu and Yang, Min},
  journal={arXiv preprint arXiv:2411.14110},
  year={2024}
}

@article{RAP_kagaya_24,
  author       = {Tomoyuki Kagaya and
                  Thong Jing Yuan and
                  Yuxuan Lou and
                  Jayashree Karlekar and
                  Sugiri Pranata and
                  Akira Kinose and
                  Koki Oguri and
                  Felix Wick and
                  Yang You},
  title        = {{RAP:} Retrieval-Augmented Planning with Contextual Memory for Multimodal
                  {LLM} Agents},
  journal      = {CoRR},
  volume       = {abs/2402.03610},
  year         = {2024},
  url          = {https://doi.org/10.48550/arXiv.2402.03610},
  doi          = {10.48550/ARXIV.2402.03610},
  eprinttype    = {arXiv},
  eprint       = {2402.03610},
  timestamp    = {Mon, 12 Feb 2024 13:36:38 +0100},
  biburl       = {https://dblp.org/rec/journals/corr/abs-2402-03610.bib},
  bibsource    = {dblp computer science bibliography, https://dblp.org}
}

@article{chatdoctor_li_23,
  author       = {Yunxiang Li and
                  Zihan Li and
                  Kai Zhang and
                  Ruilong Dan and
                  You Zhang},
  title        = {ChatDoctor: {A} Medical Chat Model Fine-tuned on LLaMA Model using
                  Medical Domain Knowledge},
  journal      = {CoRR},
  volume       = {abs/2303.14070},
  year         = {2023},
  url          = {https://doi.org/10.48550/arXiv.2303.14070},
  doi          = {10.48550/ARXIV.2303.14070},
  eprinttype    = {arXiv},
  eprint       = {2303.14070},
  timestamp    = {Wed, 29 Nov 2023 13:23:57 +0100},
  biburl       = {https://dblp.org/rec/journals/corr/abs-2303-14070.bib},
  bibsource    = {dblp computer science bibliography, https://dblp.org}
}

@article{survey_agent_memory,
  author       = {Zeyu Zhang and
                  Xiaohe Bo and
                  Chen Ma and
                  Rui Li and
                  Xu Chen and
                  Quanyu Dai and
                  Jieming Zhu and
                  Zhenhua Dong and
                  Ji{-}Rong Wen},
  title        = {A Survey on the Memory Mechanism of Large Language Model based Agents},
  journal      = {CoRR},
  volume       = {abs/2404.13501},
  year         = {2024},
  url          = {https://doi.org/10.48550/arXiv.2404.13501},
  doi          = {10.48550/ARXIV.2404.13501},
  eprinttype    = {arXiv},
  eprint       = {2404.13501},
  timestamp    = {Thu, 08 Aug 2024 07:48:12 +0200},
  biburl       = {https://dblp.org/rec/journals/corr/abs-2404-13501.bib},
  bibsource    = {dblp computer science bibliography, https://dblp.org}
}

