@inproceedings{InjecAgent_zhan_ACL24,
  author       = {Qiusi Zhan and
                  Zhixiang Liang and
                  Zifan Ying and
                  Daniel Kang},
  editor       = {Lun{-}Wei Ku and
                  Andre Martins and
                  Vivek Srikumar},
  title        = {InjecAgent: Benchmarking Indirect Prompt Injections in Tool-Integrated
                  Large Language Model Agents},
  booktitle    = {Findings of the Association for Computational Linguistics, {ACL} 2024,
                  Bangkok, Thailand and virtual meeting, August 11-16, 2024},
  pages        = {10471--10506},
  publisher    = {Association for Computational Linguistics},
  year         = {2024},
  url          = {https://doi.org/10.18653/v1/2024.findings-acl.624},
  doi          = {10.18653/V1/2024.FINDINGS-ACL.624},
  timestamp    = {Tue, 24 Sep 2024 10:55:44 +0200},
  biburl       = {https://dblp.org/rec/conf/acl/ZhanLYK24.bib},
  bibsource    = {dblp computer science bibliography, https://dblp.org}
}

@article{WPI_wu_arxiv,
  author       = {Fangzhou Wu and
                  Shutong Wu and
                  Yulong Cao and
                  Chaowei Xiao},
  title        = {{WIPI:} {A} New Web Threat for LLM-Driven Web Agents},
  journal      = {CoRR},
  volume       = {abs/2402.16965},
  year         = {2024},
  url          = {https://doi.org/10.48550/arXiv.2402.16965},
  doi          = {10.48550/ARXIV.2402.16965},
  eprinttype    = {arXiv},
  eprint       = {2402.16965},
  timestamp    = {Mon, 25 Mar 2024 15:38:17 +0100},
  biburl       = {https://dblp.org/rec/journals/corr/abs-2402-16965.bib},
  bibsource    = {dblp computer science bibliography, https://dblp.org}
}

@article{AgentPoison_chen_NeurIPS24,
  author       = {Zhaorun Chen and
                  Zhen Xiang and
                  Chaowei Xiao and
                  Dawn Song and
                  Bo Li},
  title        = {AgentPoison: Red-teaming {LLM} Agents via Poisoning Memory or Knowledge
                  Bases},
  journal      = {CoRR},
  volume       = {abs/2407.12784},
  year         = {2024},
  url          = {https://doi.org/10.48550/arXiv.2407.12784},
  doi          = {10.48550/ARXIV.2407.12784},
  eprinttype    = {arXiv},
  eprint       = {2407.12784},
  timestamp    = {Thu, 22 Aug 2024 15:43:15 +0200},
  biburl       = {https://dblp.org/rec/journals/corr/abs-2407-12784.bib},
  bibsource    = {dblp computer science bibliography, https://dblp.org}
}

@article{survey_agent_memory,
  author       = {Zeyu Zhang and
                  Xiaohe Bo and
                  Chen Ma and
                  Rui Li and
                  Xu Chen and
                  Quanyu Dai and
                  Jieming Zhu and
                  Zhenhua Dong and
                  Ji{-}Rong Wen},
  title        = {A Survey on the Memory Mechanism of Large Language Model based Agents},
  journal      = {CoRR},
  volume       = {abs/2404.13501},
  year         = {2024},
  url          = {https://doi.org/10.48550/arXiv.2404.13501},
  doi          = {10.48550/ARXIV.2404.13501},
  eprinttype    = {arXiv},
  eprint       = {2404.13501},
  timestamp    = {Thu, 08 Aug 2024 07:48:12 +0200},
  biburl       = {https://dblp.org/rec/journals/corr/abs-2404-13501.bib},
  bibsource    = {dblp computer science bibliography, https://dblp.org}
}

@inproceedings{RAG-privacy_zeng_ACL24,
  author       = {Shenglai Zeng and
                  Jiankun Zhang and
                  Pengfei He and
                  Yiding Liu and
                  Yue Xing and
                  Han Xu and
                  Jie Ren and
                  Yi Chang and
                  Shuaiqiang Wang and
                  Dawei Yin and
                  Jiliang Tang},
  editor       = {Lun{-}Wei Ku and
                  Andre Martins and
                  Vivek Srikumar},
  title        = {The Good and The Bad: Exploring Privacy Issues in Retrieval-Augmented
                  Generation {(RAG)}},
  booktitle    = {Findings of the Association for Computational Linguistics, {ACL} 2024,
                  Bangkok, Thailand and virtual meeting, August 11-16, 2024},
  pages        = {4505--4524},
  publisher    = {Association for Computational Linguistics},
  year         = {2024},
  url          = {https://doi.org/10.18653/v1/2024.findings-acl.267},
  doi          = {10.18653/V1/2024.FINDINGS-ACL.267},
  timestamp    = {Tue, 12 Nov 2024 07:57:55 +0100},
  biburl       = {https://dblp.org/rec/conf/acl/ZengZHLX000WYT24.bib},
  bibsource    = {dblp computer science bibliography, https://dblp.org}
}

@software{LlamaIndex_Liu_2022,
author = {Liu, Jerry},
doi = {10.5281/zenodo.1234},
month = {11},
title = {{LlamaIndex}},
url = {https://github.com/jerryjliu/llama_index},
year = {2022}
}

@software{Langchain_Chase_2022,
author = {Chase Harrison},
month = {10},
title = {{Langchain}},
url = {https://github.com/langchain-ai/langchain},
year = {2022}
}

@article{Ram_TACL23,
  title={In-context retrieval-augmented language models},
  author={Ram, Ori and Levine, Yoav and Dalmedigos, Itay and Muhlgay, Dor and Shashua, Amnon and Leyton-Brown, Kevin and Shoham, Yoav},
  journal={Transactions of the Association for Computational Linguistics},
  volume={11},
  pages={1316--1331},
  year={2023},
  publisher={MIT Press One Broadway, 12th Floor, Cambridge, Massachusetts 02142, USA~â€¦}
}

@inproceedings{RAG_survey_Fan_KDD24,
  title={A survey on rag meeting llms: Towards retrieval-augmented large language models},
  author={Fan, Wenqi and Ding, Yujuan and Ning, Liangbo and Wang, Shijie and Li, Hengyun and Yin, Dawei and Chua, Tat-Seng and Li, Qing},
  booktitle={Proceedings of the 30th ACM SIGKDD Conference on Knowledge Discovery and Data Mining},
  pages={6491--6501},
  year={2024}
}

@article{RAG_trustworthiness_survey_zhou_arxiv24,
  author       = {Yujia Zhou and
                  Yan Liu and
                  Xiaoxi Li and
                  Jiajie Jin and
                  Hongjin Qian and
                  Zheng Liu and
                  Chaozhuo Li and
                  Zhicheng Dou and
                  Tsung{-}Yi Ho and
                  Philip S. Yu},
  title        = {Trustworthiness in Retrieval-Augmented Generation Systems: {A} Survey},
  journal      = {CoRR},
  volume       = {abs/2409.10102},
  year         = {2024},
  url          = {https://doi.org/10.48550/arXiv.2409.10102},
  doi          = {10.48550/ARXIV.2409.10102},
  eprinttype    = {arXiv},
  eprint       = {2409.10102},
  timestamp    = {Mon, 14 Oct 2024 08:21:04 +0200},
  biburl       = {https://dblp.org/rec/journals/corr/abs-2409-10102.bib},
  bibsource    = {dblp computer science bibliography, https://dblp.org}
}

@article{RAG_privacy_qi_24,
  author       = {Zhenting Qi and
                  Hanlin Zhang and
                  Eric P. Xing and
                  Sham M. Kakade and
                  Himabindu Lakkaraju},
  title        = {Follow My Instruction and Spill the Beans: Scalable Data Extraction
                  from Retrieval-Augmented Generation Systems},
  journal      = {CoRR},
  volume       = {abs/2402.17840},
  year         = {2024},
  url          = {https://doi.org/10.48550/arXiv.2402.17840},
  doi          = {10.48550/ARXIV.2402.17840},
  eprinttype    = {arXiv},
  eprint       = {2402.17840},
  timestamp    = {Mon, 25 Mar 2024 15:38:17 +0100},
  biburl       = {https://dblp.org/rec/journals/corr/abs-2402-17840.bib},
  bibsource    = {dblp computer science bibliography, https://dblp.org}
}

@article{RAG_privacy_Maio_24,
  title={Pirates of the RAG: Adaptively Attacking LLMs to Leak Knowledge Bases},
  author={Di Maio, Christian and Cosci, Cristian and Maggini, Marco and Poggioni, Valentina and Melacci, Stefano},
  journal={arXiv preprint arXiv:2412.18295},
  year={2024}
}

@article{RAG_thief_jiang_24,
  title={Rag-thief: Scalable extraction of private data from retrieval-augmented generation applications with agent-based attacks},
  author={Jiang, Changyue and Pan, Xudong and Hong, Geng and Bao, Chenfu and Yang, Min},
  journal={arXiv preprint arXiv:2411.14110},
  year={2024}
}


@inproceedings{ICL_brown_neurips20,
  author       = {Tom B. Brown and
                  Benjamin Mann and
                  Nick Ryder and
                  Melanie Subbiah and
                  Jared Kaplan and
                  Prafulla Dhariwal and
                  Arvind Neelakantan and
                  Pranav Shyam and
                  Girish Sastry and
                  Amanda Askell and
                  Sandhini Agarwal and
                  Ariel Herbert{-}Voss and
                  Gretchen Krueger and
                  Tom Henighan and
                  Rewon Child and
                  Aditya Ramesh and
                  Daniel M. Ziegler and
                  Jeffrey Wu and
                  Clemens Winter and
                  Christopher Hesse and
                  Mark Chen and
                  Eric Sigler and
                  Mateusz Litwin and
                  Scott Gray and
                  Benjamin Chess and
                  Jack Clark and
                  Christopher Berner and
                  Sam McCandlish and
                  Alec Radford and
                  Ilya Sutskever and
                  Dario Amodei},
  editor       = {Hugo Larochelle and
                  Marc'Aurelio Ranzato and
                  Raia Hadsell and
                  Maria{-}Florina Balcan and
                  Hsuan{-}Tien Lin},
  title        = {Language Models are Few-Shot Learners},
  booktitle    = {Advances in Neural Information Processing Systems 33: Annual Conference
                  on Neural Information Processing Systems 2020, NeurIPS 2020, December
                  6-12, 2020, virtual},
  year         = {2020},
  url          = {https://proceedings.neurips.cc/paper/2020/hash/1457c0d6bfcb4967418bfb8ac142f64a-Abstract.html},
  timestamp    = {Thu, 25 May 2023 10:38:31 +0200},
  biburl       = {https://dblp.org/rec/conf/nips/BrownMRSKDNSSAA20.bib},
  bibsource    = {dblp computer science bibliography, https://dblp.org}
}

@inproceedings{EHRAgent_shi_emnlp24,
  author       = {Wenqi Shi and
                  Ran Xu and
                  Yuchen Zhuang and
                  Yue Yu and
                  Jieyu Zhang and
                  Hang Wu and
                  Yuanda Zhu and
                  Joyce C. Ho and
                  Carl Yang and
                  May Dongmei Wang},
  editor       = {Yaser Al{-}Onaizan and
                  Mohit Bansal and
                  Yun{-}Nung Chen},
  title        = {EHRAgent: Code Empowers Large Language Models for Few-shot Complex
                  Tabular Reasoning on Electronic Health Records},
  booktitle    = {Proceedings of the 2024 Conference on Empirical Methods in Natural
                  Language Processing, {EMNLP} 2024, Miami, FL, USA, November 12-16,
                  2024},
  pages        = {22315--22339},
  publisher    = {Association for Computational Linguistics},
  year         = {2024},
  url          = {https://aclanthology.org/2024.emnlp-main.1245},
  timestamp    = {Thu, 14 Nov 2024 17:20:55 +0100},
  biburl       = {https://dblp.org/rec/conf/emnlp/Shi0ZYZWZH0W24.bib},
  bibsource    = {dblp computer science bibliography, https://dblp.org}
}

@article{agent_hospital_li_24,
  author       = {Junkai Li and
                  Siyu Wang and
                  Meng Zhang and
                  Weitao Li and
                  Yunghwei Lai and
                  Xinhui Kang and
                  Weizhi Ma and
                  Yang Liu},
  title        = {Agent Hospital: {A} Simulacrum of Hospital with Evolvable Medical
                  Agents},
  journal      = {CoRR},
  volume       = {abs/2405.02957},
  year         = {2024},
  url          = {https://doi.org/10.48550/arXiv.2405.02957},
  doi          = {10.48550/ARXIV.2405.02957},
  eprinttype    = {arXiv},
  eprint       = {2405.02957},
  timestamp    = {Fri, 07 Jun 2024 15:57:24 +0200},
  biburl       = {https://dblp.org/rec/journals/corr/abs-2405-02957.bib},
  bibsource    = {dblp computer science bibliography, https://dblp.org}
}

@article{diagnosic_tu_24,
  author       = {Tao Tu and
                  Anil Palepu and
                  Mike Schaekermann and
                  Khaled Saab and
                  Jan Freyberg and
                  Ryutaro Tanno and
                  Amy Wang and
                  Brenna Li and
                  Mohamed Amin and
                  Nenad Tomasev and
                  Shekoofeh Azizi and
                  Karan Singhal and
                  Yong Cheng and
                  Le Hou and
                  Albert Webson and
                  Kavita Kulkarni and
                  S. Sara Mahdavi and
                  Christopher Semturs and
                  Juraj Gottweis and
                  Joelle K. Barral and
                  Katherine Chou and
                  Gregory S. Corrado and
                  Yossi Matias and
                  Alan Karthikesalingam and
                  Vivek Natarajan},
  title        = {Towards Conversational Diagnostic {AI}},
  journal      = {CoRR},
  volume       = {abs/2401.05654},
  year         = {2024},
  url          = {https://doi.org/10.48550/arXiv.2401.05654},
  doi          = {10.48550/ARXIV.2401.05654},
  eprinttype    = {arXiv},
  eprint       = {2401.05654},
  timestamp    = {Wed, 06 Nov 2024 15:46:13 +0100},
  biburl       = {https://dblp.org/rec/journals/corr/abs-2401-05654.bib},
  bibsource    = {dblp computer science bibliography, https://dblp.org}
}

@article{health_agent_abbasian_24,
  author       = {Mahyar Abbasian and
                  Iman Azimi and
                  Amir M. Rahmani and
                  Ramesh C. Jain},
  title        = {Conversational Health Agents: {A} Personalized LLM-Powered Agent Framework},
  journal      = {CoRR},
  volume       = {abs/2310.02374},
  year         = {2023},
  url          = {https://doi.org/10.48550/arXiv.2310.02374},
  doi          = {10.48550/ARXIV.2310.02374},
  eprinttype    = {arXiv},
  eprint       = {2310.02374},
  timestamp    = {Thu, 19 Oct 2023 13:12:52 +0200},
  biburl       = {https://dblp.org/rec/journals/corr/abs-2310-02374.bib},
  bibsource    = {dblp computer science bibliography, https://dblp.org}
}


@article{RAP_kagaya_24,
  author       = {Tomoyuki Kagaya and
                  Thong Jing Yuan and
                  Yuxuan Lou and
                  Jayashree Karlekar and
                  Sugiri Pranata and
                  Akira Kinose and
                  Koki Oguri and
                  Felix Wick and
                  Yang You},
  title        = {{RAP:} Retrieval-Augmented Planning with Contextual Memory for Multimodal
                  {LLM} Agents},
  journal      = {CoRR},
  volume       = {abs/2402.03610},
  year         = {2024},
  url          = {https://doi.org/10.48550/arXiv.2402.03610},
  doi          = {10.48550/ARXIV.2402.03610},
  eprinttype    = {arXiv},
  eprint       = {2402.03610},
  timestamp    = {Mon, 12 Feb 2024 13:36:38 +0100},
  biburl       = {https://dblp.org/rec/journals/corr/abs-2402-03610.bib},
  bibsource    = {dblp computer science bibliography, https://dblp.org}
}

@inproceedings{ReAct_yao_ICLR23,
  author       = {Shunyu Yao and
                  Jeffrey Zhao and
                  Dian Yu and
                  Nan Du and
                  Izhak Shafran and
                  Karthik R. Narasimhan and
                  Yuan Cao},
  title        = {ReAct: Synergizing Reasoning and Acting in Language Models},
  booktitle    = {The Eleventh International Conference on Learning Representations,
                  {ICLR} 2023, Kigali, Rwanda, May 1-5, 2023},
  publisher    = {OpenReview.net},
  year         = {2023},
  url          = {https://openreview.net/forum?id=WE\_vluYUL-X},
  timestamp    = {Wed, 24 Jul 2024 16:50:33 +0200},
  biburl       = {https://dblp.org/rec/conf/iclr/YaoZYDSN023.bib},
  bibsource    = {dblp computer science bibliography, https://dblp.org}
}

@article{autodrive_cui_23,
  title={Personalized autonomous driving with large language models: field experiments},
  author={Cui, C and Yang, Z and Zhou, Y and Ma, Y and Lu, J and Li, L and Chen, Y and Panchal, J and Wang, Z},
  journal={arXiv preprint arXiv:2312.09397},
  year={2024}
}

@article{autodriver_jin_23,
  author       = {Ye Jin and
                  Xiaoxi Shen and
                  Huiling Peng and
                  Xiaoan Liu and
                  Jingli Qin and
                  Jiayang Li and
                  Jintao Xie and
                  Peizhong Gao and
                  Guyue Zhou and
                  Jiangtao Gong},
  title        = {SurrealDriver: Designing Generative Driver Agent Simulation Framework
                  in Urban Contexts based on Large Language Model},
  journal      = {CoRR},
  volume       = {abs/2309.13193},
  year         = {2023},
  url          = {https://doi.org/10.48550/arXiv.2309.13193},
  doi          = {10.48550/ARXIV.2309.13193},
  eprinttype    = {arXiv},
  eprint       = {2309.13193},
  timestamp    = {Wed, 27 Sep 2023 11:44:46 +0200},
  biburl       = {https://dblp.org/rec/journals/corr/abs-2309-13193.bib},
  bibsource    = {dblp computer science bibliography, https://dblp.org}
}

@article{AgentDriver_mao_colm24,
  author       = {Jiageng Mao and
                  Junjie Ye and
                  Yuxi Qian and
                  Marco Pavone and
                  Yue Wang},
  title        = {A Language Agent for Autonomous Driving},
  journal      = {CoRR},
  volume       = {abs/2311.10813},
  year         = {2023},
  url          = {https://doi.org/10.48550/arXiv.2311.10813},
  doi          = {10.48550/ARXIV.2311.10813},
  eprinttype    = {arXiv},
  eprint       = {2311.10813},
  timestamp    = {Sun, 04 Aug 2024 16:26:33 +0200},
  biburl       = {https://dblp.org/rec/journals/corr/abs-2311-10813.bib},
  bibsource    = {dblp computer science bibliography, https://dblp.org}
}

@article{chatdoctor_li_23,
  author       = {Yunxiang Li and
                  Zihan Li and
                  Kai Zhang and
                  Ruilong Dan and
                  You Zhang},
  title        = {ChatDoctor: {A} Medical Chat Model Fine-tuned on LLaMA Model using
                  Medical Domain Knowledge},
  journal      = {CoRR},
  volume       = {abs/2303.14070},
  year         = {2023},
  url          = {https://doi.org/10.48550/arXiv.2303.14070},
  doi          = {10.48550/ARXIV.2303.14070},
  eprinttype    = {arXiv},
  eprint       = {2303.14070},
  timestamp    = {Wed, 29 Nov 2023 13:23:57 +0100},
  biburl       = {https://dblp.org/rec/journals/corr/abs-2303-14070.bib},
  bibsource    = {dblp computer science bibliography, https://dblp.org}
}

@article{domain_chatbots_kulkarni_24,
  author       = {Mandar Kulkarni and
                  Praveen Tangarajan and
                  Kyung Kim and
                  Anusua Trivedi},
  title        = {Reinforcement Learning for Optimizing {RAG} for Domain Chatbots},
  journal      = {CoRR},
  volume       = {abs/2401.06800},
  year         = {2024},
  url          = {https://doi.org/10.48550/arXiv.2401.06800},
  doi          = {10.48550/ARXIV.2401.06800},
  eprinttype    = {arXiv},
  eprint       = {2401.06800},
  timestamp    = {Thu, 01 Feb 2024 15:35:36 +0100},
  biburl       = {https://dblp.org/rec/journals/corr/abs-2401-06800.bib},
  bibsource    = {dblp computer science bibliography, https://dblp.org}
}

@article{agent_privacy_survey_He_24,
  author       = {Feng He and
                  Tianqing Zhu and
                  Dayong Ye and
                  Bo Liu and
                  Wanlei Zhou and
                  Philip S. Yu},
  title        = {The Emerged Security and Privacy of {LLM} Agent: {A} Survey with Case
                  Studies},
  journal      = {CoRR},
  volume       = {abs/2407.19354},
  year         = {2024},
  url          = {https://doi.org/10.48550/arXiv.2407.19354},
  doi          = {10.48550/ARXIV.2407.19354},
  eprinttype    = {arXiv},
  eprint       = {2407.19354},
  timestamp    = {Mon, 26 Aug 2024 07:38:54 +0200},
  biburl       = {https://dblp.org/rec/journals/corr/abs-2407-19354.bib},
  bibsource    = {dblp computer science bibliography, https://dblp.org}
}

@article{agent_threat_survey_deng_24,
  author       = {Zehang Deng and
                  Yongjian Guo and
                  Changzhou Han and
                  Wanlun Ma and
                  Junwu Xiong and
                  Sheng Wen and
                  Yang Xiang},
  title        = {{AI} Agents Under Threat: {A} Survey of Key Security Challenges and
                  Future Pathways},
  journal      = {CoRR},
  volume       = {abs/2406.02630},
  year         = {2024},
  url          = {https://doi.org/10.48550/arXiv.2406.02630},
  doi          = {10.48550/ARXIV.2406.02630},
  eprinttype    = {arXiv},
  eprint       = {2406.02630},
  timestamp    = {Fri, 05 Jul 2024 16:54:14 +0200},
  biburl       = {https://dblp.org/rec/journals/corr/abs-2406-02630.bib},
  bibsource    = {dblp computer science bibliography, https://dblp.org}
}

@article{agent_survey_wang_24,
  title={A survey on large language model based autonomous agents},
  author={Wang, Lei and Ma, Chen and Feng, Xueyang and Zhang, Zeyu and Yang, Hao and Zhang, Jingsen and Chen, Zhiyuan and Tang, Jiakai and Chen, Xu and Lin, Yankai and others},
  journal={Frontiers of Computer Science},
  volume={18},
  number={6},
  pages={186345},
  year={2024},
  publisher={Springer}
}

@article{llm_survey_zhao_23,
  title={A survey of large language models},
  author={Zhao, Wayne Xin and Zhou, Kun and Li, Junyi and Tang, Tianyi and Wang, Xiaolei and Hou, Yupeng and Min, Yingqian and Zhang, Beichen and Zhang, Junjie and Dong, Zican and others},
  journal={arXiv preprint arXiv:2303.18223},
  year={2023}
}

@article{llm_eval_survey_chang_tist24,
  title={A survey on evaluation of large language models},
  author={Chang, Yupeng and Wang, Xu and Wang, Jindong and Wu, Yuan and Yang, Linyi and Zhu, Kaijie and Chen, Hao and Yi, Xiaoyuan and Wang, Cunxiang and Wang, Yidong and others},
  journal={ACM Transactions on Intelligent Systems and Technology},
  volume={15},
  number={3},
  pages={1--45},
  year={2024},
  publisher={ACM New York, NY}
}

@inproceedings{chatgpt,
  author       = {Long Ouyang and
                  Jeffrey Wu and
                  Xu Jiang and
                  Diogo Almeida and
                  Carroll L. Wainwright and
                  Pamela Mishkin and
                  Chong Zhang and
                  Sandhini Agarwal and
                  Katarina Slama and
                  Alex Ray and
                  John Schulman and
                  Jacob Hilton and
                  Fraser Kelton and
                  Luke Miller and
                  Maddie Simens and
                  Amanda Askell and
                  Peter Welinder and
                  Paul F. Christiano and
                  Jan Leike and
                  Ryan Lowe},
  title        = {Training language models to follow instructions with human feedback},
  booktitle    = {NeurIPS},
  year         = {2022},
  url          = {http://papers.nips.cc/paper\_files/paper/2022/hash/b1efde53be364a73914f58805a001731-Abstract-Conference.html},
  timestamp    = {Thu, 11 May 2023 17:08:21 +0200},
  biburl       = {https://dblp.org/rec/conf/nips/Ouyang0JAWMZASR22.bib},
  bibsource    = {dblp computer science bibliography, https://dblp.org}
}

@article{llama3,
  title={The llama 3 herd of models},
  author={Dubey, Abhimanyu and Jauhri, Abhinav and Pandey, Abhinav and Kadian, Abhishek and Al-Dahle, Ahmad and Letman, Aiesha and Mathur, Akhil and Schelten, Alan and Yang, Amy and Fan, Angela and others},
  journal={arXiv preprint arXiv:2407.21783},
  year={2024}
}

@article{GPT-4,
  author       = {OpenAI},
  title        = {{GPT-4} Technical Report},
  journal      = {CoRR},
  volume       = {abs/2303.08774},
  year         = {2023},
  url          = {https://doi.org/10.48550/arXiv.2303.08774},
  doi          = {10.48550/arXiv.2303.08774},
  eprinttype    = {arXiv},
  eprint       = {2303.08774},
  timestamp    = {Mon, 28 Aug 2023 21:26:19 +0200},
  biburl       = {https://dblp.org/rec/journals/corr/abs-2303-08774.bib},
  bibsource    = {dblp computer science bibliography, https://dblp.org}
}

@article{GPT-4o,
  author       = {OpenAI},
  title        = {Hello GPT-4o},
  year         = {2024},
  url          = {https://openai.com/index/hello-gpt-4o/},
}

@article{code_LLM_survey_yang_24,
  author       = {Ke Yang and
                  Jiateng Liu and
                  John Wu and
                  Chaoqi Yang and
                  Yi R. Fung and
                  Sha Li and
                  Zixuan Huang and
                  Xu Cao and
                  Xingyao Wang and
                  Yiquan Wang and
                  Heng Ji and
                  Chengxiang Zhai},
  title        = {If {LLM} Is the Wizard, Then Code Is the Wand: {A} Survey on How Code
                  Empowers Large Language Models to Serve as Intelligent Agents},
  journal      = {CoRR},
  volume       = {abs/2401.00812},
  year         = {2024},
  url          = {https://doi.org/10.48550/arXiv.2401.00812},
  doi          = {10.48550/ARXIV.2401.00812},
  eprinttype    = {arXiv},
  eprint       = {2401.00812},
  timestamp    = {Sun, 04 Aug 2024 19:45:15 +0200},
  biburl       = {https://dblp.org/rec/journals/corr/abs-2401-00812.bib},
  bibsource    = {dblp computer science bibliography, https://dblp.org}
}

@inproceedings{webshop_yao_neurips22,
  author       = {Shunyu Yao and
                  Howard Chen and
                  John Yang and
                  Karthik Narasimhan},
  editor       = {Sanmi Koyejo and
                  S. Mohamed and
                  A. Agarwal and
                  Danielle Belgrave and
                  K. Cho and
                  A. Oh},
  title        = {WebShop: Towards Scalable Real-World Web Interaction with Grounded
                  Language Agents},
  booktitle    = {Advances in Neural Information Processing Systems 35: Annual Conference
                  on Neural Information Processing Systems 2022, NeurIPS 2022, New Orleans,
                  LA, USA, November 28 - December 9, 2022},
  year         = {2022},
  url          = {http://papers.nips.cc/paper\_files/paper/2022/hash/82ad13ec01f9fe44c01cb91814fd7b8c-Abstract-Conference.html},
  timestamp    = {Mon, 08 Jan 2024 16:31:37 +0100},
  biburl       = {https://dblp.org/rec/conf/nips/Yao0YN22.bib},
  bibsource    = {dblp computer science bibliography, https://dblp.org}
}

@article{johnson2016mimic,
  title={MIMIC-III, a freely accessible critical care database},
  author={Johnson, Alistair EW and Pollard, Tom J and Shen, Lu and Lehman, Li-wei H and Feng, Mengling and Ghassemi, Mohammad and Moody, Benjamin and Szolovits, Peter and Anthony Celi, Leo and Mark, Roger G},
  journal={Scientific data},
  volume={3},
  number={1},
  pages={1--9},
  year={2016},
  publisher={Nature Publishing Group}
}


@inproceedings{sbert19,
  title = "Sentence-BERT: Sentence Embeddings using Siamese BERT-Networks",
  author = "Reimers, Nils and Gurevych, Iryna",
  booktitle = "Proceedings of the 2019 Conference on Empirical Methods in Natural Language Processing",
  month = "11",
  year = "2019",
  publisher = "Association for Computational Linguistics",
  url = "https://arxiv.org/abs/1908.10084",
}

@article{wang2020minilm,
  title={Minilm: Deep self-attention distillation for task-agnostic compression of pre-trained transformers},
  author={Wang, Wenhui and Wei, Furu and Dong, Li and Bao, Hangbo and Yang, Nan and Zhou, Ming},
  journal={Advances in Neural Information Processing Systems},
  volume={33},
  pages={5776--5788},
  year={2020}
}

@article{roberta,
  author       = {Yinhan Liu and
                  Myle Ott and
                  Naman Goyal and
                  Jingfei Du and
                  Mandar Joshi and
                  Danqi Chen and
                  Omer Levy and
                  Mike Lewis and
                  Luke Zettlemoyer and
                  Veselin Stoyanov},
  title        = {RoBERTa: {A} Robustly Optimized {BERT} Pretraining Approach},
  journal      = {CoRR},
  volume       = {abs/1907.11692},
  year         = {2019},
  url          = {http://arxiv.org/abs/1907.11692},
  eprinttype    = {arXiv},
  eprint       = {1907.11692},
  timestamp    = {Thu, 14 Dec 2023 18:03:41 +0100},
  biburl       = {https://dblp.org/rec/journals/corr/abs-1907-11692.bib},
  bibsource    = {dblp computer science bibliography, https://dblp.org}
}

@inproceedings{MPNet,
  author       = {Kaitao Song and
                  Xu Tan and
                  Tao Qin and
                  Jianfeng Lu and
                  Tie{-}Yan Liu},
  editor       = {Hugo Larochelle and
                  Marc'Aurelio Ranzato and
                  Raia Hadsell and
                  Maria{-}Florina Balcan and
                  Hsuan{-}Tien Lin},
  title        = {MPNet: Masked and Permuted Pre-training for Language Understanding},
  booktitle    = {Advances in Neural Information Processing Systems 33: Annual Conference
                  on Neural Information Processing Systems 2020, NeurIPS 2020, December
                  6-12, 2020, virtual},
  year         = {2020},
  url          = {https://proceedings.neurips.cc/paper/2020/hash/c3a690be93aa602ee2dc0ccab5b7b67e-Abstract.html},
  timestamp    = {Mon, 29 Jan 2024 17:56:03 +0100},
  biburl       = {https://dblp.org/rec/conf/nips/Song0QLL20.bib},
  bibsource    = {dblp computer science bibliography, https://dblp.org}
}

@article{QuantAgent_finance_wang_24,
  author       = {Saizhuo Wang and
                  Hang Yuan and
                  Lionel M. Ni and
                  Jian Guo},
  title        = {QuantAgent: Seeking Holy Grail in Trading by Self-Improving Large
                  Language Model},
  journal      = {CoRR},
  volume       = {abs/2402.03755},
  year         = {2024},
  url          = {https://doi.org/10.48550/arXiv.2402.03755},
  doi          = {10.48550/ARXIV.2402.03755},
  eprinttype    = {arXiv},
  eprint       = {2402.03755},
  timestamp    = {Mon, 12 Feb 2024 13:36:38 +0100},
  biburl       = {https://dblp.org/rec/journals/corr/abs-2402-03755.bib},
  bibsource    = {dblp computer science bibliography, https://dblp.org}
}

@inproceedings{finance_app_koa_www24,
  author       = {Kelvin J. L. Koa and
                  Yunshan Ma and
                  Ritchie Ng and
                  Tat{-}Seng Chua},
  editor       = {Tat{-}Seng Chua and
                  Chong{-}Wah Ngo and
                  Ravi Kumar and
                  Hady W. Lauw and
                  Roy Ka{-}Wei Lee},
  title        = {Learning to Generate Explainable Stock Predictions using Self-Reflective
                  Large Language Models},
  booktitle    = {Proceedings of the {ACM} on Web Conference 2024, {WWW} 2024, Singapore,
                  May 13-17, 2024},
  pages        = {4304--4315},
  publisher    = {{ACM}},
  year         = {2024},
  url          = {https://doi.org/10.1145/3589334.3645611},
  doi          = {10.1145/3589334.3645611},
  timestamp    = {Sun, 19 Jan 2025 13:10:07 +0100},
  biburl       = {https://dblp.org/rec/conf/www/KoaMNC24.bib},
  bibsource    = {dblp computer science bibliography, https://dblp.org}
}

@inproceedings{DiLu_autodriving_wen_iclr24,
  author       = {Licheng Wen and
                  Daocheng Fu and
                  Xin Li and
                  Xinyu Cai and
                  Tao Ma and
                  Pinlong Cai and
                  Min Dou and
                  Botian Shi and
                  Liang He and
                  Yu Qiao},
  title        = {DiLu: {A} Knowledge-Driven Approach to Autonomous Driving with Large
                  Language Models},
  booktitle    = {The Twelfth International Conference on Learning Representations,
                  {ICLR} 2024, Vienna, Austria, May 7-11, 2024},
  publisher    = {OpenReview.net},
  year         = {2024},
  url          = {https://openreview.net/forum?id=OqTMUPuLuC},
  timestamp    = {Wed, 07 Aug 2024 17:11:53 +0200},
  biburl       = {https://dblp.org/rec/conf/iclr/WenF0C0CDS0024.bib},
  bibsource    = {dblp computer science bibliography, https://dblp.org}
}

@article{xi2023rise_LLMagent_survey,
  title={The Rise and Potential of Large Language Model Based Agents: A Survey},
  author={Xi, Zhiheng and Chen, Wenxiang and Guo, Xin and He, Wei and Ding, Yiwen and Hong, Boyang and Zhang, Ming and Wang, Junzhe and Jin, Senjie and Zhou, Enyu and others},
  journal={arXiv preprint arXiv:2309.07864},
  year={2023}
}

@inproceedings{code_powered_wang_acl24,
  author       = {Xingyao Wang and
                  Yangyi Chen and
                  Lifan Yuan and
                  Yizhe Zhang and
                  Yunzhu Li and
                  Hao Peng and
                  Heng Ji},
  title        = {Executable Code Actions Elicit Better {LLM} Agents},
  booktitle    = {Forty-first International Conference on Machine Learning, {ICML} 2024,
                  Vienna, Austria, July 21-27, 2024},
  publisher    = {OpenReview.net},
  year         = {2024},
  url          = {https://openreview.net/forum?id=jJ9BoXAfFa},
  timestamp    = {Mon, 09 Sep 2024 14:52:21 +0200},
  biburl       = {https://dblp.org/rec/conf/icml/WangCY0L0J24.bib},
  bibsource    = {dblp computer science bibliography, https://dblp.org}
}

@inproceedings{AppWorld_Trivedi_acl24,
  author       = {Harsh Trivedi and
                  Tushar Khot and
                  Mareike Hartmann and
                  Ruskin Manku and
                  Vinty Dong and
                  Edward Li and
                  Shashank Gupta and
                  Ashish Sabharwal and
                  Niranjan Balasubramanian},
  editor       = {Lun{-}Wei Ku and
                  Andre Martins and
                  Vivek Srikumar},
  title        = {AppWorld: {A} Controllable World of Apps and People for Benchmarking
                  Interactive Coding Agents},
  booktitle    = {Proceedings of the 62nd Annual Meeting of the Association for Computational
                  Linguistics (Volume 1: Long Papers), {ACL} 2024, Bangkok, Thailand,
                  August 11-16, 2024},
  pages        = {16022--16076},
  publisher    = {Association for Computational Linguistics},
  year         = {2024},
  url          = {https://doi.org/10.18653/v1/2024.acl-long.850},
  doi          = {10.18653/V1/2024.ACL-LONG.850},
  timestamp    = {Tue, 24 Sep 2024 10:55:44 +0200},
  biburl       = {https://dblp.org/rec/conf/acl/TrivediKHMDLGSB24.bib},
  bibsource    = {dblp computer science bibliography, https://dblp.org}
}

@inproceedings{SeeAct_Zheng_ICML24,
  author       = {Boyuan Zheng and
                  Boyu Gou and
                  Jihyung Kil and
                  Huan Sun and
                  Yu Su},
  title        = {GPT-4V(ision) is a Generalist Web Agent, if Grounded},
  booktitle    = {Forty-first International Conference on Machine Learning, {ICML} 2024,
                  Vienna, Austria, July 21-27, 2024},
  publisher    = {OpenReview.net},
  year         = {2024},
  url          = {https://openreview.net/forum?id=piecKJ2DlB},
  timestamp    = {Mon, 02 Sep 2024 16:55:26 +0200},
  biburl       = {https://dblp.org/rec/conf/icml/ZhengGK0024.bib},
  bibsource    = {dblp computer science bibliography, https://dblp.org}
}

@inproceedings{Mind2Web_Deng_neurips23,
  author       = {Xiang Deng and
                  Yu Gu and
                  Boyuan Zheng and
                  Shijie Chen and
                  Samual Stevens and
                  Boshi Wang and
                  Huan Sun and
                  Yu Su},
  editor       = {Alice Oh and
                  Tristan Naumann and
                  Amir Globerson and
                  Kate Saenko and
                  Moritz Hardt and
                  Sergey Levine},
  title        = {Mind2Web: Towards a Generalist Agent for the Web},
  booktitle    = {Advances in Neural Information Processing Systems 36: Annual Conference
                  on Neural Information Processing Systems 2023, NeurIPS 2023, New Orleans,
                  LA, USA, December 10 - 16, 2023},
  year         = {2023},
  url          = {http://papers.nips.cc/paper\_files/paper/2023/hash/5950bf290a1570ea401bf98882128160-Abstract-Datasets\_and\_Benchmarks.html},
  timestamp    = {Sat, 27 Jul 2024 13:40:02 +0200},
  biburl       = {https://dblp.org/rec/conf/nips/DengGZCSWSS23.bib},
  bibsource    = {dblp computer science bibliography, https://dblp.org}
}

@inproceedings{RAG_Lewis_neurips20,
  author       = {Patrick S. H. Lewis and
                  Ethan Perez and
                  Aleksandra Piktus and
                  Fabio Petroni and
                  Vladimir Karpukhin and
                  Naman Goyal and
                  Heinrich K{\"{u}}ttler and
                  Mike Lewis and
                  Wen{-}tau Yih and
                  Tim Rockt{\"{a}}schel and
                  Sebastian Riedel and
                  Douwe Kiela},
  editor       = {Hugo Larochelle and
                  Marc'Aurelio Ranzato and
                  Raia Hadsell and
                  Maria{-}Florina Balcan and
                  Hsuan{-}Tien Lin},
  title        = {Retrieval-Augmented Generation for Knowledge-Intensive {NLP} Tasks},
  booktitle    = {Advances in Neural Information Processing Systems 33: Annual Conference
                  on Neural Information Processing Systems 2020, NeurIPS 2020, December
                  6-12, 2020, virtual},
  year         = {2020},
  url          = {https://proceedings.neurips.cc/paper/2020/hash/6b493230205f780e1bc26945df7481e5-Abstract.html},
  timestamp    = {Tue, 19 Jan 2021 15:57:07 +0100},
  biburl       = {https://dblp.org/rec/conf/nips/LewisPPPKGKLYR020.bib},
  bibsource    = {dblp computer science bibliography, https://dblp.org}
}

@article{defense_Jain_23,
  author       = {Neel Jain and
                  Avi Schwarzschild and
                  Yuxin Wen and
                  Gowthami Somepalli and
                  John Kirchenbauer and
                  Ping{-}yeh Chiang and
                  Micah Goldblum and
                  Aniruddha Saha and
                  Jonas Geiping and
                  Tom Goldstein},
  title        = {Baseline Defenses for Adversarial Attacks Against Aligned Language
                  Models},
  journal      = {CoRR},
  volume       = {abs/2309.00614},
  year         = {2023},
  url          = {https://doi.org/10.48550/arXiv.2309.00614},
  doi          = {10.48550/ARXIV.2309.00614},
  eprinttype    = {arXiv},
  eprint       = {2309.00614},
  timestamp    = {Mon, 11 Sep 2023 16:01:35 +0200},
  biburl       = {https://dblp.org/rec/journals/corr/abs-2309-00614.bib},
  bibsource    = {dblp computer science bibliography, https://dblp.org}
}

@article{llamaguard_Hakan_23,
  title={Llama guard: Llm-based input-output safeguard for human-ai conversations},
  author={Inan, Hakan and Upasani, Kartikeya and Chi, Jianfeng and Rungta, Rashi and Iyer, Krithika and Mao, Yuning and Tontchev, Michael and Hu, Qing and Fuller, Brian and Testuggine, Davide and others},
  journal={arXiv preprint arXiv:2312.06674},
  year={2023}
}

@article{Deid_defense_Liu_23,
  title={Deid-gpt: Zero-shot medical text de-identification by gpt-4},
  author={Liu, Zhengliang and Huang, Yue and Yu, Xiaowei and Zhang, Lu and Wu, Zihao and Cao, Chao and Dai, Haixing and Zhao, Lin and Li, Yiwei and Shu, Peng and others},
  journal={arXiv preprint arXiv:2303.11032},
  year={2023}
}

@inproceedings{Deidentified_Thomas_22,
  title={Downstream task performance of BERT models pre-trained using automatically de-identified clinical data},
  author={Vakili, Thomas and Lamproudis, Anastasios and Henriksson, Aron and Dalianis, Hercules},
  booktitle={Proceedings of the Thirteenth Language Resources and Evaluation Conference},
  pages={4245--4252},
  year={2022}
}

@inproceedings{BERT,
  author       = {Jacob Devlin and
                  Ming{-}Wei Chang and
                  Kenton Lee and
                  Kristina Toutanova},
  editor       = {Jill Burstein and
                  Christy Doran and
                  Thamar Solorio},
  title        = {{BERT:} Pre-training of Deep Bidirectional Transformers for Language
                  Understanding},
  booktitle    = {Proceedings of the 2019 Conference of the North American Chapter of
                  the Association for Computational Linguistics: Human Language Technologies,
                  {NAACL-HLT} 2019, Minneapolis, MN, USA, June 2-7, 2019, Volume 1 (Long
                  and Short Papers)},
  pages        = {4171--4186},
  publisher    = {Association for Computational Linguistics},
  year         = {2019},
  url          = {https://doi.org/10.18653/v1/n19-1423},
  doi          = {10.18653/V1/N19-1423},
  timestamp    = {Mon, 26 Sep 2022 12:21:55 +0200},
  biburl       = {https://dblp.org/rec/conf/naacl/DevlinCLT19.bib},
  bibsource    = {dblp computer science bibliography, https://dblp.org}
}

