@article{al2023investigation,
  title={Investigation of frequency-domain-based vibration signal analysis for UAV unbalance fault classification},
  author={Al-Haddad, LA and Jaber, AA and Neranon, P and Al-Haddad, SA},
  journal={Engineering and Technology Journal},
  volume={41},
  number={7},
  pages={915--923},
  year={2023},
  publisher={University of Technology}
}

@article{banerjee2020flight,
  title={In-flight detection of vibration anomalies in unmanned aerial vehicles},
  author={Banerjee, Portia and Okolo, Wendy A and Moore, Andrew J},
  journal={Journal of Nondestructive Evaluation, Diagnostics and Prognostics of Engineering Systems},
  volume={3},
  number={4},
  pages={041105},
  year={2020},
  publisher={American Society of Mechanical Engineers}
}

@inproceedings{bektash2020vibration,
  title={Vibration analysis for anomaly detection in unmanned aircraft},
  author={Bektash, OM and la Cour-Harbo, Anders},
  booktitle={Annual Conference of the Prognostics and Health Management Society 2020},
  year={2020},
  organization={PHM Society}
}

@inproceedings{gemayel2024machine,
  title={Machine Learning for Pre/Post Flight UAV Rotor Defect Detection Using Vibration Analysis},
  author={Gemayel, Alexandre and Manias, Dimitrios Michael and Shami, Abdallah},
  booktitle={Accepted in: 2024 IEEE Global Communications Conference (GLOBECOM)},
  pages={01--06},
  year={2024},
  organization={IEEE}
}

@inproceedings{pourpanah2018anomaly,
  title={Anomaly detection and condition monitoring of UAV motors and propellers},
  author={Pourpanah, Farhad and Zhang, Bin and Ma, Rui and Hao, Qi},
  booktitle={2018 IEEE SENSORS},
  pages={1--4},
  year={2018},
  organization={IEEE}
}

@inproceedings{radkowski2014analysis,
  title={Analysis of vibration of rotors in unmanned aircraft},
  author={Radkowski, Stanis{\l}aw and Szulim, Przemys{\l}aw},
  booktitle={2014 19th International Conference on Methods and Models in Automation and Robotics (MMAR)},
  pages={748--753},
  year={2014},
  organization={IEEE}
}

@article{simsiriwong2012experimental,
  title={Experimental vibration analysis of a composite UAV wing},
  author={Simsiriwong, J and Sullivan, R Warsi},
  journal={Mechanics of Advanced Materials and Structures},
  volume={19},
  number={1-3},
  pages={196--206},
  year={2012},
  publisher={Taylor \& Francis}
}

@inproceedings{wang2019data,
  title={Data-driven anomaly detection for UAV sensor data based on deep learning prediction model},
  author={Wang, Benkuan and Wang, Zeyang and Liu, Liansheng and Liu, Datong and Peng, Xiyuan},
  booktitle={2019 Prognostics and System Health Management Conference (PHM-Paris)},
  pages={286--290},
  year={2019},
  organization={IEEE}
}

@inproceedings{wolfram2018condition,
  title={Condition monitoring for flight performance estimation of small multirotor unmanned aerial vehicles},
  author={Wolfram, Daniel and Vogel, Florian and Stauder, Dominik},
  booktitle={2018 IEEE Aerospace Conference},
  pages={1--17},
  year={2018},
  organization={IEEE}
}

@inproceedings{zahra2021predictive,
  title={Predictive maintenance with neural network approach for UAV propulsion systems monitoring},
  author={Zahra, Nabila and Buldan, Rasis Syauqi and Nazaruddin, Yul Y and Widyotriatmo, Augie},
  booktitle={2021 American Control Conference (ACC)},
  pages={2631--2636},
  year={2021},
  organization={IEEE}
}

