@inproceedings{MM-BD,
    title={MM-BD: Post-Training Detection of Backdoor Attacks with Arbitrary Backdoor Pattern Types Using a Maximum Margin Statistic},
    author={Wang, Hang and Xiang, Zhen and Miller, David J and Kesidis, George},
    booktitle={IEEE Symposium on Security and Privacy},
    year={2024},
}

@article{berthelot2019remixmatch,
  title={Remixmatch: Semi-supervised learning with distribution alignment and augmentation anchoring},
  author={Berthelot, David and Carlini, Nicholas and Cubuk, Ekin D and Kurakin, Alex and Sohn, Kihyuk and Zhang, Han and Raffel, Colin},
  journal={ICLR},
  year={2020}
}

@article{chen2018detecting,
  title={Detecting backdoor attacks on deep neural networks by activation clustering},
  author={Chen, Bryant and Carvalho, Wilka and Baracaldo, Nathalie and Ludwig, Heiko and Edwards, Benjamin and Lee, Taesung and Molloy, Ian and Srivastava, Biplav},
  journal={arXiv preprint arXiv:1811.03728},
  year={2018}
}

@article{chen2023softmatch,
  title={Softmatch: Addressing the quantity-quality trade-off in semi-supervised learning},
  author={Chen, Hao and Tao, Ran and Fan, Yue and Wang, Yidong and Wang, Jindong and Schiele, Bernt and Xie, Xing and Raj, Bhiksha and Savvides, Marios},
  journal={ICLR},
  year={2023}
}

@article{connor2022rethinking,
  title={Rethinking backdoor data poisoning attacks in the context of semi-supervised learning},
  author={Connor, Marissa and Emanuele, Vincent},
  journal={arXiv preprint arXiv:2212.02582},
  year={2022}
}

@inproceedings{dong2021black,
  title={Black-box detection of backdoor attacks with limited information and data},
  author={Dong, Yinpeng and Yang, Xiao and Deng, Zhijie and Pang, Tianyu and Xiao, Zihao and Su, Hang and Zhu, Jun},
  booktitle={CVPR},
  pages={16482--16491},
  year={2021}
}

@inproceedings{guo2020safe,
  title={Safe deep semi-supervised learning for unseen-class unlabeled data},
  author={Guo, Lan-Zhe and Zhang, Zhen-Yu and Jiang, Yuan and Li, Yu-Feng and Zhou, Zhi-Hua},
  booktitle={ICML},
  pages={3897--3906},
  year={2020},
  organization={PMLR}
}

@article{guo2022robust,
  title={Robust semi-supervised learning when not all classes have labels},
  author={Guo, Lan-Zhe and Zhang, Yi-Ge and Wu, Zhi-Fan and Shao, Jie-Jing and Li, Yu-Feng},
  journal={Advances in Neural Information Processing Systems},
  volume={35},
  pages={3305--3317},
  year={2022}
}

@inproceedings{jia2023bidirectional,
  title={Bidirectional adaptation for robust semi-supervised learning with inconsistent data distributions},
  author={Jia, Lin-Han and Guo, Lan-Zhe and Zhou, Zhi and Shao, Jie-Jing and Xiang, Yuke and Li, Yu-Feng},
  booktitle={ICML},
  pages={14886--14901},
  year={2023},
  organization={PMLR}
}

@inproceedings{lee2013pseudo,
  title={Pseudo-label: The simple and efficient semi-supervised learning method for deep neural networks},
  author={Lee, Dong-Hyun and others},
  booktitle={Workshop on challenges in representation learning, ICML},
  volume={3},
  pages={896},
  year={2013},
  organization={Atlanta}
}

@article{li2019towards,
  title={Towards safe weakly supervised learning},
  author={Li, Yu-Feng and Guo, Lan-Zhe and Zhou, Zhi-Hua},
  journal={IEEE transactions on pattern analysis and machine intelligence},
  volume={43},
  number={1},
  pages={334--346},
  year={2019},
  publisher={IEEE}
}

@article{li2021anti,
  title={Anti-backdoor learning: Training clean models on poisoned data},
  author={Li, Yige and Lyu, Xixiang and Koren, Nodens and Lyu, Lingjuan and Li, Bo and Ma, Xingjun},
  journal={Advances in Neural Information Processing Systems},
  volume={34},
  pages={14900--14912},
  year={2021}
}

@inproceedings{li2023iomatch,
  title={IOMatch: Simplifying open-set semi-supervised learning with joint inliers and outliers utilization},
  author={Li, Zekun and Qi, Lei and Shi, Yinghuan and Gao, Yang},
  booktitle={CVPR},
  pages={15870--15879},
  year={2023}
}

@inproceedings{liu2023beating,
  title={Beating backdoor attack at its own game},
  author={Liu, Min and Sangiovanni-Vincentelli, Alberto and Yue, Xiangyu},
  booktitle={CVPR},
  pages={4620--4629},
  year={2023}
}

@article{mclachlan1975iterative,
  title={Iterative reclassification procedure for constructing an asymptotically optimal rule of allocation in discriminant analysis},
  author={McLachlan, Geoffrey J},
  journal={Journal of the American Statistical Association},
  volume={70},
  number={350},
  pages={365--369},
  year={1975},
  publisher={Taylor \& Francis}
}

@article{scudder1965probability,
  title={Probability of error of some adaptive pattern-recognition machines},
  author={Scudder, Henry},
  journal={IEEE Transactions on Information Theory},
  volume={11},
  number={3},
  pages={363--371},
  year={1965},
  publisher={IEEE}
}

@inproceedings{shejwalkar2023perils,
  title={The perils of learning from unlabeled data: Backdoor attacks on semi-supervised learning},
  author={Shejwalkar and Virat and Lyu, Lingjuan and Houmansadr and Amir},
  booktitle={CVPR},
  pages={4730--4740},
  year={2023}
}

@inproceedings{shokri2020bypassing,
  title={Bypassing backdoor detection algorithms in deep learning},
  author={Shokri, Reza and others},
  booktitle={2020 IEEE European Symposium on Security and Privacy (EuroS\&P)},
  pages={175--183},
  year={2020},
  organization={IEEE}
}

@inproceedings{tejankar2023defending,
  title={Defending against patch-based backdoor attacks on self-supervised learning},
  author={Tejankar, Ajinkya and Sanjabi, Maziar and Wang, Qifan and Wang, Sinong and Firooz, Hamed and Pirsiavash, Hamed and Tan, Liang},
  booktitle={CVPR},
  pages={12239--12249},
  year={2023}
}

@article{turner2019label,
  title={Label-consistent backdoor attacks},
  author={Turner, Alexander and Tsipras, Dimitris and Madry, Aleksander},
  journal={arXiv preprint arXiv:1912.02771},
  year={2019},
}

@inproceedings{wan2024unlocking,
  title={Unlocking the power of open set: A new perspective for open-set noisy label learning},
  author={Wan, Wenhai and Wang, Xinrui and Xie, Ming-Kun and Li, Shao-Yuan and Huang, Sheng-Jun and Chen, Songcan},
  booktitle={AAAI},
  volume={38},
  pages={15438--15446},
  year={2024}
}

@article{wang2022freematch,
  title={Freematch: Self-adaptive thresholding for semi-supervised learning},
  author={Wang, Yidong and Chen, Hao and Heng, Qiang and Hou, Wenxin and Fan, Yue and Wu, Zhen and Wang, Jindong and Savvides, Marios and Shinozaki, Takahiro and Raj, Bhiksha and others},
  journal={Advances in Neural Information Processing Systems},
  year={2022}
}

@inproceedings{wang2024mm,
  title={Mm-bd: Post-training detection of backdoor attacks with arbitrary backdoor pattern types using a maximum margin statistic},
  author={Wang, Hang and Xiang, Zhen and Miller, David J and Kesidis, George},
  booktitle={2024 IEEE Symposium on Security and Privacy (SP)},
  pages={15--15},
  year={2024},
  organization={IEEE Computer Society}
}

@article{xie2020unsupervised,
  title={Unsupervised data augmentation for consistency training},
  author={Xie, Qizhe and Dai, Zihang and Hovy, Eduard and Luong, Thang and Le, Quoc},
  journal={Advances in neural information processing systems},
  volume={33},
  pages={6256--6268},
  year={2020}
}

@inproceedings{xu2021dash,
  title={Dash: Semi-supervised learning with dynamic thresholding},
  author={Xu, Yi and Shang, Lei and Ye, Jinxing and Qian, Qi and Li, Yu-Feng and Sun, Baigui and Li, Hao and Jin, Rong},
  booktitle={ICML},
  pages={11525--11536},
  year={2021},
  organization={PMLR}
}

@inproceedings{zhai2019s4l,
  title={S4l: Self-supervised semi-supervised learning},
  author={Zhai, Xiaohua and Oliver, Avital and Kolesnikov, Alexander and Beyer, Lucas},
  booktitle={CVPR},
  pages={1476--1485},
  year={2019}
}

