@inproceedings{shejwalkar2023perils,
  title={The perils of learning from unlabeled data: Backdoor attacks on semi-supervised learning},
  author={Shejwalkar and Virat and Lyu, Lingjuan and Houmansadr and Amir},
  booktitle={CVPR},
  pages={4730--4740},
  year={2023}
}

@inproceedings{yan2021dehib,
  title={Dehib: Deep hidden backdoor attack on semi-supervised learning via adversarial perturbation},
  author={Yan, Zhicong and Li, Gaolei and TIan, Yuan and Wu, Jun and Li, Shenghong and Chen, Mingzhe and Poor, H Vincent},
  booktitle={AAAI},
  volume={35},
  pages={10585--10593},
  year={2021}
}

@article{connor2022rethinking,
  title={Rethinking backdoor data poisoning attacks in the context of semi-supervised learning},
  author={Connor, Marissa and Emanuele, Vincent},
  journal={arXiv preprint arXiv:2212.02582},
  year={2022}
}

@article{learning2006semi,
  title={Semi-supervised learning},
  author={Olivier Chapelle and Bernhard Sch√∂lkopf and Alexander Zien},
  journal={The MIT Press},
  volume={5},
  year={2006}
}

@article{ishida2017learning,
  title={Learning from complementary labels},
  author={Ishida, Takashi and Niu, Gang and Hu, Weihua and Sugiyama, Masashi},
  journal={Advances in neural information processing systems},
  volume={30},
  year={2017}
}

@article{mclachlan1975iterative,
  title={Iterative reclassification procedure for constructing an asymptotically optimal rule of allocation in discriminant analysis},
  author={McLachlan, Geoffrey J},
  journal={Journal of the American Statistical Association},
  volume={70},
  number={350},
  pages={365--369},
  year={1975},
  publisher={Taylor \& Francis}
}

@article{scudder1965probability,
  title={Probability of error of some adaptive pattern-recognition machines},
  author={Scudder, Henry},
  journal={IEEE Transactions on Information Theory},
  volume={11},
  number={3},
  pages={363--371},
  year={1965},
  publisher={IEEE}
}

@inproceedings{xu2021dash,
  title={Dash: Semi-supervised learning with dynamic thresholding},
  author={Xu, Yi and Shang, Lei and Ye, Jinxing and Qian, Qi and Li, Yu-Feng and Sun, Baigui and Li, Hao and Jin, Rong},
  booktitle={ICML},
  pages={11525--11536},
  year={2021},
  organization={PMLR}
}

@article{berthelot2019mixmatch,
  title={Mixmatch: A holistic approach to semi-supervised learning},
  author={Berthelot, David and Carlini, Nicholas and Goodfellow, Ian and Papernot, Nicolas and Oliver, Avital and Raffel, Colin A},
  journal={Advances in neural information processing systems},
  volume={32},
  year={2019}
}

@article{berthelot2019remixmatch,
  title={Remixmatch: Semi-supervised learning with distribution alignment and augmentation anchoring},
  author={Berthelot, David and Carlini, Nicholas and Cubuk, Ekin D and Kurakin, Alex and Sohn, Kihyuk and Zhang, Han and Raffel, Colin},
  journal={ICLR},
  year={2020}
}

@inproceedings{zhai2019s4l,
  title={S4l: Self-supervised semi-supervised learning},
  author={Zhai, Xiaohua and Oliver, Avital and Kolesnikov, Alexander and Beyer, Lucas},
  booktitle={CVPR},
  pages={1476--1485},
  year={2019}
}

@article{sohn2020fixmatch,
  title={Fixmatch: Simplifying semi-supervised learning with consistency and confidence},
  author={Sohn, Kihyuk and Berthelot, David and Carlini, Nicholas and Zhang, Zizhao and Zhang, Han and Raffel, Colin A and Cubuk, Ekin Dogus and Kurakin, Alexey and Li, Chun-Liang},
  journal={Advances in neural information processing systems},
  volume={33},
  pages={596--608},
  year={2020}
}

@article{zhang2021flexmatch,
  title={Flexmatch: Boosting semi-supervised learning with curriculum pseudo labeling},
  author={Zhang, Bowen and Wang, Yidong and Hou, Wenxin and Wu, Hao and Wang, Jindong and Okumura, Manabu and Shinozaki, Takahiro},
  journal={Advances in Neural Information Processing Systems},
  volume={34},
  pages={18408--18419},
  year={2021}
}

@article{wang2022freematch,
  title={Freematch: Self-adaptive thresholding for semi-supervised learning},
  author={Wang, Yidong and Chen, Hao and Heng, Qiang and Hou, Wenxin and Fan, Yue and Wu, Zhen and Wang, Jindong and Savvides, Marios and Shinozaki, Takahiro and Raj, Bhiksha and others},
  journal={Advances in Neural Information Processing Systems},
  year={2022}
}

@article{chen2023softmatch,
  title={Softmatch: Addressing the quantity-quality trade-off in semi-supervised learning},
  author={Chen, Hao and Tao, Ran and Fan, Yue and Wang, Yidong and Wang, Jindong and Schiele, Bernt and Xie, Xing and Raj, Bhiksha and Savvides, Marios},
  journal={ICLR},
  year={2023}
}

@inproceedings{guo2020safe,
  title={Safe deep semi-supervised learning for unseen-class unlabeled data},
  author={Guo, Lan-Zhe and Zhang, Zhen-Yu and Jiang, Yuan and Li, Yu-Feng and Zhou, Zhi-Hua},
  booktitle={ICML},
  pages={3897--3906},
  year={2020},
  organization={PMLR}
}

@article{li2019towards,
  title={Towards safe weakly supervised learning},
  author={Li, Yu-Feng and Guo, Lan-Zhe and Zhou, Zhi-Hua},
  journal={IEEE transactions on pattern analysis and machine intelligence},
  volume={43},
  number={1},
  pages={334--346},
  year={2019},
  publisher={IEEE}
}

@inproceedings{li2023iomatch,
  title={IOMatch: Simplifying open-set semi-supervised learning with joint inliers and outliers utilization},
  author={Li, Zekun and Qi, Lei and Shi, Yinghuan and Gao, Yang},
  booktitle={CVPR},
  pages={15870--15879},
  year={2023}
}

@inproceedings{lee2013pseudo,
  title={Pseudo-label: The simple and efficient semi-supervised learning method for deep neural networks},
  author={Lee, Dong-Hyun and others},
  booktitle={Workshop on challenges in representation learning, ICML},
  volume={3},
  pages={896},
  year={2013},
  organization={Atlanta}
}

@article{xie2020unsupervised,
  title={Unsupervised data augmentation for consistency training},
  author={Xie, Qizhe and Dai, Zihang and Hovy, Eduard and Luong, Thang and Le, Quoc},
  journal={Advances in neural information processing systems},
  volume={33},
  pages={6256--6268},
  year={2020}
}

@article{li2021anti,
  title={Anti-backdoor learning: Training clean models on poisoned data},
  author={Li, Yige and Lyu, Xixiang and Koren, Nodens and Lyu, Lingjuan and Li, Bo and Ma, Xingjun},
  journal={Advances in Neural Information Processing Systems},
  volume={34},
  pages={14900--14912},
  year={2021}
}

@inproceedings{yu2018learning,
  title={Learning with biased complementary labels},
  author={Yu, Xiyu and Liu, Tongliang and Gong, Mingming and Tao, Dacheng},
  booktitle={ECCV},
  pages={68--83},
  year={2018}
}

@book{mohri2018foundations,
  title={Foundations of machine learning},
  author={Mohri, Mehryar and Rostamizadeh, Afshin and Talwalkar, Ameet},
  year={2018},
  publisher={MIT press}
}

@article{bartlett2002rademacher,
  title={Rademacher and Gaussian complexities: Risk bounds and structural results},
  author={Bartlett, Peter L and Mendelson, Shahar},
  journal={Journal of Machine Learning Research},
  volume={3},
  number={Nov},
  pages={463--482},
  year={2002}
}

@article{talagrand1995concentration,
  title={Concentration of measure and isoperimetric inequalities in product spaces},
  author={Talagrand, Michel},
  journal={Publications Math{\'e}matiques de l'Institut des Hautes Etudes Scientifiques},
  volume={81},
  pages={73--205},
  year={1995},
  publisher={Springer}
}

@inproceedings{carlini2021poisoning,
  title={Poisoning the unlabeled dataset of $\{$Semi-Supervised$\}$ learning},
  author={Carlini, Nicholas},
  booktitle={30th USENIX Security Symposium (USENIX Security 21)},
  pages={1577--1592},
  year={2021}
}

@inproceedings{wang2022invisible,
  title={An invisible black-box backdoor attack through frequency domain},
  author={Wang, Tong and Yao, Yuan and Xu, Feng and An, Shengwei and Tong, Hanghang and Wang, Ting},
  booktitle={ECCV},
  pages={396--413},
  year={2022},
  organization={Springer}
}

@inproceedings{zeng2023narcissus,
  title={Narcissus: A practical clean-label backdoor attack with limited information},
  author={Zeng, Yi and Pan, Minzhou and Just, Hoang Anh and Lyu, Lingjuan and Qiu, Meikang and Jia, Ruoxi},
  booktitle={Proceedings of the 2023 ACM SIGSAC Conference on Computer and Communications Security},
  pages={771--785},
  year={2023}
}

@article{krizhevsky2009learning,
  title={Learning multiple layers of features from tiny images},
  author={Krizhevsky, Alex and Hinton, Geoffrey and others},
  journal={https://www.cs.utoronto.ca/},
  year={2009},
  publisher={Toronto, ON, Canada}
}

@inproceedings{zeng2021rethinking,
  title={Rethinking the backdoor attacks' triggers: A frequency perspective},
  author={Zeng, Yi and Park, Won and Mao, Z Morley and Jia, Ruoxi},
  booktitle={CVPR},
  pages={16473--16481},
  year={2021}
}

@article{wang2022usb,
  title={Usb: A unified semi-supervised learning benchmark for classification},
  author={Wang, Yidong and Chen, Hao and Fan, Yue and Sun, Wang and Tao, Ran and Hou, Wenxin and Wang, Renjie and Yang, Linyi and Zhou, Zhi and Guo, Lan-Zhe and others},
  journal={Advances in Neural Information Processing Systems},
  volume={35},
  pages={3938--3961},
  year={2022}
}

@article{li2024instant,
  title={Instant: Semi-supervised learning with instance-dependent thresholds},
  author={Li, Muyang and Wu, Runze and Liu, Haoyu and Yu, Jun and Yang, Xun and Han, Bo and Liu, Tongliang},
  journal={Advances in Neural Information Processing Systems},
  volume={36},
  year={2024}
}

@inproceedings{li2021invisible,
  title={Invisible backdoor attack with sample-specific triggers},
  author={Li, Yuezun and Li, Yiming and Wu, Baoyuan and Li, Longkang and He, Ran and Lyu, Siwei},
  booktitle={CVPR},
  pages={16463--16472},
  year={2021}
}

@inproceedings{feng2020learning,
  title={Learning with multiple complementary labels},
  author={Feng, Lei and Kaneko, Takuo and Han, Bo and Niu, Gang and An, Bo and Sugiyama, Masashi},
  booktitle={ICML},
  pages={3072--3081},
  year={2020},
  organization={PMLR}
}

@inproceedings{gao2023unbiased,
  title={Unbiased Risk Estimator to Multi-Labeled Complementary Label Learning.},
  author={Gao, Yi and Xu, Miao and Zhang, Min-Ling},
  booktitle={IJCAI},
  pages={3732--3740},
  year={2023},
 organization={IJCAI}
}

@article{li2024survey,
  author={Li, Yiming and Jiang, Yong and Li, Zhifeng and Xia, Shu-Tao},
  journal={IEEE Transactions on Neural Networks and Learning Systems}, 
  title={Backdoor Learning: A Survey}, 
  year={2024},
  volume={35},
  number={1},
  pages={5-22},
  }

@inproceedings{qiu2021deepsweep,
  title={Deepsweep: An evaluation framework for mitigating DNN backdoor attacks using data augmentation},
  author={Qiu, Han and Zeng, Yi and Guo, Shangwei and Zhang, Tianwei and Qiu, Meikang and Thuraisingham, Bhavani},
  booktitle={Proceedings of the 2021 ACM Asia Conference on Computer and Communications Security},
  pages={363--377},
  year={2021}
}

@inproceedings{borgnia2021strong,
  title={Strong data augmentation sanitizes poisoning and backdoor attacks without an accuracy tradeoff},
  author={Borgnia, Eitan and Cherepanova, Valeriia and Fowl, Liam and Ghiasi, Amin and Geiping, Jonas and Goldblum, Micah and Goldstein, Tom and Gupta, Arjun},
  booktitle={ICASSP},
  pages={3855--3859},
  year={2021},
  organization={IEEE}
}

@article{turner2019label,
  title={Label-consistent backdoor attacks},
  author={Turner, Alexander and Tsipras, Dimitris and Madry, Aleksander},
  journal={arXiv preprint arXiv:1912.02771},
  year={2019},
}

@article{zhang2017mixup,
  title={mixup: Beyond empirical risk minimization},
  author={Zhang, Hongyi and Cisse, Moustapha and Dauphin, Yann N and Lopez-Paz, David},
  journal={ICLR},
  year={2018}
}

@inproceedings{coates2011analysis,
  title={An analysis of single-layer networks in unsupervised feature learning},
  author={Coates, Adam and Ng, Andrew and Lee, Honglak},
  booktitle={AISTATS},
  pages={215--223},
  year={2011},
  organization={JMLR Workshop and Conference Proceedings}
}

@inproceedings{netzer2011reading,
  title={Reading digits in natural images with unsupervised feature learning},
  author={Netzer, Yuval and Wang, Tao and Coates, Adam and Bissacco, Alessandro and Wu, Baolin and Ng, Andrew Y and others},
  booktitle={NIPS workshop on deep learning and unsupervised feature learning},
  number={2},
  series={4},
  year={2011},
  organization={Granada}
}

@inproceedings{liu2023beating,
  title={Beating backdoor attack at its own game},
  author={Liu, Min and Sangiovanni-Vincentelli, Alberto and Yue, Xiangyu},
  booktitle={CVPR},
  pages={4620--4629},
  year={2023}
}

@inproceedings{zhang2023backdoor,
  title={Backdoor defense via deconfounded representation learning},
  author={Zhang, Zaixi and Liu, Qi and Wang, Zhicai and Lu, Zepu and Hu, Qingyong},
  booktitle={CVPR},
  pages={12228--12238},
  year={2023}
}

@inproceedings{wang2024mm,
  title={Mm-bd: Post-training detection of backdoor attacks with arbitrary backdoor pattern types using a maximum margin statistic},
  author={Wang, Hang and Xiang, Zhen and Miller, David J and Kesidis, George},
  booktitle={2024 IEEE Symposium on Security and Privacy (SP)},
  pages={15--15},
  year={2024},
  organization={IEEE Computer Society}
}

@inproceedings{tejankar2023defending,
  title={Defending against patch-based backdoor attacks on self-supervised learning},
  author={Tejankar, Ajinkya and Sanjabi, Maziar and Wang, Qifan and Wang, Sinong and Firooz, Hamed and Pirsiavash, Hamed and Tan, Liang},
  booktitle={CVPR},
  pages={12239--12249},
  year={2023}
}

@inproceedings{gu2017identifying,
  title={Identifying vulnerabilities in the machine learning model supply chain},
  author={Gu, T and Dolan-Gavitt, B and BadNets, S},
  booktitle={Proceedings of the Neural Information Processing Symposium Workshop Mach. Learning Security (MLSec)},
  pages={1--5},
  year={2017}
}

@inproceedings{chen2023practical,
  title={A practical clean-label backdoor attack with limited information in vertical federated learning},
  author={Chen, Peng and Yang, Jirui and Lin, Junxiong and Lu, Zhihui and Duan, Qiang and Chai, Hongfeng},
  booktitle={ICDM},
  pages={41--50},
  year={2023},
  organization={IEEE}
}

@inproceedings{li2023embarrassingly,
  title={An embarrassingly simple backdoor attack on self-supervised learning},
  author={Li, Changjiang and Pang, Ren and Xi, Zhaohan and Du, Tianyu and Ji, Shouling and Yao, Yuan and Wang, Ting},
  booktitle={CVPR},
  pages={4367--4378},
  year={2023}
}

@article{li2021neural,
  title={Neural attention distillation: Erasing backdoor triggers from deep neural networks},
  author={Li, Yige and Lyu, Xixiang and Koren, Nodens and Lyu, Lingjuan and Li, Bo and Ma, Xingjun},
  journal={ICLR},
  year={2022}
}

@inproceedings{liu2018fine,
  title={Fine-pruning: Defending against backdooring attacks on deep neural networks},
  author={Liu, Kang and Dolan-Gavitt, Brendan and Garg, Siddharth},
  booktitle={International symposium on research in attacks, intrusions, and defenses},
  pages={273--294},
  year={2018},
  organization={Springer}
}

@article{yan2021deep,
  title={Deep neural backdoor in semi-supervised learning: Threats and countermeasures},
  author={Yan, Zhicong and Wu, Jun and Li, Gaolei and Li, Shenghong and Guizani, Mohsen},
  journal={IEEE Transactions on Information Forensics and Security},
  volume={16},
  pages={4827--4842},
  year={2021},
  publisher={IEEE}
}

@article{gao2024complementary,
  title={Complementary to Multiple Labels: A Correlation-Aware Correction Approach},
  author={Gao, Yi and Xu, Miao and Zhang, Min-Ling},
  journal={IEEE Transactions on Pattern Analysis and Machine Intelligence},
  year={2024},
  publisher={IEEE}
}

@article{wang2023beyond,
  title={Beyond myopia: Learning from positive and unlabeled data through holistic predictive trends},
  author={Xinrui, Wang and Wan, Wenhai and Geng, Chuanxing and Li, Shao-Yuan and Chen, Songcan},
  journal={Advances in Neural Information Processing Systems},
  volume={36},
  year={2024}
}

@inproceedings{wan2024unlocking,
  title={Unlocking the power of open set: A new perspective for open-set noisy label learning},
  author={Wan, Wenhai and Wang, Xinrui and Xie, Ming-Kun and Li, Shao-Yuan and Huang, Sheng-Jun and Chen, Songcan},
  booktitle={AAAI},
  volume={38},
  pages={15438--15446},
  year={2024}
}

@article{li2023semireward,
  title={Semireward: A general reward model for semi-supervised learning},
  author={Li, Siyuan and Jin, Weiyang and Wang, Zedong and Wu, Fang and Liu, Zicheng and Tan, Cheng and Li, Stan Z},
  journal={ICLR},
  year={2024}
}

@inproceedings{ijcai2021p423,
  title     = {Learning from Complementary Labels via Partial-Output Consistency Regularization},
  author    = {Wang, Deng-Bao and Feng, Lei and Zhang, Min-Ling},
  booktitle = {IJCAI},
  pages     = {3075--3081},
  year      = {2021},
}

@inproceedings{gwosdek2012theoretical,
  title={Theoretical foundations of gaussian convolution by extended box filtering},
  author={Gwosdek, Pascal and Grewenig, Sven and Bruhn, Andr{\'e}s and Weickert, Joachim},
  booktitle={Scale Space and Variational Methods in Computer Vision: Third International Conference, SSVM 2011, Ein-Gedi, Israel, May 29--June 2, 2011, Revised Selected Papers 3},
  pages={447--458},
  year={2012},
  organization={Springer}
}

@inproceedings{dong2021black,
  title={Black-box detection of backdoor attacks with limited information and data},
  author={Dong, Yinpeng and Yang, Xiao and Deng, Zhijie and Pang, Tianyu and Xiao, Zihao and Su, Hang and Zhu, Jun},
  booktitle={CVPR},
  pages={16482--16491},
  year={2021}
}

@inproceedings{MM-BD,
    title={MM-BD: Post-Training Detection of Backdoor Attacks with Arbitrary Backdoor Pattern Types Using a Maximum Margin Statistic},
    author={Wang, Hang and Xiang, Zhen and Miller, David J and Kesidis, George},
    booktitle={IEEE Symposium on Security and Privacy},
    year={2024},
}

@inproceedings{shokri2020bypassing,
  title={Bypassing backdoor detection algorithms in deep learning},
  author={Shokri, Reza and others},
  booktitle={2020 IEEE European Symposium on Security and Privacy (EuroS\&P)},
  pages={175--183},
  year={2020},
  organization={IEEE}
}

@inproceedings{jia2023bidirectional,
  title={Bidirectional adaptation for robust semi-supervised learning with inconsistent data distributions},
  author={Jia, Lin-Han and Guo, Lan-Zhe and Zhou, Zhi and Shao, Jie-Jing and Xiang, Yuke and Li, Yu-Feng},
  booktitle={ICML},
  pages={14886--14901},
  year={2023},
  organization={PMLR}
}

@article{guo2022robust,
  title={Robust semi-supervised learning when not all classes have labels},
  author={Guo, Lan-Zhe and Zhang, Yi-Ge and Wu, Zhi-Fan and Shao, Jie-Jing and Li, Yu-Feng},
  journal={Advances in Neural Information Processing Systems},
  volume={35},
  pages={3305--3317},
  year={2022}
}

@article{chen2018detecting,
  title={Detecting backdoor attacks on deep neural networks by activation clustering},
  author={Chen, Bryant and Carvalho, Wilka and Baracaldo, Nathalie and Ludwig, Heiko and Edwards, Benjamin and Lee, Taesung and Molloy, Ian and Srivastava, Biplav},
  journal={arXiv preprint arXiv:1811.03728},
  year={2018}
}

@inproceedings{xu2020generative,
  title={Generative-discriminative complementary learning},
  author={Xu, Yanwu and Gong, Mingming and Chen, Junxiang and Liu, Tongliang and Zhang, Kun and Batmanghelich, Kayhan},
  booktitle={AAAI},
  series={04},
  pages={6526--6533},
  year={2020}
}

@article{li2011towards,
  author={Li, Yu-Feng and Zhou, Zhi-Hua},
  journal={IEEE Transactions on Pattern Analysis and Machine Intelligence}, 
  title={Towards Making Unlabeled Data Never Hurt}, 
  year={2015},
  volume={37},
  number={1},
  pages={175-188},
  keywords={Support vector machines;Particle separators;Semisupervised learning;Reliability;Data models;Optimization;Prediction algorithms;Unlabeled data;semi-supervised learning;safe;S3VMs;S4VMs},
  doi={10.1109/TPAMI.2014.2299812}}

@inproceedings{saha2020hidden,
  title={Hidden trigger backdoor attacks},
  author={Saha, Aniruddha and Subramanya, Akshayvarun and Pirsiavash, Hamed},
  booktitle={Proceedings of the AAAI conference on artificial intelligence},
  volume={34},
  number={07},
  pages={11957--11965},
  year={2020}
}

@article{asgari2022masktune,
  title={Masktune: Mitigating spurious correlations by forcing to explore},
  author={Asgari, Saeid and Khani, Aliasghar and Khani, Fereshte and Gholami, Ali and Tran, Linh and Mahdavi Amiri, Ali and Hamarneh, Ghassan},
  journal={Advances in Neural Information Processing Systems},
  volume={35},
  pages={23284--23296},
  year={2022}
}