% Use this file for citations not found in the ACL Anthology (contained in "anthology.bib").




@inproceedings{nguyen2023extracting,
  title={Extracting cultural commonsense knowledge at scale},
  author={Nguyen, Tuan-Phong and Razniewski, Simon and Varde, Aparna and Weikum, Gerhard},
  booktitle={Proceedings of the ACM Web Conference 2023},
  pages={1907--1917},
  year={2023}
}

@article{dwivedi2023eticor,
  title={EtiCor: Corpus for analyzing LLMs for etiquettes},
  author={Dwivedi, Ashutosh and Lavania, Pradhyumna and Modi, Ashutosh},
  journal={arXiv preprint arXiv:2310.18974},
  year={2023}
}

@article{adilazuarda2024towards,
  title={Towards measuring and modeling" culture" in llms: A survey},
  author={Adilazuarda, Muhammad Farid and Mukherjee, Sagnik and Lavania, Pradhyumna and Singh, Siddhant and Dwivedi, Ashutosh and Aji, Alham Fikri and O'Neill, Jacki and Modi, Ashutosh and Choudhury, Monojit},
  journal={arXiv preprint arXiv:2403.15412},
  year={2024}
}

@article{ventura2023navigating,
  title={Navigating Cultural Chasms: Exploring and Unlocking the Cultural POV of Text-To-Image Models},
  author={Ventura, Mor and Ben-David, Eyal and Korhonen, Anna and Reichart, Roi},
  journal={arXiv preprint arXiv:2310.01929},
  year={2023}
}

@article{romero2024cvqa,
  title={CVQA: Culturally-diverse Multilingual Visual Question Answering Benchmark},
  author={Romero, David and Lyu, Chenyang and Wibowo, Haryo Akbarianto and Lynn, Teresa and Hamed, Injy and Kishore, Aditya Nanda and Mandal, Aishik and Dragonetti, Alina and Abzaliev, Artem and Tonja, Atnafu Lambebo and others},
  journal={arXiv preprint arXiv:2406.05967},
  year={2024}
}

@article{bhatia2024local,
  title={From Local Concepts to Universals: Evaluating the Multicultural Understanding of Vision-Language Models},
  author={Bhatia, Mehar and Ravi, Sahithya and Chinchure, Aditya and Hwang, Eunjeong and Shwartz, Vered},
  journal={arXiv preprint arXiv:2407.00263},
  year={2024}
}

@article{ganguli2023capacity,
  title={The capacity for moral self-correction in large language models},
  author={Ganguli, Deep and Askell, Amanda and Schiefer, Nicholas and Liao, Thomas I and Luko{\v{s}}i{\=u}t{\.e}, Kamil{\.e} and Chen, Anna and Goldie, Anna and Mirhoseini, Azalia and Olsson, Catherine and Hernandez, Danny and others},
  journal={arXiv preprint arXiv:2302.07459},
  year={2023}
}

@article{scherrer2024evaluating,
  title={Evaluating the moral beliefs encoded in llms},
  author={Scherrer, Nino and Shi, Claudia and Feder, Amir and Blei, David},
  journal={Advances in Neural Information Processing Systems},
  volume={36},
  year={2024}
}

@article{durmus2023towards,
  title={Towards measuring the representation of subjective global opinions in language models},
  author={Durmus, Esin and Nguyen, Karina and Liao, Thomas I and Schiefer, Nicholas and Askell, Amanda and Bakhtin, Anton and Chen, Carol and Hatfield-Dodds, Zac and Hernandez, Danny and Joseph, Nicholas and others},
  journal={arXiv preprint arXiv:2306.16388},
  year={2023}
}

@inproceedings{rojas2022dollar,
  title={The dollar street dataset: Images representing the geographic and socioeconomic diversity of the world},
  author={Rojas, William A Gaviria and Diamos, Sudnya and Kini, Keertan Ranjan and Kanter, David and Reddi, Vijay Janapa and Coleman, Cody},
  booktitle={Thirty-sixth Conference on Neural Information Processing Systems Datasets and Benchmarks Track},
  year={2022}
}

@article{mukherjee2024crossroads,
  title={Crossroads of Continents: Automated Artifact Extraction for Cultural Adaptation with Large Multimodal Models},
  author={Mukherjee, Anjishnu and Zhu, Ziwei and Anastasopoulos, Antonios},
  journal={arXiv preprint arXiv:2407.02067},
  year={2024}
}


@inproceedings{liu2024improved,
  title={Improved baselines with visual instruction tuning},
  author={Liu, Haotian and Li, Chunyuan and Li, Yuheng and Lee, Yong Jae},
  booktitle={Proceedings of the IEEE/CVF Conference on Computer Vision and Pattern Recognition},
  pages={26296--26306},
  year={2024}
}

@article{zheng2023judging,
  title={Judging llm-as-a-judge with mt-bench and chatbot arena},
  author={Zheng, Lianmin and Chiang, Wei-Lin and Sheng, Ying and Zhuang, Siyuan and Wu, Zhanghao and Zhuang, Yonghao and Lin, Zi and Li, Zhuohan and Li, Dacheng and Xing, Eric and others},
  journal={Advances in Neural Information Processing Systems},
  volume={36},
  pages={46595--46623},
  year={2023}
}

@misc{Nous-Hermes-2-Yi-34B-2024-10-16,
  title         = {NousResearch/Nous-Hermes-2-Yi-34B Â· Hugging Face},
  author={NousResearch},
  year          = {2024},
  note          = {Accessed: 2024-10-16},
  howpublished  = {\url{https://huggingface.co/NousResearch/Nous-Hermes-2-Yi-34B}}
    
}

@misc{qwen1.5,
    title = {Introducing Qwen1.5},
    url = {https://qwenlm.github.io/blog/qwen1.5/},
    author = {Qwen Team},
    month = {February},
    year = {2024}
}

@misc{LLaVA-NeXT:-2024-10-16,
  title         = {LLaVA-NeXT: Improved reasoning, OCR, and world knowledge | LLaVA},
  author        = {Haotian Liu and Chunyuan Li and Yuheng Li and Bo Li and Yuanhan Zhang and Sheng Shen and Yong Jae Lee},
  year          = {2024},
  note          = {Accessed: 2024-10-16},
  howpublished  = {\url{https://llava-vl.github.io/blog/2024-01-30-llava-next/}}
}

@misc{LLaVA-NeXT:-2024-10-16-,
  title         = {LLaVA-NeXT: Stronger LLMs Supercharge Multimodal Capabilities in the Wild},
  author        = {Bo Li, Kaichen Zhang, Hao Zhang, Dong Guo, Renrui Zhang, Feng Li, Yuanhan Zhang, Ziwei Liu, Chunyuan Li},
  year          = {2024},
  note          = {Accessed: 2024-10-16},
  howpublished  = {\url{https://llava-vl.github.io/blog/2024-05-10-llava-next-stronger-llms/}}
}

@inproceedings{radford2021learning,
  title={Learning transferable visual models from natural language supervision},
  author={Radford, Alec and Kim, Jong Wook and Hallacy, Chris and Ramesh, Aditya and Goh, Gabriel and Agarwal, Sandhini and Sastry, Girish and Askell, Amanda and Mishkin, Pamela and Clark, Jack and others},
  booktitle={International conference on machine learning},
  pages={8748--8763},
  year={2021},
  organization={PMLR}
}

@article{haerpfer2022world,
  title={World values survey: Round seven-country-pooled datafile version 5.0},
  author={Haerpfer, Christian and Inglehart, Ronald and Moreno, Alejandro and Welzel, Christian and Kizilova, Kseniya and Diez-Medrano, Jaime and Lagos, Marta and Norris, Pippa and Ponarin, Eduard and Puranen, Bjorn and others},
  journal={Madrid, Spain \& Vienna, Austria: JD Systems Institute \& WVSA Secretariat},
  volume={12},
  number={10},
  pages={8},
  year={2022}
}
@article{yun2024cic,
  title={CIC: A framework for Culturally-aware Image Captioning},
  author={Yun, Youngsik and Kim, Jihie},
  journal={arXiv preprint arXiv:2402.05374},
  year={2024}
}

@article{liu2021visually,
  title={Visually grounded reasoning across languages and cultures},
  author={Liu, Fangyu and Bugliarello, Emanuele and Ponti, Edoardo Maria and Reddy, Siva and Collier, Nigel and Elliott, Desmond},
  journal={arXiv preprint arXiv:2109.13238},
  year={2021}
}

@article{liu2023cultural,
  title={On the cultural gap in text-to-image generation},
  author={Liu, Bingshuai and Wang, Longyue and Lyu, Chenyang and Zhang, Yong and Su, Jinsong and Shi, Shuming and Tu, Zhaopeng},
  journal={arXiv preprint arXiv:2307.02971},
  year={2023}
}

@article{jha2024beyond,
  title={Beyond the surface: a global-scale analysis of visual stereotypes in text-to-image generation},
  author={Jha, Akshita and Prabhakaran, Vinodkumar and Denton, Remi and Laszlo, Sarah and Dave, Shachi and Qadri, Rida and Reddy, Chandan K and Dev, Sunipa},
  journal={arXiv preprint arXiv:2401.06310},
  year={2024}
}

@article{rao2024normad,
  title={Normad: A benchmark for measuring the cultural adaptability of large language models},
  author={Rao, Abhinav and Yerukola, Akhila and Shah, Vishwa and Reinecke, Katharina and Sap, Maarten},
  journal={arXiv preprint arXiv:2404.12464},
  year={2024}
}

@article{ramezani2023knowledge,
  title={Knowledge of cultural moral norms in large language models},
  author={Ramezani, Aida and Xu, Yang},
  journal={arXiv preprint arXiv:2306.01857},
  year={2023}
}

@article{fraser2022does,
  title={Does Moral Code Have a Moral Code? Probing Delphi's Moral Philosophy},
  author={Fraser, Kathleen C and Kiritchenko, Svetlana and Balkir, Esma},
  journal={arXiv preprint arXiv:2205.12771},
  year={2022}
}


@article{cao2024exploring,
  title={Exploring Visual Culture Awareness in GPT-4V: A Comprehensive Probing},
  author={Cao, Yong and Li, Wenyan and Li, Jiaang and Yuan, Yifei and Hershcovich, Daniel},
  journal={arXiv preprint arXiv:2402.06015},
  year={2024}
}

@book{hofstede1984culture,
  title={Culture's consequences: International differences in work-related values},
  author={Hofstede, Geert},
  volume={5},
  year={1984},
  publisher={sage}
}

@book{tomlinson2018culture,
  title={Culture and the course of human evolution},
  author={Tomlinson, Gary},
  year={2018},
  publisher={University of Chicago Press}
}

@article{kasper2010language,
  title={Language and culture},
  author={Kasper, Gabriele and Omori, Makoto},
  journal={Sociolinguistics and language education},
  volume={17},
  pages={454},
  year={2010},
  publisher={Multilingual Matters Bristol, UK}
}

@article{wibowo2023copal,
  title={Copal-id: Indonesian language reasoning with local culture and nuances},
  author={Wibowo, Haryo Akbarianto and Fuadi, Erland Hilman and Nityasya, Made Nindyatama and Prasojo, Radityo Eko and Aji, Alham Fikri},
  journal={arXiv preprint arXiv:2311.01012},
  year={2023}
}

@article{shankar2017no,
  title={No classification without representation: Assessing geodiversity issues in open data sets for the developing world},
  author={Shankar, Shreya and Halpern, Yoni and Breck, Eric and Atwood, James and Wilson, Jimbo and Sculley, D},
  journal={arXiv preprint arXiv:1711.08536},
  year={2017}
}
@article{zhao2024worldvaluesbench,
  title={WorldValuesBench: A Large-Scale Benchmark Dataset for Multi-Cultural Value Awareness of Language Models},
  author={Zhao, Wenlong and Mondal, Debanjan and Tandon, Niket and Dillion, Danica and Gray, Kurt and Gu, Yuling},
  journal={arXiv preprint arXiv:2404.16308},
  year={2024}
}

@article{li2024culture,
  title={CULTURE-GEN: Revealing Global Cultural Perception in Language Models through Natural Language Prompting},
  author={Li, Huihan and Jiang, Liwei and Dziri, Nouha and Ren, Xiang and Choi, Yejin},
  journal={arXiv preprint arXiv:2404.10199},
  year={2024}
}

@article{Wang2024CVLUEAN,
  title={Cvlue: A new benchmark dataset for chinese vision-language understanding evaluation},
  author={Wang, Yuxuan and Liu, Yijun and Yu, Fei and Huang, Chen and Li, Kexin and Wan, Zhiguo and Che, Wanxiang},
  journal={arXiv preprint arXiv:2407.01081},
  year={2024}
}

@article{Baek2024EvaluatingVA,
  title={Evaluating Visual and Cultural Interpretation: The K-Viscuit Benchmark with Human-VLM Collaboration},
  author={Yujin Baek and chaeHun Park and Jaeseok Kim and Yu-Jung Heo and Du-Seong Chang and Jaegul Choo},
  journal={ArXiv},
  year={2024},
  volume={abs/2406.16469},
  url={https://api.semanticscholar.org/CorpusID:270702398}
}
@article{yang2024qwen2,
  title={Qwen2 technical report},
  author={Yang, An and Yang, Baosong and Hui, Binyuan and Zheng, Bo and Yu, Bowen and Zhou, Chang and Li, Chengpeng and Li, Chengyuan and Liu, Dayiheng and Huang, Fei and others},
  journal={arXiv preprint arXiv:2407.10671},
  year={2024}
}


@misc{ShareGPT:-2024-10-16,
  title         = {ShareGPT: Share your wildest ChatGPT conversations with one click.},
  author={TechCrunch},
  year          = {2024},
  note          = {Accessed: 2024-10-16},
  howpublished  = {\url{https://sharegpt.com/}}
}

@inproceedings{li2024land,
  title={This Land is Your, My Land: Evaluating Geopolitical Bias in Language Models through Territorial Disputes},
  author={Li, Bryan and Haider, Samar and Callison-Burch, Chris},
  booktitle={Proceedings of the 2024 Conference of the North American Chapter of the Association for Computational Linguistics: Human Language Technologies (Volume 1: Long Papers)},
  pages={3855--3871},
  year={2024}
}

@article{sakib2024risks,
  title={Risks, Causes, and Mitigations of Widespread Deployments of Large Language Models (LLMs): A Survey},
  author={Sakib, Md Nazmus and Islam, Md Athikul and Pathak, Royal and Arifin, Md Mashrur},
  journal={arXiv preprint arXiv:2408.04643},
  year={2024}
}

@article{liyanage2023ethical,
  title={Ethical considerations and potential risks in the deployment of large language models in diverse societal contexts},
  author={Liyanage, Udara Piyasena and Ranaweera, Nimnaka Dilshan},
  journal={Journal of Computational Social Dynamics},
  volume={8},
  number={11},
  pages={15--25},
  year={2023}
}

@article{lim2024african,
  title={The African Woman is Rhythmic and Soulful: An Investigation of Implicit Biases in LLM Open-ended Text Generation},
  author={Lim, Serene and P{\'e}rez-Ortiz, Mar{\'\i}a},
  journal={arXiv preprint arXiv:2407.01270},
  year={2024}
}

@inproceedings{moayeri2024worldbench,
  title={WorldBench: Quantifying Geographic Disparities in LLM Factual Recall},
  author={Moayeri, Mazda and Tabassi, Elham and Feizi, Soheil},
  booktitle={The 2024 ACM Conference on Fairness, Accountability, and Transparency},
  pages={1211--1228},
  year={2024}
}


@inproceedings{hershcovich-etal-2022-challenges,
	title = "Challenges and Strategies in Cross-Cultural {NLP}",
	author = "Hershcovich, Daniel  and
	  Frank, Stella  and
	  Lent, Heather  and
	  de Lhoneux, Miryam  and
	  Abdou, Mostafa  and
	  Brandl, Stephanie  and
	  Bugliarello, Emanuele  and
	  Cabello Piqueras, Laura  and
	  Chalkidis, Ilias  and
	  Cui, Ruixiang  and
	  Fierro, Constanza  and
	  Margatina, Katerina  and
	  Rust, Phillip  and
	  S{\o}gaard, Anders",
	editor = "Muresan, Smaranda  and
	  Nakov, Preslav  and
	  Villavicencio, Aline",
	booktitle = ACL:2022:long,
	month = may,
	year = "2022",
	address = "Dublin, Ireland",
	publisher = acl,
	url = anth # {2022.acl-long.482},
	doi = "10.18653/v1/2022.acl-long.482",
	pages = "6997--7013",
}



@inproceedings{arora-etal-2023-probing,
	title = "Probing Pre-Trained Language Models for Cross-Cultural Differences in Values",
	author = "Arora, Arnav  and
	  Kaffee, Lucie-aim{\'e}e  and
	  Augenstein, Isabelle",
	editor = "Dev, Sunipa  and
	  Prabhakaran, Vinodkumar  and
	  Adelani, David  and
	  Hovy, Dirk  and
	  Benotti, Luciana",
	booktitle = C3NLP:2023:1,
	month = may,
	year = "2023",
	address = "Dubrovnik, Croatia",
	publisher = acl,
	url = anth # {2023.c3nlp-1.12},
	doi = "10.18653/v1/2023.c3nlp-1.12",
	pages = "114--130",
}

@article{liu-etal-2023-visual,
	title = "Visual Spatial Reasoning",
	author = "Liu, Fangyu  and
	  Emerson, Guy  and
	  Collier, Nigel",
	journal = "Transactions of the Association for Computational Linguistics",
	volume = "11",
	year = "2023",
	address = "Cambridge, MA",
	publisher = "MIT Press",
	url = anth # {2023.tacl-1.37},
	doi = "10.1162/tacl_a_00566",
	pages = "635--651",
}


@inproceedings{huang-yang-2023-culturally,
	title = "Culturally Aware Natural Language Inference",
	author = "Huang, Jing  and
	  Yang, Diyi",
	editor = "Bouamor, Houda  and
	  Pino, Juan  and
	  Bali, Kalika",
	booktitle = FINDINGS:2023:emnlp,
	month = dec,
	year = "2023",
	address = "Singapore",
	publisher = acl,
	url = anth # {2023.findings-emnlp.509},
	doi = "10.18653/v1/2023.findings-emnlp.509",
	pages = "7591--7609",
}