@article{Baek2024EvaluatingVA,
  title={Evaluating Visual and Cultural Interpretation: The K-Viscuit Benchmark with Human-VLM Collaboration},
  author={Yujin Baek and chaeHun Park and Jaeseok Kim and Yu-Jung Heo and Du-Seong Chang and Jaegul Choo},
  journal={ArXiv},
  year={2024},
  volume={abs/2406.16469},
  url={https://api.semanticscholar.org/CorpusID:270702398}
}

@article{Wang2024CVLUEAN,
  title={Cvlue: A new benchmark dataset for chinese vision-language understanding evaluation},
  author={Wang, Yuxuan and Liu, Yijun and Yu, Fei and Huang, Chen and Li, Kexin and Wan, Zhiguo and Che, Wanxiang},
  journal={arXiv preprint arXiv:2407.01081},
  year={2024}
}

@article{adilazuarda2024towards,
  title={Towards measuring and modeling" culture" in llms: A survey},
  author={Adilazuarda, Muhammad Farid and Mukherjee, Sagnik and Lavania, Pradhyumna and Singh, Siddhant and Dwivedi, Ashutosh and Aji, Alham Fikri and O'Neill, Jacki and Modi, Ashutosh and Choudhury, Monojit},
  journal={arXiv preprint arXiv:2403.15412},
  year={2024}
}

@inproceedings{arora-etal-2023-probing,
	title = "Probing Pre-Trained Language Models for Cross-Cultural Differences in Values",
	author = "Arora, Arnav  and
	  Kaffee, Lucie-aim{\'e}e  and
	  Augenstein, Isabelle",
	editor = "Dev, Sunipa  and
	  Prabhakaran, Vinodkumar  and
	  Adelani, David  and
	  Hovy, Dirk  and
	  Benotti, Luciana",
	booktitle = C3NLP:2023:1,
	month = may,
	year = "2023",
	address = "Dubrovnik, Croatia",
	publisher = acl,
	url = anth # {2023.c3nlp-1.12},
	doi = "10.18653/v1/2023.c3nlp-1.12",
	pages = "114--130",
}

@article{bhatia2024local,
  title={From Local Concepts to Universals: Evaluating the Multicultural Understanding of Vision-Language Models},
  author={Bhatia, Mehar and Ravi, Sahithya and Chinchure, Aditya and Hwang, Eunjeong and Shwartz, Vered},
  journal={arXiv preprint arXiv:2407.00263},
  year={2024}
}

@article{durmus2023towards,
  title={Towards measuring the representation of subjective global opinions in language models},
  author={Durmus, Esin and Nguyen, Karina and Liao, Thomas I and Schiefer, Nicholas and Askell, Amanda and Bakhtin, Anton and Chen, Carol and Hatfield-Dodds, Zac and Hernandez, Danny and Joseph, Nicholas and others},
  journal={arXiv preprint arXiv:2306.16388},
  year={2023}
}

@article{dwivedi2023eticor,
  title={EtiCor: Corpus for analyzing LLMs for etiquettes},
  author={Dwivedi, Ashutosh and Lavania, Pradhyumna and Modi, Ashutosh},
  journal={arXiv preprint arXiv:2310.18974},
  year={2023}
}

@article{ganguli2023capacity,
  title={The capacity for moral self-correction in large language models},
  author={Ganguli, Deep and Askell, Amanda and Schiefer, Nicholas and Liao, Thomas I and Luko{\v{s}}i{\=u}t{\.e}, Kamil{\.e} and Chen, Anna and Goldie, Anna and Mirhoseini, Azalia and Olsson, Catherine and Hernandez, Danny and others},
  journal={arXiv preprint arXiv:2302.07459},
  year={2023}
}

@inproceedings{hershcovich-etal-2022-challenges,
	title = "Challenges and Strategies in Cross-Cultural {NLP}",
	author = "Hershcovich, Daniel  and
	  Frank, Stella  and
	  Lent, Heather  and
	  de Lhoneux, Miryam  and
	  Abdou, Mostafa  and
	  Brandl, Stephanie  and
	  Bugliarello, Emanuele  and
	  Cabello Piqueras, Laura  and
	  Chalkidis, Ilias  and
	  Cui, Ruixiang  and
	  Fierro, Constanza  and
	  Margatina, Katerina  and
	  Rust, Phillip  and
	  S{\o}gaard, Anders",
	editor = "Muresan, Smaranda  and
	  Nakov, Preslav  and
	  Villavicencio, Aline",
	booktitle = ACL:2022:long,
	month = may,
	year = "2022",
	address = "Dublin, Ireland",
	publisher = acl,
	url = anth # {2022.acl-long.482},
	doi = "10.18653/v1/2022.acl-long.482",
	pages = "6997--7013",
}

@inproceedings{huang-yang-2023-culturally,
	title = "Culturally Aware Natural Language Inference",
	author = "Huang, Jing  and
	  Yang, Diyi",
	editor = "Bouamor, Houda  and
	  Pino, Juan  and
	  Bali, Kalika",
	booktitle = FINDINGS:2023:emnlp,
	month = dec,
	year = "2023",
	address = "Singapore",
	publisher = acl,
	url = anth # {2023.findings-emnlp.509},
	doi = "10.18653/v1/2023.findings-emnlp.509",
	pages = "7591--7609",
}

@article{kasper2010language,
  title={Language and culture},
  author={Kasper, Gabriele and Omori, Makoto},
  journal={Sociolinguistics and language education},
  volume={17},
  pages={454},
  year={2010},
  publisher={Multilingual Matters Bristol, UK}
}

@article{li2024culture,
  title={CULTURE-GEN: Revealing Global Cultural Perception in Language Models through Natural Language Prompting},
  author={Li, Huihan and Jiang, Liwei and Dziri, Nouha and Ren, Xiang and Choi, Yejin},
  journal={arXiv preprint arXiv:2404.10199},
  year={2024}
}

@inproceedings{nguyen2023extracting,
  title={Extracting cultural commonsense knowledge at scale},
  author={Nguyen, Tuan-Phong and Razniewski, Simon and Varde, Aparna and Weikum, Gerhard},
  booktitle={Proceedings of the ACM Web Conference 2023},
  pages={1907--1917},
  year={2023}
}

@article{romero2024cvqa,
  title={CVQA: Culturally-diverse Multilingual Visual Question Answering Benchmark},
  author={Romero, David and Lyu, Chenyang and Wibowo, Haryo Akbarianto and Lynn, Teresa and Hamed, Injy and Kishore, Aditya Nanda and Mandal, Aishik and Dragonetti, Alina and Abzaliev, Artem and Tonja, Atnafu Lambebo and others},
  journal={arXiv preprint arXiv:2406.05967},
  year={2024}
}

@article{scherrer2024evaluating,
  title={Evaluating the moral beliefs encoded in llms},
  author={Scherrer, Nino and Shi, Claudia and Feder, Amir and Blei, David},
  journal={Advances in Neural Information Processing Systems},
  volume={36},
  year={2024}
}

@article{shankar2017no,
  title={No classification without representation: Assessing geodiversity issues in open data sets for the developing world},
  author={Shankar, Shreya and Halpern, Yoni and Breck, Eric and Atwood, James and Wilson, Jimbo and Sculley, D},
  journal={arXiv preprint arXiv:1711.08536},
  year={2017}
}

@article{ventura2023navigating,
  title={Navigating Cultural Chasms: Exploring and Unlocking the Cultural POV of Text-To-Image Models},
  author={Ventura, Mor and Ben-David, Eyal and Korhonen, Anna and Reichart, Roi},
  journal={arXiv preprint arXiv:2310.01929},
  year={2023}
}

@article{wibowo2023copal,
  title={Copal-id: Indonesian language reasoning with local culture and nuances},
  author={Wibowo, Haryo Akbarianto and Fuadi, Erland Hilman and Nityasya, Made Nindyatama and Prasojo, Radityo Eko and Aji, Alham Fikri},
  journal={arXiv preprint arXiv:2311.01012},
  year={2023}
}

@article{zhao2024worldvaluesbench,
  title={WorldValuesBench: A Large-Scale Benchmark Dataset for Multi-Cultural Value Awareness of Language Models},
  author={Zhao, Wenlong and Mondal, Debanjan and Tandon, Niket and Dillion, Danica and Gray, Kurt and Gu, Yuling},
  journal={arXiv preprint arXiv:2404.16308},
  year={2024}
}

