@inproceedings{AvrithisKAE15,
  author       = {Yannis Avrithis and
                  Yannis Kalantidis and
                  Evangelos Anagnostopoulos and
                  Ioannis Z. Emiris},
  title        = {Web-Scale Image Clustering Revisited},
  booktitle    = {2015 {IEEE} International Conference on Computer Vision, {ICCV} 2015,
                  Santiago, Chile, December 7-13, 2015},
  pages        = {1502--1510},
  publisher    = {{IEEE} Computer Society},
  year         = {2015},
  url          = {https://doi.org/10.1109/ICCV.2015.176},
  doi          = {10.1109/ICCV.2015.176},
  timestamp    = {Thu, 23 Mar 2023 23:57:44 +0100},
  biburl       = {https://dblp.org/rec/conf/iccv/AvrithisKAE15.bib},
  bibsource    = {dblp computer science bibliography, https://dblp.org}
}

@inproceedings{DasguptaF08,
  author       = {Sanjoy Dasgupta and
                  Yoav Freund},
  editor       = {Cynthia Dwork},
  title        = {Random projection trees and low dimensional manifolds},
  booktitle    = {Proceedings of the 40th Annual {ACM} Symposium on Theory of Computing,
                  Victoria, British Columbia, Canada, May 17-20, 2008},
  pages        = {537--546},
  publisher    = {{ACM}},
  year         = {2008},
  url          = {https://doi.org/10.1145/1374376.1374452},
  doi          = {10.1145/1374376.1374452},
  timestamp    = {Tue, 06 Nov 2018 11:07:04 +0100},
  biburl       = {https://dblp.org/rec/conf/stoc/DasguptaF08.bib},
  bibsource    = {dblp computer science bibliography, https://dblp.org}
}

@inproceedings{GongPYBBF15,
  author       = {Yunchao Gong and
                  Marcin Pawlowski and
                  Fei Yang and
                  Louis Brandy and
                  Lubomir D. Bourdev and
                  Rob Fergus},
  title        = {Web scale photo hash clustering on a single machine},
  booktitle    = {{IEEE} Conference on Computer Vision and Pattern Recognition, {CVPR}
                  2015, Boston, MA, USA, June 7-12, 2015},
  pages        = {19--27},
  publisher    = {{IEEE} Computer Society},
  year         = {2015},
  url          = {https://doi.org/10.1109/CVPR.2015.7298596},
  doi          = {10.1109/CVPR.2015.7298596},
  timestamp    = {Fri, 24 Mar 2023 00:03:00 +0100},
  biburl       = {https://dblp.org/rec/conf/cvpr/GongPYBBF15.bib},
  bibsource    = {dblp computer science bibliography, https://dblp.org}
}

@inproceedings{HuWBZC17,
  author       = {Qinghao Hu and
                  Jiaxiang Wu and
                  Lu Bai and
                  Yifan Zhang and
                  Jian Cheng},
  editor       = {Ee{-}Peng Lim and
                  Marianne Winslett and
                  Mark Sanderson and
                  Ada Wai{-}Chee Fu and
                  Jimeng Sun and
                  J. Shane Culpepper and
                  Eric Lo and
                  Joyce C. Ho and
                  Debora Donato and
                  Rakesh Agrawal and
                  Yu Zheng and
                  Carlos Castillo and
                  Aixin Sun and
                  Vincent S. Tseng and
                  Chenliang Li},
  title        = {Fast K-means for Large Scale Clustering},
  booktitle    = {Proceedings of the 2017 {ACM} on Conference on Information and Knowledge
                  Management, {CIKM} 2017, Singapore, November 06 - 10, 2017},
  pages        = {2099--2102},
  publisher    = {{ACM}},
  year         = {2017},
  url          = {https://doi.org/10.1145/3132847.3133091},
  doi          = {10.1145/3132847.3133091},
  timestamp    = {Tue, 29 Aug 2023 16:24:43 +0200},
  biburl       = {https://dblp.org/rec/conf/cikm/HuWBZC17.bib},
  bibsource    = {dblp computer science bibliography, https://dblp.org}
}

@inproceedings{MatsuiOYA17,
  author       = {Yusuke Matsui and
                  Keisuke Ogaki and
                  Toshihiko Yamasaki and
                  Kiyoharu Aizawa},
  editor       = {Qiong Liu and
                  Rainer Lienhart and
                  Haohong Wang and
                  Sheng{-}Wei "Kuan{-}Ta" Chen and
                  Susanne Boll and
                  Yi{-}Ping Phoebe Chen and
                  Gerald Friedland and
                  Jia Li and
                  Shuicheng Yan},
  title        = {PQk-means: Billion-scale Clustering for Product-quantized Codes},
  booktitle    = {Proceedings of the 2017 {ACM} on Multimedia Conference, {MM} 2017,
                  Mountain View, CA, USA, October 23-27, 2017},
  pages        = {1725--1733},
  publisher    = {{ACM}},
  year         = {2017},
  url          = {https://doi.org/10.1145/3123266.3123430},
  doi          = {10.1145/3123266.3123430},
  timestamp    = {Tue, 30 Jul 2024 20:52:04 +0200},
  biburl       = {https://dblp.org/rec/conf/mm/MatsuiOYA17.bib},
  bibsource    = {dblp computer science bibliography, https://dblp.org}
}

@inproceedings{PhilbinCISZ07,
  author       = {James Philbin and
                  Ondrej Chum and
                  Michael Isard and
                  Josef Sivic and
                  Andrew Zisserman},
  title        = {Object retrieval with large vocabularies and fast spatial matching},
  booktitle    = {2007 {IEEE} Computer Society Conference on Computer Vision and Pattern
                  Recognition {(CVPR} 2007), 18-23 June 2007, Minneapolis, Minnesota,
                  {USA}},
  publisher    = {{IEEE} Computer Society},
  year         = {2007},
  url          = {https://doi.org/10.1109/CVPR.2007.383172},
  doi          = {10.1109/CVPR.2007.383172},
  timestamp    = {Fri, 24 Mar 2023 00:02:54 +0100},
  biburl       = {https://dblp.org/rec/conf/cvpr/PhilbinCISZ07.bib},
  bibsource    = {dblp computer science bibliography, https://dblp.org}
}

@inproceedings{Sculley10,
  author       = {D. Sculley},
  editor       = {Michael Rappa and
                  Paul Jones and
                  Juliana Freire and
                  Soumen Chakrabarti},
  title        = {Web-scale k-means clustering},
  booktitle    = {Proceedings of the 19th International Conference on World Wide Web,
                  {WWW} 2010, Raleigh, North Carolina, USA, April 26-30, 2010},
  pages        = {1177--1178},
  publisher    = {{ACM}},
  year         = {2010},
  url          = {https://doi.org/10.1145/1772690.1772862},
  doi          = {10.1145/1772690.1772862},
  timestamp    = {Tue, 06 Nov 2018 16:57:09 +0100},
  biburl       = {https://dblp.org/rec/conf/www/Sculley10.bib},
  bibsource    = {dblp computer science bibliography, https://dblp.org}
}

@incollection{WangWKZL15,
  author       = {Jingdong Wang and
                  Jing Wang and
                  Qifa Ke and
                  Gang Zeng and
                  Shipeng Li},
  editor       = {Aaron K. Baughman and
                  Jiang John Gao and
                  Jia{-}Yu Pan and
                  Valery A. Petrushin},
  title        = {Fast Approximate K-Means via Cluster Closures},
  booktitle    = {Multimedia Data Mining and Analytics - Disruptive Innovation},
  pages        = {373--395},
  publisher    = {Springer},
  year         = {2015},
  url          = {https://doi.org/10.1007/978-3-319-14998-1\_17},
  doi          = {10.1007/978-3-319-14998-1\_17},
  timestamp    = {Thu, 25 Mar 2021 13:19:43 +0100},
  biburl       = {https://dblp.org/rec/books/sp/15/WangWKZL15.bib},
  bibsource    = {dblp computer science bibliography, https://dblp.org}
}

@article{aumuller2020ann,
  title={ANN-Benchmarks: A benchmarking tool for approximate nearest neighbor algorithms},
  author={Aum{\"u}ller, Martin and Bernhardsson, Erik and Faithfull, Alexander},
  journal={Information Systems},
  volume={87},
  pages={101374},
  year={2020},
  publisher={Elsevier},
  url={https://github.com/erikbern/ann-benchmarks/}
}

@inproceedings{baranchuk2018revisiting,
  title={Revisiting the inverted indices for billion-scale approximate nearest neighbors},
  author={Baranchuk, Dmitry and Babenko, Artem and Malkov, Yury},
  booktitle={Proceedings of the European Conference on Computer Vision (ECCV)},
  pages={202--216},
  year={2018}
}

@ARTICLE{kmnpsw-ekmca-02,
  author={Kanungo, T. and Mount, D.M. and Netanyahu, N.S. and Piatko, C.D. and Silverman, R. and Wu, A.Y.},
  journal={IEEE Transactions on Pattern Analysis and Machine Intelligence}, 
  title={An efficient k-means clustering algorithm: analysis and implementation}, 
  year={2002},
  volume={24},
  number={7},
  pages={881-892},
  keywords={Clustering algorithms;Algorithm design and analysis;Iterative algorithms;Filtering algorithms;Machine learning algorithms;Data compression;Pattern recognition;Data mining;Data structures;Data analysis},
  doi={10.1109/TPAMI.2002.1017616}
}

@article{lshsurvey,
  author       = {Omid Jafari and
                  Preeti Maurya and
                  Parth Nagarkar and
                  Khandker Mushfiqul Islam and
                  Chidambaram Crushev},
  title        = {A Survey on Locality Sensitive Hashing Algorithms and their Applications},
  journal      = {CoRR},
  volume       = {abs/2102.08942},
  year         = {2021},
  url          = {https://arxiv.org/abs/2102.08942},
  eprinttype    = {arXiv},
  eprint       = {2102.08942},
  timestamp    = {Fri, 19 Feb 2021 11:02:14 +0100},
  biburl       = {https://dblp.org/rec/journals/corr/abs-2102-08942.bib},
  bibsource    = {dblp computer science bibliography, https://dblp.org}
}

@misc{usearch,
doi = {10.5281/zenodo.7949416},
author = {Vardanian, Ash},
title = {{USearch}},
url = {https://github.com/unum-cloud/usearch},
version = {2.12.0},
year = {2023},
month = oct,
}

@article{yu2023pecann,
  title={Pecann: Parallel efficient clustering with graph-based approximate nearest neighbor search},
  author={Yu, Shangdi and Engels, Joshua and Huang, Yihao and Shun, Julian},
  journal={arXiv preprint arXiv:2312.03940},
  year={2023}
}

@phdthesis{yu2024parallel,
  title={Parallel Algorithms, Optimizations, and Benchmarks for Metric and Graph Clustering},
  author={Yu, Shangdi},
  year={2024},
  school={Massachusetts Institute of Technology},
  url={https://hdl.handle.net/1721.1/156653}
}

