@article {l-lsqpcm-82,
    AUTHOR = {Lloyd, Stuart P.},
     TITLE = {Least squares quantization in {PCM}},
   JOURNAL = {IEEE Trans. Inform. Theory},
  FJOURNAL = {Institute of Electrical and Electronics Engineers.
              Transactions on Information Theory},
    VOLUME = {28},
      YEAR = {1982},
    NUMBER = {2},
     PAGES = {129--137},
      ISSN = {0018-9448},
   MRCLASS = {94A34},
  MRNUMBER = {651807},
MRREVIEWER = {John L. Brown, Jr.},
       DOI = {10.1109/TIT.1982.1056489},
       URL = {https://doi.org/10.1109/TIT.1982.1056489},
}

@INPROCEEDINGS{av-kmeanpp-06,
  author={Arthur, David and Vassilvitskii, Sergei},
  booktitle={2006 47th Annual IEEE Symposium on Foundations of Computer Science (FOCS'06)}, 
  title={Worst-case and Smoothed Analysis of the ICP Algorithm, with an Application to the k-means Method}, 
  year={2006},
  volume={},
  number={},
  pages={153-164},
  keywords={Algorithm design and analysis;Iterative closest point algorithm;Iterative algorithms;Upper bound;Polynomials;Niobium;Iterative methods;Computational geometry;Nearest neighbor searches;Performance analysis},
  doi={10.1109/FOCS.2006.79}
}

@article{bmvkv-skmeanpp-12,
    author = {Bahmani, Bahman and Moseley, Benjamin and Vattani, Andrea and Kumar, Ravi and Vassilvitskii, Sergei},
    title = {Scalable k-means++},
    year = {2012},
    issue_date = {March 2012},
    publisher = {VLDB Endowment},
    volume = {5},
    number = {7},
    issn = {2150-8097},
    url = {https://doi.org/10.14778/2180912.2180915},
    doi = {10.14778/2180912.2180915},
    journal = {Proc. VLDB Endow.},
    month = {mar},
    pages = {622–633},
    numpages = {12}
}

@inproceedings{av-kmeanslow-06,
    author = {Arthur, David and Vassilvitskii, Sergei},
    title = {How slow is the k-means method?},
    year = {2006},
    isbn = {1595933409},
    publisher = {Association for Computing Machinery},
    address = {New York, NY, USA},
    url = {https://doi.org/10.1145/1137856.1137880},
    doi = {10.1145/1137856.1137880},
    booktitle = {Proceedings of the Twenty-Second Annual Symposium on Computational Geometry},
    pages = {144–153},
    numpages = {10},
    keywords = {lower bounds, local search, k-means},
    location = {Sedona, Arizona, USA},
    series = {SCG '06}
}

@inproceedings{torch-19,
  author       = {Adam Paszke and
                  Sam Gross and
                  Francisco Massa and
                  Adam Lerer and
                  James Bradbury and
                  Gregory Chanan and
                  Trevor Killeen and
                  Zeming Lin and
                  Natalia Gimelshein and
                  Luca Antiga and
                  Alban Desmaison and
                  Andreas K{\"{o}}pf and
                  Edward Z. Yang and
                  Zachary DeVito and
                  Martin Raison and
                  Alykhan Tejani and
                  Sasank Chilamkurthy and
                  Benoit Steiner and
                  Lu Fang and
                  Junjie Bai and
                  Soumith Chintala},
  editor       = {Hanna M. Wallach and
                  Hugo Larochelle and
                  Alina Beygelzimer and
                  Florence d'Alch{\'{e}}{-}Buc and
                  Emily B. Fox and
                  Roman Garnett},
  title        = {PyTorch: An Imperative Style, High-Performance Deep Learning Library},
  booktitle    = {Advances in Neural Information Processing Systems 32: Annual Conference
                  on Neural Information Processing Systems 2019, NeurIPS 2019, December
                  8-14, 2019, Vancouver, BC, Canada},
  pages        = {8024--8035},
  year         = {2019},
  url          = {https://proceedings.neurips.cc/paper/2019/hash/bdbca288fee7f92f2bfa9f7012727740-Abstract.html},
  timestamp    = {Mon, 16 May 2022 15:41:51 +0200},
  biburl       = {https://dblp.org/rec/conf/nips/PaszkeGMLBCKLGA19.bib},
  bibsource    = {dblp computer science bibliography, https://dblp.org}
}

@article{scikit-learn,
  title={Scikit-learn: Machine Learning in {P}ython},
  author={Pedregosa, F. and Varoquaux, G. and Gramfort, A. and Michel, V.
          and Thirion, B. and Grisel, O. and Blondel, M. and Prettenhofer, P.
          and Weiss, R. and Dubourg, V. and Vanderplas, J. and Passos, A. and
          Cournapeau, D. and Brucher, M. and Perrot, M. and Duchesnay, E.},
  journal={Journal of Machine Learning Research},
  volume={12},
  pages={2825--2830},
  year={2011}
}

@ARTICLE{jds-pqnns-11,
  author={Jégou, Herve and Douze, Matthijs and Schmid, Cordelia},
  journal={IEEE Transactions on Pattern Analysis and Machine Intelligence}, 
  title={Product Quantization for Nearest Neighbor Search}, 
  year={2011},
  volume={33},
  number={1},
  pages={117-128},
  keywords={Quantization;Nearest neighbor searches;Indexing;Neural networks;Euclidean distance;File systems;Scalability;Image databases;Permission;Electronic mail;High-dimensional indexing;image indexing;very large databases;approximate search.},
  doi={10.1109/TPAMI.2010.57}
}

@inproceedings{jtda-sobv-11,
  author       = {Herv{\'{e}} J{\'{e}}gou and
                  Romain Tavenard and
                  Matthijs Douze and
                  Laurent Amsaleg},
  title        = {Searching in one billion vectors: Re-rank with source coding},
  booktitle    = {Proceedings of the {IEEE} International Conference on Acoustics, Speech,
                  and Signal Processing, {ICASSP} 2011, May 22-27, 2011, Prague Congress
                  Center, Prague, Czech Republic},
  pages        = {861--864},
  publisher    = {{IEEE}},
  year         = {2011},
  url          = {https://doi.org/10.1109/ICASSP.2011.5946540},
  doi          = {10.1109/ICASSP.2011.5946540},
  timestamp    = {Wed, 24 Jul 2019 16:34:30 +0200},
  biburl       = {https://dblp.org/rec/conf/icassp/JegouTDA11.bib},
  bibsource    = {dblp computer science bibliography, https://dblp.org}
}

@article{pooch-20,
    doi = {10.21105/joss.01943},
    url = {https://doi.org/10.21105/joss.01943},
    year = {2020},
    publisher = {The Open Journal},
    volume = {5},
    number = {45},
    pages = {1943},
    author = {Leonardo Uieda and Santiago Rubén Soler and Rémi Rampin and Hugo van Kemenade and Matthew Turk and Daniel Shapero and Anderson Banihirwe and John Leeman},
    title = {Pooch: A friend to fetch your data files}, 
    journal = {Journal of Open Source Software}
} 

@article{kmeans-survey-23,
	title = {K-means clustering algorithms: A comprehensive review, variants analysis, and advances in the era of big data},
	journal = {Information Sciences},
	volume = {622},
	pages = {178-210},
	year = {2023},
	issn = {0020-0255},
	doi = {https://doi.org/10.1016/j.ins.2022.11.139},
	url = {https://www.sciencedirect.com/science/article/pii/S0020025522014633},
	author = {Abiodun M. Ikotun and Absalom E. Ezugwu and Laith Abualigah and Belal Abuhaija and Jia Heming},
	keywords = {K-means, K-means variants, Clustering algorithm, Modified k-means, Improved k-means, Perspectives on big data clustering, Big data clustering},
}

@InProceedings{yandex-ann-dataset-21,
  title = 	 {Results of the NeurIPS{’}21 Challenge on Billion-Scale Approximate Nearest Neighbor Search},
  author =       {Simhadri, Harsha Vardhan and Williams, George and Aum\"uller, Martin and Douze, Matthijs and Babenko, Artem and Baranchuk, Dmitry and Chen, Qi and Hosseini, Lucas and Krishnaswamny, Ravishankar and Srinivasa, Gopal and Subramanya, Suhas Jayaram and Wang, Jingdong},
  booktitle = 	 {Proceedings of the NeurIPS 2021 Competitions and Demonstrations Track},
  pages = 	 {177--189},
  year = 	 {2022},
  editor = 	 {Kiela, Douwe and Ciccone, Marco and Caputo, Barbara},
  volume = 	 {176},
  series = 	 {Proceedings of Machine Learning Research},
  month = 	 {06--14 Dec},
  publisher =    {PMLR},
  pdf = 	 {https://proceedings.mlr.press/v176/simhadri22a/simhadri22a.pdf},
  url = 	 {https://proceedings.mlr.press/v176/simhadri22a.html}
}

@article{adhp-nphessc-09,
  author       = {Daniel Aloise and
                  Amit Deshpande and
                  Pierre Hansen and
                  Preyas Popat},
  title        = {NP-hardness of Euclidean sum-of-squares clustering},
  journal      = {Mach. Learn.},
  volume       = {75},
  number       = {2},
  pages        = {245--248},
  year         = {2009},
  url          = {https://doi.org/10.1007/s10994-009-5103-0},
  doi          = {10.1007/S10994-009-5103-0},
  timestamp    = {Mon, 02 Mar 2020 16:30:01 +0100},
  biburl       = {https://dblp.org/rec/journals/ml/AloiseDHP09.bib},
  bibsource    = {dblp computer science bibliography, https://dblp.org}
}

% Spherical K-means
@article{dhillon2001concept,
  title={Concept decompositions for large sparse text data using clustering},
  author={Dhillon, Inderjit S and Modha, Dharmendra S},
  journal={Machine learning},
  volume={42},
  pages={143--175},
  year={2001},
  publisher={Springer}
}

% Inner-product distance K-means, i.e. scann
@inproceedings{guo2020accelerating,
  title={Accelerating large-scale inference with anisotropic vector quantization},
  author={Guo, Ruiqi and Sun, Philip and Lindgren, Erik and Geng, Quan and Simcha, David and Chern, Felix and Kumar, Sanjiv},
  booktitle={International Conference on Machine Learning},
  pages={3887--3896},
  year={2020},
  organization={PMLR}
}

% k-means++, i.e. log factor approximation
@inproceedings{arthur2007k,
  title={k-means++: The advantages of careful seeding},
  author={Arthur, David and Vassilvitskii, Sergei and others},
  booktitle={Soda},
  volume={7},
  pages={1027--1035},
  year={2007}
}

% Multi-swap k-means++
@article{beretta2024multi,
  title={Multi-Swap k-Means++},
  author={Beretta, Lorenzo and Cohen-Addad, Vincent and Lattanzi, Silvio and Parotsidis, Nikos},
  journal={Advances in Neural Information Processing Systems},
  volume={36},
  year={2024}
}

% ANN-Benchmarks
@article{aumuller2020ann,
  title={ANN-Benchmarks: A benchmarking tool for approximate nearest neighbor algorithms},
  author={Aum{\"u}ller, Martin and Bernhardsson, Erik and Faithfull, Alexander},
  journal={Information Systems},
  volume={87},
  pages={101374},
  year={2020},
  publisher={Elsevier},
  url={https://github.com/erikbern/ann-benchmarks/}
}

% ParlayANN
@inproceedings{manohar2024parlayann,
  title={ParlayANN: Scalable and Deterministic Parallel Graph-Based Approximate Nearest Neighbor Search Algorithms},
  author={Manohar, Magdalen Dobson and Shen, Zheqi and Blelloch, Guy and Dhulipala, Laxman and Gu, Yan and Simhadri, Harsha Vardhan and Sun, Yihan},
  booktitle={Proceedings of the 29th ACM SIGPLAN Annual Symposium on Principles and Practice of Parallel Programming},
  pages={270--285},
  year={2024}
}

% HNSW
@article{malkov2018efficient,
  title={Efficient and robust approximate nearest neighbor search using hierarchical navigable small world graphs},
  author={Malkov, Yu A and Yashunin, Dmitry A},
  journal={IEEE transactions on pattern analysis and machine intelligence},
  volume={42},
  number={4},
  pages={824--836},
  year={2018},
  publisher={IEEE}
}

% Xbox inner product (conversions between ANN metrics)
@inproceedings{bachrach2014speeding,
  title={Speeding up the xbox recommender system using a euclidean transformation for inner-product spaces},
  author={Bachrach, Yoram and Finkelstein, Yehuda and Gilad-Bachrach, Ran and Katzir, Liran and Koenigstein, Noam and Nice, Nir and Paquet, Ulrich},
  booktitle={Proceedings of the 8th ACM Conference on Recommender systems},
  pages={257--264},
  year={2014}
}

%k-means enhanced w/ kd-tree
@ARTICLE{kmnpsw-ekmca-02,
  author={Kanungo, T. and Mount, D.M. and Netanyahu, N.S. and Piatko, C.D. and Silverman, R. and Wu, A.Y.},
  journal={IEEE Transactions on Pattern Analysis and Machine Intelligence}, 
  title={An efficient k-means clustering algorithm: analysis and implementation}, 
  year={2002},
  volume={24},
  number={7},
  pages={881-892},
  keywords={Clustering algorithms;Algorithm design and analysis;Iterative algorithms;Filtering algorithms;Machine learning algorithms;Data compression;Pattern recognition;Data mining;Data structures;Data analysis},
  doi={10.1109/TPAMI.2002.1017616}
}

@inproceedings{v-kmemip-09,
  author       = {Andrea Vattani},
  editor       = {John Hershberger and
                  Efi Fogel},
  title        = {k-means requires exponentially many iterations even in the plane},
  booktitle    = {Proceedings of the 25th {ACM} Symposium on Computational Geometry,
                  Aarhus, Denmark, June 8-10, 2009},
  pages        = {324--332},
  publisher    = {{ACM}},
  year         = {2009},
  url          = {https://doi.org/10.1145/1542362.1542419},
  doi          = {10.1145/1542362.1542419},
  timestamp    = {Mon, 14 Jun 2021 16:24:57 +0200},
  biburl       = {https://dblp.org/rec/conf/compgeom/Vattani09.bib},
  bibsource    = {dblp computer science bibliography, https://dblp.org}
}

@Inbook{hd-alakmc-15,
author="Hamerly, Greg
and Drake, Jonathan",
_editor="Celebi, M. Emre",
title="Accelerating Lloyd's Algorithm for k-Means Clustering",
bookTitle="Partitional Clustering Algorithms",
year="2015",
publisher="Springer International Publishing",
address="Cham",
pages="41--78",
isbn="978-3-319-09259-1",
doi="10.1007/978-3-319-09259-1_2",
url="https://doi.org/10.1007/978-3-319-09259-1_2"
}



% Disk ANN
@article{jayaram2019diskann,
  title={Diskann: Fast accurate billion-point nearest neighbor search on a single node},
  author={Jayaram Subramanya, Suhas and Devvrit, Fnu and Simhadri, Harsha Vardhan and Krishnawamy, Ravishankar and Kadekodi, Rohan},
  journal={Advances in Neural Information Processing Systems},
  volume={32},
  year={2019}
}

@article{faiss-24,
  author       = {Matthijs Douze and
                  Alexandr Guzhva and
                  Chengqi Deng and
                  Jeff Johnson and
                  Gergely Szilvasy and
                  Pierre{-}Emmanuel Mazar{\'{e}} and
                  Maria Lomeli and
                  Lucas Hosseini and
                  Herv{\'{e}} J{\'{e}}gou},
  title        = {The Faiss library},
  journal      = {CoRR},
  volume       = {abs/2401.08281},
  year         = {2024},
  url          = {https://doi.org/10.48550/arXiv.2401.08281},
  doi          = {10.48550/ARXIV.2401.08281},
  eprinttype    = {arXiv},
  eprint       = {2401.08281},
  timestamp    = {Thu, 01 Feb 2024 15:35:36 +0100},
  biburl       = {https://dblp.org/rec/journals/corr/abs-2401-08281.bib},
  bibsource    = {dblp computer science bibliography, https://dblp.org}
}

 @MISC{eigen-10,
  author = {Ga\"{e}l Guennebaud and Beno\^{i}t Jacob and others},
  title = {Eigen v3},
  howpublished = {http://eigen.tuxfamily.org},
  year = {2010}
 }

% Generator of image part of text-to-image
@article{HuSASW20,
  author       = {Jie Hu and
                  Li Shen and
                  Samuel Albanie and
                  Gang Sun and
                  Enhua Wu},
  title        = {Squeeze-and-Excitation Networks},
  journal      = {{IEEE} Trans. Pattern Anal. Mach. Intell.},
  volume       = {42},
  number       = {8},
  pages        = {2011--2023},
  year         = {2020},
  url          = {https://doi.org/10.1109/TPAMI.2019.2913372},
  doi          = {10.1109/TPAMI.2019.2913372},
  timestamp    = {Mon, 30 Oct 2023 15:32:59 +0100},
  biburl       = {https://dblp.org/rec/journals/pami/HuSASW20.bib},
  bibsource    = {dblp computer science bibliography, https://dblp.org}
}
% generator of text part of text to image
@inproceedings{HuangHGDAH13,
  author       = {Po{-}Sen Huang and
                  Xiaodong He and
                  Jianfeng Gao and
                  Li Deng and
                  Alex Acero and
                  Larry P. Heck},
  editor       = {Qi He and
                  Arun Iyengar and
                  Wolfgang Nejdl and
                  Jian Pei and
                  Rajeev Rastogi},
  title        = {Learning deep structured semantic models for web search using clickthrough
                  data},
  booktitle    = {22nd {ACM} International Conference on Information and Knowledge Management,
                  CIKM'13, San Francisco, CA, USA, October 27 - November 1, 2013},
  pages        = {2333--2338},
  publisher    = {{ACM}},
  year         = {2013},
  url          = {https://doi.org/10.1145/2505515.2505665},
  doi          = {10.1145/2505515.2505665},
  timestamp    = {Thu, 11 Apr 2024 13:33:57 +0200},
  biburl       = {https://dblp.org/rec/conf/cikm/HuangHGDAH13.bib},
  bibsource    = {dblp computer science bibliography, https://dblp.org}
}

% Pecann preprint
@article{yu2023pecann,
  title={Pecann: Parallel efficient clustering with graph-based approximate nearest neighbor search},
  author={Yu, Shangdi and Engels, Joshua and Huang, Yihao and Shun, Julian},
  journal={arXiv preprint arXiv:2312.03940},
  year={2023}
}

% SIFT format label
@article{Lowe04,
  author       = {David G. Lowe},
  title        = {Distinctive Image Features from Scale-Invariant Keypoints},
  journal      = {Int. J. Comput. Vis.},
  volume       = {60},
  number       = {2},
  pages        = {91--110},
  year         = {2004},
  url          = {https://doi.org/10.1023/B:VISI.0000029664.99615.94},
  doi          = {10.1023/B:VISI.0000029664.99615.94},
  timestamp    = {Fri, 13 Mar 2020 10:59:31 +0100},
  biburl       = {https://dblp.org/rec/journals/ijcv/Lowe04.bib},
  bibsource    = {dblp computer science bibliography, https://dblp.org}
}

% USearch
@misc{usearch,
doi = {10.5281/zenodo.7949416},
author = {Vardanian, Ash},
title = {{USearch}},
url = {https://github.com/unum-cloud/usearch},
version = {2.12.0},
year = {2023},
month = oct,
}
% perf
@misc{KDAB_perf,
author = {KDAB},
title = {{Hotspot}},
url = {https://github.com/KDAB/hotspot},
version = {1.3.0-2},
year = {2020},
month = aug,
}




%lower bound for exact high dim nns
@inproceedings{BorodinOR99,
  author       = {Allan Borodin and
                  Rafail Ostrovsky and
                  Yuval Rabani},
  editor       = {Jeffrey Scott Vitter and
                  Lawrence L. Larmore and
                  Frank Thomson Leighton},
  title        = {Lower Bounds for High Dimensional Nearest Neighbor Search and Related
                  Problems},
  booktitle    = {Proceedings of the Thirty-First Annual {ACM} Symposium on Theory of
                  Computing, May 1-4, 1999, Atlanta, Georgia, {USA}},
  pages        = {312--321},
  publisher    = {{ACM}},
  year         = {1999},
  url          = {https://doi.org/10.1145/301250.301330},
  doi          = {10.1145/301250.301330},
  timestamp    = {Tue, 06 Nov 2018 11:07:04 +0100},
  biburl       = {https://dblp.org/rec/conf/stoc/BorodinOR99.bib},
  bibsource    = {dblp computer science bibliography, https://dblp.org}
}
%lower bound for approx high dim nns
@article{Liu04a,
  author       = {Ding Liu},
  title        = {A strong lower bound for approximate nearest neighbor searching},
  journal      = {Inf. Process. Lett.},
  volume       = {92},
  number       = {1},
  pages        = {23--29},
  year         = {2004},
  url          = {https://doi.org/10.1016/j.ipl.2004.06.001},
  doi          = {10.1016/J.IPL.2004.06.001},
  timestamp    = {Fri, 26 May 2017 22:54:45 +0200},
  biburl       = {https://dblp.org/rec/journals/ipl/Liu04a.bib},
  bibsource    = {dblp computer science bibliography, https://dblp.org}
}

@inproceedings{ZhaoTL20,
  author       = {Weijie Zhao and
                  Shulong Tan and
                  Ping Li},
  title        = {{SONG:} Approximate Nearest Neighbor Search on {GPU}},
  booktitle    = {36th {IEEE} International Conference on Data Engineering, {ICDE} 2020,
                  Dallas, TX, USA, April 20-24, 2020},
  pages        = {1033--1044},
  publisher    = {{IEEE}},
  year         = {2020},
  url          = {https://doi.org/10.1109/ICDE48307.2020.00094},
  doi          = {10.1109/ICDE48307.2020.00094},
  timestamp    = {Sun, 02 Oct 2022 16:04:38 +0200},
  biburl       = {https://dblp.org/rec/conf/icde/ZhaoTL20.bib},
  bibsource    = {dblp computer science bibliography, https://dblp.org}
}

@inproceedings{OotomoNNWFW24,
  author       = {Hiroyuki Ootomo and
                  Akira Naruse and
                  Corey Nolet and
                  Ray Wang and
                  Tamas Feher and
                  Yong Wang},
  title        = {{CAGRA:} Highly Parallel Graph Construction and Approximate Nearest
                  Neighbor Search for GPUs},
  booktitle    = {40th {IEEE} International Conference on Data Engineering, {ICDE} 2024,
                  Utrecht, The Netherlands, May 13-16, 2024},
  pages        = {4236--4247},
  publisher    = {{IEEE}},
  year         = {2024},
  url          = {https://doi.org/10.1109/ICDE60146.2024.00323},
  doi          = {10.1109/ICDE60146.2024.00323},
  timestamp    = {Fri, 02 Aug 2024 21:41:46 +0200},
  biburl       = {https://dblp.org/rec/conf/icde/OotomoNNWFW24.bib},
  bibsource    = {dblp computer science bibliography, https://dblp.org}
}

@article{GrohRWL23,
  author       = {Fabian Groh and
                  Lukas Ruppert and
                  Patrick Wieschollek and
                  Hendrik P. A. Lensch},
  title        = {{GGNN:} Graph-Based {GPU} Nearest Neighbor Search},
  journal      = {{IEEE} Trans. Big Data},
  volume       = {9},
  number       = {1},
  pages        = {267--279},
  year         = {2023},
  url          = {https://doi.org/10.1109/TBDATA.2022.3161156},
  doi          = {10.1109/TBDATA.2022.3161156},
  timestamp    = {Fri, 10 Feb 2023 23:34:31 +0100},
  biburl       = {https://dblp.org/rec/journals/tbd/GrohRWL23.bib},
  bibsource    = {dblp computer science bibliography, https://dblp.org}
}


@inproceedings{YuWZQZL22,
  author       = {Yuanhang Yu and
                  Dong Wen and
                  Ying Zhang and
                  Lu Qin and
                  Wenjie Zhang and
                  Xuemin Lin},
  title        = {GPU-accelerated Proximity Graph Approximate Nearest Neighbor Search
                  and Construction},
  booktitle    = {38th {IEEE} International Conference on Data Engineering, {ICDE} 2022,
                  Kuala Lumpur, Malaysia, May 9-12, 2022},
  pages        = {552--564},
  publisher    = {{IEEE}},
  year         = {2022},
  url          = {https://doi.org/10.1109/ICDE53745.2022.00046},
  doi          = {10.1109/ICDE53745.2022.00046},
  timestamp    = {Sun, 06 Oct 2024 21:04:59 +0200},
  biburl       = {https://dblp.org/rec/conf/icde/YuWZQZL22.bib},
  bibsource    = {dblp computer science bibliography, https://dblp.org}
}





@misc{Qdrant,
  title = {Qdrant - Vector Database},
  author = {Qdrant},
  url = {https://github.com/qdrant/qdrant},
  year = {2024},
}

@misc{Milvus,
  title = {Milvus: Vector database},
  author = {Milvus},
  url = {https://github.com/milvus-io/milvus},
  year = {2024},
}

@misc{lance,
  title = {LanceDB},
  author = {LanceDB},
  url = {https://github.com/lancedb/lance},
  year = {2024},
}

@misc{weaviate,
  title = {Weaviate},
  author = {Weaviate},
  url = {https://github.com/weaviate/weaviate},
  year = {2024},
}

@misc{elasticsearch,
  title = {Elasticsearch},
  author = {Elastic},
  url = {https://github.com/elastic/elasticsearch},
  year = {2024},
}

% perf
@manual{linux_perf,
  title        = {perf: Linux profiling with performance counters},
  author       = {{Linux Kernel Organization}},
  year         = {2024},
  url          = {https://perf.wiki.kernel.org/},
}

% word2vec
@inproceedings{MikolovCCD13,
  author       = {Tom{\'{a}}s Mikolov and
                  Kai Chen and
                  Greg Corrado and
                  Jeffrey Dean},
  editor       = {Yoshua Bengio and
                  Yann LeCun},
  title        = {Efficient Estimation of Word Representations in Vector Space},
  booktitle    = {1st International Conference on Learning Representations, {ICLR} 2013,
                  Scottsdale, Arizona, USA, May 2-4, 2013, Workshop Track Proceedings},
  year         = {2013},
  url          = {http://arxiv.org/abs/1301.3781},
  timestamp    = {Mon, 28 Dec 2020 11:31:01 +0100},
  biburl       = {https://dblp.org/rec/journals/corr/abs-1301-3781.bib},
  bibsource    = {dblp computer science bibliography, https://dblp.org}
}

% spann uses clustering
@article{chen2021spann,
  title={Spann: Highly-efficient billion-scale approximate nearest neighborhood search},
  author={Chen, Qi and Zhao, Bing and Wang, Haidong and Li, Mingqin and Liu, Chuanjie and Li, Zengzhong and Yang, Mao and Wang, Jingdong},
  journal={Advances in Neural Information Processing Systems},
  volume={34},
  pages={5199--5212},
  year={2021}
}
% soar uses k-means clustering
@article{sun2024soar,
  title={SOAR: Improved Indexing for Approximate Nearest Neighbor Search},
  author={Sun, Philip and Simcha, David and Dopson, Dave and Guo, Ruiqi and Kumar, Sanjiv},
  journal={Advances in Neural Information Processing Systems},
  volume={36},
  year={2024}
}
% ivfpq/ivfadc
@article{jegou2010product,
  title={Product quantization for nearest neighbor search},
  author={Jegou, Herve and Douze, Matthijs and Schmid, Cordelia},
  journal={IEEE transactions on pattern analysis and machine intelligence},
  volume={33},
  number={1},
  pages={117--128},
  year={2010},
  publisher={IEEE}
}
% reference for IVF in the classical sense
@book{WittenMT94,
  author       = {Ian H. Witten and
                  Alistair Moffat and
                  Timothy C. Bell},
  title        = {Managing Gigabytes: Compressing and Indexing Documents and Images},
  publisher    = {Van Nostrand Reinhold},
  year         = {1994},
  isbn         = {0-442-01863-0},
  timestamp    = {Thu, 03 Jan 2002 11:51:35 +0100},
  biburl       = {https://dblp.org/rec/books/nostrand/WittenMT94.bib},
  bibsource    = {dblp computer science bibliography, https://dblp.org}
}
@inproceedings{SivicZ03,
  author       = {Josef Sivic and
                  Andrew Zisserman},
  title        = {Video Google: {A} Text Retrieval Approach to Object Matching in Videos},
  booktitle    = {9th {IEEE} International Conference on Computer Vision {(ICCV} 2003),
                  14-17 October 2003, Nice, France},
  pages        = {1470--1477},
  publisher    = {{IEEE} Computer Society},
  year         = {2003},
  url          = {https://doi.org/10.1109/ICCV.2003.1238663},
  doi          = {10.1109/ICCV.2003.1238663},
  timestamp    = {Thu, 23 Mar 2023 23:57:41 +0100},
  biburl       = {https://dblp.org/rec/conf/iccv/SivicZ03.bib},
  bibsource    = {dblp computer science bibliography, https://dblp.org}
}
% ivfadc uses k-means clustering according to spann paper
@inproceedings{jegou2011searching,
  title={Searching in one billion vectors: re-rank with source coding},
  author={J{\'e}gou, Herv{\'e} and Tavenard, Romain and Douze, Matthijs and Amsaleg, Laurent},
  booktitle={2011 IEEE International Conference on Acoustics, Speech and Signal Processing (ICASSP)},
  pages={861--864},
  year={2011},
  organization={IEEE}
}
% ivfoadc+g+p uses k-means clustering according to spann paper
@inproceedings{baranchuk2018revisiting,
  title={Revisiting the inverted indices for billion-scale approximate nearest neighbors},
  author={Baranchuk, Dmitry and Babenko, Artem and Malkov, Yury},
  booktitle={Proceedings of the European Conference on Computer Vision (ECCV)},
  pages={202--216},
  year={2018}
}

@misc{pybind11,
   author = {Wenzel Jakob and Jason Rhinelander and Dean Moldovan},
   year = {2016},
   note = {https://github.com/pybind/pybind11},
   title = {pybind11 — Seamless operability between C++11 and Python}
}
@inproceedings{karpukhin-etal-2020-dense,
    title = "Dense Passage Retrieval for Open-Domain Question Answering",
    author = "Karpukhin, Vladimir and Oguz, Barlas and Min, Sewon and Lewis, Patrick and Wu, Ledell and Edunov, Sergey and Chen, Danqi and Yih, Wen-tau",
    booktitle = "Proceedings of the 2020 Conference on Empirical Methods in Natural Language Processing (EMNLP)",
    month = nov,
    year = "2020",
    address = "Online",
    publisher = "Association for Computational Linguistics",
    url = "https://www.aclweb.org/anthology/2020.emnlp-main.550",
    doi = "10.18653/v1/2020.emnlp-main.550",
    pages = "6769--6781",
}
@article{aguerrebere2023similarity,
        title={Similarity search in the blink of an eye with compressed indices},
        volume = {16},
        number = {11},    
        pages = {3433--3446},    
        journal = {Proceedings of the VLDB Endowment},
        author={Cecilia Aguerrebere and Ishwar Bhati and Mark Hildebrand and Mariano Tepper and Ted Willke},        
        year = {2023}
}

@article{toussaint1980relative,
  title={The relative neighbourhood graph of a finite planar set},
  author={Toussaint, Godfried T},
  journal={Pattern recognition},
  volume={12},
  number={4},
  pages={261--268},
  year={1980},
  publisher={Elsevier}
}

@article{indyk2023worst,
  title={Worst-case performance of popular approximate nearest neighbor search implementations: Guarantees and limitations},
  author={Indyk, Piotr and Xu, Haike},
  journal={Advances in Neural Information Processing Systems},
  volume={36},
  pages={66239--66256},
  year={2023}
}

@article{diwan2024navigable,
  title={Navigable Graphs for High-Dimensional Nearest Neighbor Search: Constructions and Limits},
  author={Diwan, Haya and Gou, Jinrui and Musco, Cameron and Musco, Christopher and Suel, Torsten},
  journal={arXiv preprint arXiv:2405.18680},
  year={2024}
}

@article{pan2024survey,
  author       = {James Jie Pan and
                  Jianguo Wang and
                  Guoliang Li},
  title        = {Survey of vector database management systems},
  journal      = {{VLDB} J.},
  volume       = {33},
  number       = {5},
  pages        = {1591--1615},
  year         = {2024},
  url          = {https://doi.org/10.1007/s00778-024-00864-x},
  doi          = {10.1007/S00778-024-00864-X},
  timestamp    = {Sun, 08 Sep 2024 16:07:01 +0200},
  biburl       = {https://dblp.org/rec/journals/vldb/PanWL24.bib},
  bibsource    = {dblp computer science bibliography, https://dblp.org}
}

@article{bigann2023,
  author       = {Harsha Vardhan Simhadri and
                  Martin Aum{\"{u}}ller and
                  Amir Ingber and
                  Matthijs Douze and
                  George Williams and
                  Magdalen Dobson Manohar and
                  Dmitry Baranchuk and
                  Edo Liberty and
                  Frank Liu and
                  Benjamin Landrum and
                  Mazin Karjikar and
                  Laxman Dhulipala and
                  Meng Chen and
                  Yue Chen and
                  Rui Ma and
                  Kai Zhang and
                  Yuzheng Cai and
                  Jiayang Shi and
                  Yizhuo Chen and
                  Weiguo Zheng and
                  Zihao Wan and
                  Jie Yin and
                  Ben Huang},
  title        = {Results of the Big {ANN:} NeurIPS'23 competition},
  journal      = {CoRR},
  volume       = {abs/2409.17424},
  year         = {2024},
  url          = {https://doi.org/10.48550/arXiv.2409.17424},
  doi          = {10.48550/ARXIV.2409.17424},
  eprinttype    = {arXiv},
  eprint       = {2409.17424},
  timestamp    = {Tue, 22 Oct 2024 16:50:24 +0200},
  biburl       = {https://dblp.org/rec/journals/corr/abs-2409-17424.bib},
  bibsource    = {dblp computer science bibliography, https://dblp.org}
}

@article{cuml,
  title={Machine Learning in Python: Main developments and technology trends in data science, machine learning, and artificial intelligence},
  author={Raschka, Sebastian and Patterson, Joshua and Nolet, Corey},
  journal={arXiv preprint arXiv:2002.04803},
  year={2020}
}



@inproceedings{ChubetPSS23,
  author       = {Oliver A. Chubet and
                  Parth Parikh and
                  Donald R. Sheehy and
                  Siddharth S. Sheth},
  editor       = {Telikepalli Kavitha and
                  Kurt Mehlhorn},
  title        = {Proximity Search in the Greedy Tree},
  booktitle    = {2023 Symposium on Simplicity in Algorithms, {SOSA} 2023, Florence,
                  Italy, January 23-25, 2023},
  pages        = {332--342},
  publisher    = {{SIAM}},
  year         = {2023},
  url          = {https://doi.org/10.1137/1.9781611977585.ch29},
  doi          = {10.1137/1.9781611977585.CH29},
  timestamp    = {Tue, 02 Jul 2024 17:53:45 +0200},
  biburl       = {https://dblp.org/rec/conf/sosa/ChubetPSS23.bib},
  bibsource    = {dblp computer science bibliography, https://dblp.org}
}

@misc{chubet2024simpleconstructiongreedytrees,
      title={Simple Construction of Greedy Trees and Greedy Permutations}, 
      author={Oliver Chubet and Don Sheehy and Siddharth Sheth},
      year={2024},
      eprint={2412.02554},
      archivePrefix={arXiv},
      primaryClass={cs.CG},
      url={https://arxiv.org/abs/2412.02554}, 
}

@phdthesis{yu2024parallel,
  title={Parallel Algorithms, Optimizations, and Benchmarks for Metric and Graph Clustering},
  author={Yu, Shangdi},
  year={2024},
  school={Massachusetts Institute of Technology},
  url={https://hdl.handle.net/1721.1/156653}
}

@article{matsui2018pq,
    title={A Survey of Product Quantization},
    author={Yusuke Matsui and Yusuke Uchida and Herv\'{e} J\'{e}gou and Shin'ichi Satoh},
    journal={ITE Transactions on Media Technology and Applications},
    volume={6},
    number={1},
    pages={2--10},
    year={2018},
}

@misc{liu2024vq,
      title={Vector Quantization for Recommender Systems: A Review and Outlook}, 
      author={Qijiong Liu and Xiaoyu Dong and Jiaren Xiao and Nuo Chen and Hengchang Hu and Jieming Zhu and Chenxu Zhu and Tetsuya Sakai and Xiao-Ming Wu},
      year={2024},
      eprint={2405.03110},
      archivePrefix={arXiv},
      primaryClass={cs.IR},
      url={https://arxiv.org/abs/2405.03110}, 
}

% FAISS uses k-means clustering for various things
@article{JohnsonDJ21,
  author       = {Jeff Johnson and
                  Matthijs Douze and
                  Herv{\'{e}} J{\'{e}}gou},
  title        = {Billion-Scale Similarity Search with GPUs},
  journal      = {{IEEE} Trans. Big Data},
  volume       = {7},
  number       = {3},
  pages        = {535--547},
  year         = {2021},
  url          = {https://doi.org/10.1109/TBDATA.2019.2921572},
  doi          = {10.1109/TBDATA.2019.2921572},
  timestamp    = {Tue, 16 Aug 2022 23:09:18 +0200},
  biburl       = {https://dblp.org/rec/journals/tbd/JohnsonDJ21.bib},
  bibsource    = {dblp computer science bibliography, https://dblp.org}
}


@inproceedings{MaL19,
  author       = {Heng{-}Zhao Ma and
                  Jianzhong Li},
  editor       = {Yingshu Li and
                  Mihaela Cardei and
                  Yan Huang},
  title        = {A True O(nlog n) Algorithm for the All-k-Nearest-Neighbors Problem},
  booktitle    = {Combinatorial Optimization and Applications - 13th International Conference,
                  {COCOA} 2019, Xiamen, China, December 13-15, 2019, Proceedings},
  series       = {Lecture Notes in Computer Science},
  volume       = {11949},
  pages        = {362--374},
  publisher    = {Springer},
  year         = {2019},
  url          = {https://doi.org/10.1007/978-3-030-36412-0\_29},
  doi          = {10.1007/978-3-030-36412-0\_29},
  timestamp    = {Tue, 10 Nov 2020 08:01:30 +0100},
  biburl       = {https://dblp.org/rec/conf/cocoa/MaL19.bib},
  bibsource    = {dblp computer science bibliography, https://dblp.org}
}





@inproceedings{BelkinN01,
  author       = {Mikhail Belkin and
                  Partha Niyogi},
  editor       = {Thomas G. Dietterich and
                  Suzanna Becker and
                  Zoubin Ghahramani},
  title        = {Laplacian Eigenmaps and Spectral Techniques for Embedding and Clustering},
  booktitle    = {Advances in Neural Information Processing Systems 14 [Neural Information
                  Processing Systems: Natural and Synthetic, {NIPS} 2001, December 3-8,
                  2001, Vancouver, British Columbia, Canada]},
  pages        = {585--591},
  publisher    = {{MIT} Press},
  year         = {2001},
  url          = {https://proceedings.neurips.cc/paper/2001/hash/f106b7f99d2cb30c3db1c3cc0fde9ccb-Abstract.html},
  timestamp    = {Mon, 16 May 2022 15:41:51 +0200},
  biburl       = {https://dblp.org/rec/conf/nips/BelkinN01.bib},
  bibsource    = {dblp computer science bibliography, https://dblp.org}
}

% Johnson-Lindenstrauss Lemma
@article{DasguptaG03,
  author       = {Sanjoy Dasgupta and
                  Anupam Gupta},
  title        = {An elementary proof of a theorem of Johnson and Lindenstrauss},
  journal      = {Random Struct. Algorithms},
  volume       = {22},
  number       = {1},
  pages        = {60--65},
  year         = {2003},
  url          = {https://doi.org/10.1002/rsa.10073},
  doi          = {10.1002/RSA.10073},
  timestamp    = {Sat, 30 Sep 2023 10:25:11 +0200},
  biburl       = {https://dblp.org/rec/journals/rsa/DasguptaG03.bib},
  bibsource    = {dblp computer science bibliography, https://dblp.org}
}
@inproceedings{johnson1984extensions,
  title={Extensions of Lipschitz mappings into a Hilbert space},
  author={Johnson, William B and Lindenstrauss, Joram},
  booktitle={Conference on Modern Analysis and Probability},
  volume={26},
  pages={189--206},
  year={1984},
  organization={American Mathematical Society}
}

@inproceedings{kanungo2002kmeans,
author = {Kanungo, Tapas and Mount, David M. and Netanyahu, Nathan S. and Piatko, Christine D. and Silverman, Ruth and Wu, Angela Y.},
title = {A local search approximation algorithm for k-means clustering},
year = {2002},
isbn = {1581135041},
publisher = {Association for Computing Machinery},
address = {New York, NY, USA},
url = {https://doi.org/10.1145/513400.513402},
doi = {10.1145/513400.513402},
booktitle = {Proceedings of the Eighteenth Annual Symposium on Computational Geometry},
pages = {10–18},
numpages = {9},
keywords = {local search, k-means, computational geometry, clustering, approximation algorithms},
location = {Barcelona, Spain},
series = {SCG '02}
}

@article{friggstad2019ptas,
author = {Friggstad, Zachary and Rezapour, Mohsen and Salavatipour, Mohammad R.},
title = {Local Search Yields a PTAS for \$k\$-Means in Doubling Metrics},
journal = {SIAM Journal on Computing},
volume = {48},
number = {2},
pages = {452-480},
year = {2019},
doi = {10.1137/17M1127181},
URL = {https://doi.org/10.1137/17M1127181},
eprint = {https://doi.org/10.1137/17M1127181}
}

@inproceedings{awasthi2015hardness,
  author       = {Pranjal Awasthi and
                  Moses Charikar and
                  Ravishankar Krishnaswamy and
                  Ali Kemal Sinop},
  editor       = {Lars Arge and
                  J{\'{a}}nos Pach},
  title        = {The Hardness of Approximation of Euclidean k-Means},
  booktitle    = {31st International Symposium on Computational Geometry, SoCG 2015,
                  June 22-25, 2015, Eindhoven, The Netherlands},
  series       = {LIPIcs},
  volume       = {34},
  pages        = {754--767},
  publisher    = {Schloss Dagstuhl - Leibniz-Zentrum f{\"{u}}r Informatik},
  year         = {2015},
  url          = {https://doi.org/10.4230/LIPIcs.SOCG.2015.754},
  doi          = {10.4230/LIPICS.SOCG.2015.754},
  timestamp    = {Sat, 30 Sep 2023 09:37:35 +0200},
  biburl       = {https://dblp.org/rec/conf/compgeom/AwasthiCKS15.bib},
  bibsource    = {dblp computer science bibliography, https://dblp.org}
}

@inproceedings{an2017recent,
  title={Recent developments in approximation algorithms for facility location and clustering problems},
  author={An, Hyung-Chan and Svensson, Ola},
  booktitle={Combinatorial Optimization and Graph Algorithms: Communications of NII Shonan Meetings},
  pages={1--19},
  year={2017},
  organization={Springer}
}



@article{WangXY021,
  author       = {Mengzhao Wang and
                  Xiaoliang Xu and
                  Qiang Yue and
                  Yuxiang Wang},
  title        = {A Comprehensive Survey and Experimental Comparison of Graph-Based
                  Approximate Nearest Neighbor Search},
  journal      = {Proc. {VLDB} Endow.},
  volume       = {14},
  number       = {11},
  pages        = {1964--1978},
  year         = {2021},
  url          = {http://www.vldb.org/pvldb/vol14/p1964-wang.pdf},
  doi          = {10.14778/3476249.3476255},
  timestamp    = {Mon, 05 Feb 2024 20:21:57 +0100},
  biburl       = {https://dblp.org/rec/journals/pvldb/WangXY021.bib},
  bibsource    = {dblp computer science bibliography, https://dblp.org}
}



@article{GottliebK13,
  author       = {Lee{-}Ad Gottlieb and
                  Robert Krauthgamer},
  title        = {Proximity Algorithms for Nearly Doubling Spaces},
  journal      = {{SIAM} J. Discret. Math.},
  volume       = {27},
  number       = {4},
  pages        = {1759--1769},
  year         = {2013},
  url          = {https://doi.org/10.1137/120874242},
  doi          = {10.1137/120874242},
  timestamp    = {Mon, 26 Oct 2020 08:48:10 +0100},
  biburl       = {https://dblp.org/rec/journals/siamdm/GottliebK13.bib},
  bibsource    = {dblp computer science bibliography, https://dblp.org}
}



@article{ChenZHJW24,
  author       = {Meng Chen and
                  Kai Zhang and
                  Zhenying He and
                  Yinan Jing and
                  X. Sean Wang},
  title        = {RoarGraph: {A} Projected Bipartite Graph for Efficient Cross-Modal
                  Approximate Nearest Neighbor Search},
  journal      = {Proc. {VLDB} Endow.},
  volume       = {17},
  number       = {11},
  pages        = {2735--2749},
  year         = {2024},
  url          = {https://www.vldb.org/pvldb/vol17/p2735-chen.pdf},
  doi          = {10.14778/3681954.3681959},
  timestamp    = {Thu, 19 Dec 2024 16:40:20 +0100},
  biburl       = {https://dblp.org/rec/journals/pvldb/ChenZHJW24.bib},
  bibsource    = {dblp computer science bibliography, https://dblp.org}
}

% NSG
@article{FuXWC19,
  author       = {Cong Fu and
                  Chao Xiang and
                  Changxu Wang and
                  Deng Cai},
  title        = {Fast Approximate Nearest Neighbor Search With The Navigating Spreading-out
                  Graph},
  journal      = {Proc. {VLDB} Endow.},
  volume       = {12},
  number       = {5},
  pages        = {461--474},
  year         = {2019},
  url          = {http://www.vldb.org/pvldb/vol12/p461-fu.pdf},
  doi          = {10.14778/3303753.3303754},
  timestamp    = {Wed, 28 Dec 2022 07:33:06 +0100},
  biburl       = {https://dblp.org/rec/journals/pvldb/FuXWC19.bib},
  bibsource    = {dblp computer science bibliography, https://dblp.org}
}
% NSSG
@article{FuWC22,
  author       = {Cong Fu and
                  Changxu Wang and
                  Deng Cai},
  title        = {High Dimensional Similarity Search With Satellite System Graph: Efficiency,
                  Scalability, and Unindexed Query Compatibility},
  journal      = {{IEEE} Trans. Pattern Anal. Mach. Intell.},
  volume       = {44},
  number       = {8},
  pages        = {4139--4150},
  year         = {2022},
  url          = {https://doi.org/10.1109/TPAMI.2021.3067706},
  doi          = {10.1109/TPAMI.2021.3067706},
  timestamp    = {Wed, 28 Dec 2022 07:33:06 +0100},
  biburl       = {https://dblp.org/rec/journals/pami/FuWC22.bib},
  bibsource    = {dblp computer science bibliography, https://dblp.org}
}

@Article{harris2020numpy,
 title         = {Array programming with {NumPy}},
 author        = {Charles R. Harris and K. Jarrod Millman and St{\'{e}}fan J.
                 van der Walt and Ralf Gommers and Pauli Virtanen and David
                 Cournapeau and Eric Wieser and Julian Taylor and Sebastian
                 Berg and Nathaniel J. Smith and Robert Kern and Matti Picus
                 and Stephan Hoyer and Marten H. van Kerkwijk and Matthew
                 Brett and Allan Haldane and Jaime Fern{\'{a}}ndez del
                 R{\'{i}}o and Mark Wiebe and Pearu Peterson and Pierre
                 G{\'{e}}rard-Marchant and Kevin Sheppard and Tyler Reddy and
                 Warren Weckesser and Hameer Abbasi and Christoph Gohlke and
                 Travis E. Oliphant},
 year          = {2020},
 month         = sep,
 journal       = {Nature},
 volume        = {585},
 number        = {7825},
 pages         = {357--362},
 doi           = {10.1038/s41586-020-2649-2},
 publisher     = {Springer Science and Business Media {LLC}},
 url           = {https://doi.org/10.1038/s41586-020-2649-2}
}



@inproceedings{Elkan03,
  author       = {Charles Elkan},
  editor       = {Tom Fawcett and
                  Nina Mishra},
  title        = {Using the Triangle Inequality to Accelerate k-Means},
  booktitle    = {Machine Learning, Proceedings of the Twentieth International Conference
                  {(ICML} 2003), August 21-24, 2003, Washington, DC, {USA}},
  pages        = {147--153},
  publisher    = {{AAAI} Press},
  year         = {2003},
  url          = {http://www.aaai.org/Library/ICML/2003/icml03-022.php},
  timestamp    = {Thu, 13 Dec 2012 12:01:46 +0100},
  biburl       = {https://dblp.org/rec/conf/icml/Elkan03.bib},
  bibsource    = {dblp computer science bibliography, https://dblp.org}
}

@inproceedings{Hamerly10,
  author       = {Greg Hamerly},
  title        = {Making k-means Even Faster},
  booktitle    = {Proceedings of the {SIAM} International Conference on Data Mining,
                  {SDM} 2010, April 29 - May 1, 2010, Columbus, Ohio, {USA}},
  pages        = {130--140},
  publisher    = {{SIAM}},
  year         = {2010},
  url          = {https://doi.org/10.1137/1.9781611972801.12},
  doi          = {10.1137/1.9781611972801.12},
  timestamp    = {Mon, 05 Jun 2017 12:42:51 +0200},
  biburl       = {https://dblp.org/rec/conf/sdm/Hamerly10.bib},
  bibsource    = {dblp computer science bibliography, https://dblp.org}
}


% AKM methods
% mini-batch sampling + reranked hamming/binary code LSH (centroids are indexed)
@inproceedings{HuWBZC17,
  author       = {Qinghao Hu and
                  Jiaxiang Wu and
                  Lu Bai and
                  Yifan Zhang and
                  Jian Cheng},
  editor       = {Ee{-}Peng Lim and
                  Marianne Winslett and
                  Mark Sanderson and
                  Ada Wai{-}Chee Fu and
                  Jimeng Sun and
                  J. Shane Culpepper and
                  Eric Lo and
                  Joyce C. Ho and
                  Debora Donato and
                  Rakesh Agrawal and
                  Yu Zheng and
                  Carlos Castillo and
                  Aixin Sun and
                  Vincent S. Tseng and
                  Chenliang Li},
  title        = {Fast K-means for Large Scale Clustering},
  booktitle    = {Proceedings of the 2017 {ACM} on Conference on Information and Knowledge
                  Management, {CIKM} 2017, Singapore, November 06 - 10, 2017},
  pages        = {2099--2102},
  publisher    = {{ACM}},
  year         = {2017},
  url          = {https://doi.org/10.1145/3132847.3133091},
  doi          = {10.1145/3132847.3133091},
  timestamp    = {Tue, 29 Aug 2023 16:24:43 +0200},
  biburl       = {https://dblp.org/rec/conf/cikm/HuWBZC17.bib},
  bibsource    = {dblp computer science bibliography, https://dblp.org}
}
% hamming lsh + reversed indexing (so in-memory datasets only, realistically)
@inproceedings{AvrithisKAE15,
  author       = {Yannis Avrithis and
                  Yannis Kalantidis and
                  Evangelos Anagnostopoulos and
                  Ioannis Z. Emiris},
  title        = {Web-Scale Image Clustering Revisited},
  booktitle    = {2015 {IEEE} International Conference on Computer Vision, {ICCV} 2015,
                  Santiago, Chile, December 7-13, 2015},
  pages        = {1502--1510},
  publisher    = {{IEEE} Computer Society},
  year         = {2015},
  url          = {https://doi.org/10.1109/ICCV.2015.176},
  doi          = {10.1109/ICCV.2015.176},
  timestamp    = {Thu, 23 Mar 2023 23:57:44 +0100},
  biburl       = {https://dblp.org/rec/conf/iccv/AvrithisKAE15.bib},
  bibsource    = {dblp computer science bibliography, https://dblp.org}
}
% hamming lsh but on a binary codes dataset
@inproceedings{GongPYBBF15,
  author       = {Yunchao Gong and
                  Marcin Pawlowski and
                  Fei Yang and
                  Louis Brandy and
                  Lubomir D. Bourdev and
                  Rob Fergus},
  title        = {Web scale photo hash clustering on a single machine},
  booktitle    = {{IEEE} Conference on Computer Vision and Pattern Recognition, {CVPR}
                  2015, Boston, MA, USA, June 7-12, 2015},
  pages        = {19--27},
  publisher    = {{IEEE} Computer Society},
  year         = {2015},
  url          = {https://doi.org/10.1109/CVPR.2015.7298596},
  doi          = {10.1109/CVPR.2015.7298596},
  timestamp    = {Fri, 24 Mar 2023 00:03:00 +0100},
  biburl       = {https://dblp.org/rec/conf/cvpr/GongPYBBF15.bib},
  bibsource    = {dblp computer science bibliography, https://dblp.org}
}
% RP-trees + reversed indexing
@incollection{WangWKZL15,
  author       = {Jingdong Wang and
                  Jing Wang and
                  Qifa Ke and
                  Gang Zeng and
                  Shipeng Li},
  editor       = {Aaron K. Baughman and
                  Jiang John Gao and
                  Jia{-}Yu Pan and
                  Valery A. Petrushin},
  title        = {Fast Approximate K-Means via Cluster Closures},
  booktitle    = {Multimedia Data Mining and Analytics - Disruptive Innovation},
  pages        = {373--395},
  publisher    = {Springer},
  year         = {2015},
  url          = {https://doi.org/10.1007/978-3-319-14998-1\_17},
  doi          = {10.1007/978-3-319-14998-1\_17},
  timestamp    = {Thu, 25 Mar 2021 13:19:43 +0100},
  biburl       = {https://dblp.org/rec/books/sp/15/WangWKZL15.bib},
  bibsource    = {dblp computer science bibliography, https://dblp.org}
}
% "AKM"
@inproceedings{PhilbinCISZ07,
  author       = {James Philbin and
                  Ondrej Chum and
                  Michael Isard and
                  Josef Sivic and
                  Andrew Zisserman},
  title        = {Object retrieval with large vocabularies and fast spatial matching},
  booktitle    = {2007 {IEEE} Computer Society Conference on Computer Vision and Pattern
                  Recognition {(CVPR} 2007), 18-23 June 2007, Minneapolis, Minnesota,
                  {USA}},
  publisher    = {{IEEE} Computer Society},
  year         = {2007},
  url          = {https://doi.org/10.1109/CVPR.2007.383172},
  doi          = {10.1109/CVPR.2007.383172},
  timestamp    = {Fri, 24 Mar 2023 00:02:54 +0100},
  biburl       = {https://dblp.org/rec/conf/cvpr/PhilbinCISZ07.bib},
  bibsource    = {dblp computer science bibliography, https://dblp.org}
}




% mini-batch k-means clustering
@inproceedings{Sculley10,
  author       = {D. Sculley},
  editor       = {Michael Rappa and
                  Paul Jones and
                  Juliana Freire and
                  Soumen Chakrabarti},
  title        = {Web-scale k-means clustering},
  booktitle    = {Proceedings of the 19th International Conference on World Wide Web,
                  {WWW} 2010, Raleigh, North Carolina, USA, April 26-30, 2010},
  pages        = {1177--1178},
  publisher    = {{ACM}},
  year         = {2010},
  url          = {https://doi.org/10.1145/1772690.1772862},
  doi          = {10.1145/1772690.1772862},
  timestamp    = {Tue, 06 Nov 2018 16:57:09 +0100},
  biburl       = {https://dblp.org/rec/conf/www/Sculley10.bib},
  bibsource    = {dblp computer science bibliography, https://dblp.org}
}

% LSH survey
@article{lshsurvey,
  author       = {Omid Jafari and
                  Preeti Maurya and
                  Parth Nagarkar and
                  Khandker Mushfiqul Islam and
                  Chidambaram Crushev},
  title        = {A Survey on Locality Sensitive Hashing Algorithms and their Applications},
  journal      = {CoRR},
  volume       = {abs/2102.08942},
  year         = {2021},
  url          = {https://arxiv.org/abs/2102.08942},
  eprinttype    = {arXiv},
  eprint       = {2102.08942},
  timestamp    = {Fri, 19 Feb 2021 11:02:14 +0100},
  biburl       = {https://dblp.org/rec/journals/corr/abs-2102-08942.bib},
  bibsource    = {dblp computer science bibliography, https://dblp.org}
}

@misc{pyanns,
  author       = {Zihao Wang},
  title        = {PyANNS},
  year         = {2023},
  url = {https://github.com/veaaaab/pyanns},
  note         = {NeurIPS 2023 talk: \url{https://nips.cc/virtual/2023/84327}}
}
  %howpublished = {\url{https://github.com/veaaaab/pyanns}},

% learning-augmented algorithms
@inbook{learnaug,
place={Cambridge},
title={Algorithms with Predictions},
booktitle={Beyond the Worst-Case Analysis of Algorithms},
publisher={Cambridge University Press},
author={Mitzenmacher, Michael and Vassilvitskii, Sergei},
year={2021},
pages={646–662}
}
%editor={Roughgarden, TimEditor},


@article{Har-PeledM06,
  author       = {Sariel Har{-}Peled and
                  Manor Mendel},
  title        = {Fast Construction of Nets in Low-Dimensional Metrics and Their Applications},
  journal      = {{SIAM} J. Comput.},
  volume       = {35},
  number       = {5},
  pages        = {1148--1184},
  year         = {2006},
  url          = {https://doi.org/10.1137/S0097539704446281},
  doi          = {10.1137/S0097539704446281},
  timestamp    = {Tue, 07 May 2024 20:21:44 +0200},
  biburl       = {https://dblp.org/rec/journals/siamcomp/Har-PeledM06.bib},
  bibsource    = {dblp computer science bibliography, https://dblp.org}
}



@inproceedings{GrunauORT23,
  author       = {Christoph Grunau and
                  Ahmet Alper {\"{O}}z{\"{u}}dogru and
                  V{\'{a}}clav Rozhon and
                  Jakub Tetek},
  editor       = {Nikhil Bansal and
                  Viswanath Nagarajan},
  title        = {A Nearly Tight Analysis of Greedy k-means++},
  booktitle    = {Proceedings of the 2023 {ACM-SIAM} Symposium on Discrete Algorithms,
                  {SODA} 2023, Florence, Italy, January 22-25, 2023},
  pages        = {1012--1070},
  publisher    = {{SIAM}},
  year         = {2023},
  url          = {https://doi.org/10.1137/1.9781611977554.ch39},
  doi          = {10.1137/1.9781611977554.CH39},
  timestamp    = {Sat, 30 Sep 2023 09:57:09 +0200},
  biburl       = {https://dblp.org/rec/conf/soda/GrunauORT23.bib},
  bibsource    = {dblp computer science bibliography, https://dblp.org}
}



@inproceedings{DasguptaF08,
  author       = {Sanjoy Dasgupta and
                  Yoav Freund},
  editor       = {Cynthia Dwork},
  title        = {Random projection trees and low dimensional manifolds},
  booktitle    = {Proceedings of the 40th Annual {ACM} Symposium on Theory of Computing,
                  Victoria, British Columbia, Canada, May 17-20, 2008},
  pages        = {537--546},
  publisher    = {{ACM}},
  year         = {2008},
  url          = {https://doi.org/10.1145/1374376.1374452},
  doi          = {10.1145/1374376.1374452},
  timestamp    = {Tue, 06 Nov 2018 11:07:04 +0100},
  biburl       = {https://dblp.org/rec/conf/stoc/DasguptaF08.bib},
  bibsource    = {dblp computer science bibliography, https://dblp.org}
}



% NN-Descent
@inproceedings{DongCL11,
  author       = {Wei Dong and
                  Moses Charikar and
                  Kai Li},
  editor       = {Sadagopan Srinivasan and
                  Krithi Ramamritham and
                  Arun Kumar and
                  M. P. Ravindra and
                  Elisa Bertino and
                  Ravi Kumar},
  title        = {Efficient k-nearest neighbor graph construction for generic similarity
                  measures},
  booktitle    = {Proceedings of the 20th International Conference on World Wide Web,
                  {WWW} 2011, Hyderabad, India, March 28 - April 1, 2011},
  pages        = {577--586},
  publisher    = {{ACM}},
  year         = {2011},
  url          = {https://doi.org/10.1145/1963405.1963487},
  doi          = {10.1145/1963405.1963487},
  timestamp    = {Sat, 30 Sep 2023 09:59:30 +0200},
  biburl       = {https://dblp.org/rec/conf/www/DongCL11.bib},
  bibsource    = {dblp computer science bibliography, https://dblp.org}
}



@article{AilonC09,
  author       = {Nir Ailon and
                  Bernard Chazelle},
  title        = {The Fast Johnson--Lindenstrauss Transform and Approximate Nearest
                  Neighbors},
  journal      = {{SIAM} J. Comput.},
  volume       = {39},
  number       = {1},
  pages        = {302--322},
  year         = {2009},
  url          = {https://doi.org/10.1137/060673096},
  doi          = {10.1137/060673096},
  timestamp    = {Wed, 14 Nov 2018 10:45:07 +0100},
  biburl       = {https://dblp.org/rec/journals/siamcomp/AilonC09.bib},
  bibsource    = {dblp computer science bibliography, https://dblp.org}
}



@inproceedings{MatsuiOYA17,
  author       = {Yusuke Matsui and
                  Keisuke Ogaki and
                  Toshihiko Yamasaki and
                  Kiyoharu Aizawa},
  editor       = {Qiong Liu and
                  Rainer Lienhart and
                  Haohong Wang and
                  Sheng{-}Wei "Kuan{-}Ta" Chen and
                  Susanne Boll and
                  Yi{-}Ping Phoebe Chen and
                  Gerald Friedland and
                  Jia Li and
                  Shuicheng Yan},
  title        = {PQk-means: Billion-scale Clustering for Product-quantized Codes},
  booktitle    = {Proceedings of the 2017 {ACM} on Multimedia Conference, {MM} 2017,
                  Mountain View, CA, USA, October 23-27, 2017},
  pages        = {1725--1733},
  publisher    = {{ACM}},
  year         = {2017},
  url          = {https://doi.org/10.1145/3123266.3123430},
  doi          = {10.1145/3123266.3123430},
  timestamp    = {Tue, 30 Jul 2024 20:52:04 +0200},
  biburl       = {https://dblp.org/rec/conf/mm/MatsuiOYA17.bib},
  bibsource    = {dblp computer science bibliography, https://dblp.org}
}