@article{du2024diffusion,
  title={Diffusion-Based Reinforcement Learning for Edge-Enabled {AI}-Generated Content Services},
  author={Du, Hongyang and Li, Zonghang and Niyato, Dusit and Kang, Jiawen and Xiong, Zehui and Huang, Huawei and Mao, Shiwen},
  journal={{IEEE} Trans. Mobile Comput.},
  volume={23},
  number={9},
  pages={8902--8918},
  year={2024},
  publisher={IEEE}
}

@article{janner2022planning,
  title={Planning with Diffusion for Flexible Behavior Synthesis},
  author={Janner, Michael and Du, Yilun and Tenenbaum, Joshua B and Levine, Sergey},
  journal={arXiv preprint arXiv:2205.09991},
  year={2022}
}

@article{kang2024hybrid,
  title={Hybrid-Generative Diffusion Models for Attack-Oriented Twin Migration in Vehicular Metaverses},
  author={Kang, Yingkai and Wen, Jinbo and Kang, Jiawen and Zhang, Tao and Du, Hongyang and Niyato, Dusit and Yu, Rong and Xie, Shengli},
  journal={arXiv preprint arXiv:2407.11036},
  year={2024}
}

@article{luong2021deep,
  title={Deep Reinforcement Learning-Based Resource Allocation in Cooperative {UAV}-Assisted Wireless Networks},
  author={Luong, Phuong and Gagnon, Fran{\c{c}}ois and Tran, Le-Nam and Labeau, Fabrice},
  journal={{IEEE} Trans. Wireless Commun.},
  volume={20},
  number={11},
  pages={7610--7625},
  year={2021},
  publisher={IEEE}
}

@article{qin2024diffusiongpt,
  title={Diffusiongpt: {LLM}-Driven Text-to-Image Generation System},
  author={Qin, Jie and Wu, Jie and Chen, Weifeng and Ren, Yuxi and Li, Huixia and Wu, Hefeng and Xiao, Xuefeng and Wang, Rui and Wen, Shilei},
  journal={arXiv preprint arXiv:2401.10061},
  year={2024}
}

@inproceedings{sohl2015deep,
  title={Deep Unsupervised Learning Using Nonequilibrium Thermodynamics},
  author={Sohl-Dickstein, Jascha and Weiss, Eric and Maheswaranathan, Niru and Ganguli, Surya},
  booktitle={International Conference on Machine Learning},
  pages={2256--2265},
  year={2015},
  organization={PMLR}
}

@article{tran2023multi,
  title={Multi-Agent {DRL} Approach for Energy-Efficient Resource Allocation in {URLLC}-Enabled Grant-Free {NOMA} Systems},
  author={Tran, Duc-Dung and Sharma, Shree Krishna and Ha, Vu Nguyen and Chatzinotas, Symeon and Woungang, Isaac},
  journal={IEEE Open J. Commun. Soc.},
  volume={4},
  pages={1470--1486},
  year={2023},
  publisher={IEEE}
}

@article{wang2020drl,
  title={{DRL}-Based Energy-Efficient Resource Allocation Frameworks for Uplink {NOMA} Systems},
  author={Wang, Xiaoming and Zhang, Yuhan and Shen, Ruijuan and Xu, Youyun and Zheng, Fu-Chun},
  journal={{IEEE} Internet Things J.},
  volume={7},
  number={8},
  pages={7279--7294},
  year={2020},
  publisher={IEEE}
}

@article{wang2023hybrid,
  title={Hybrid Hierarchical {DRL} Enabled Resource Allocation for Secure Transmission in Multi-{IRS}-Assisted Sensing-Enhanced Spectrum Sharing Networks},
  author={Wang, Lingyi and Wu, Wei and Zhou, Fuhui and Wu, Qihui and Dobre, Octavia A and Quek, Tony QS},
  journal={{IEEE} Trans. Wireless Commun.},
  volume={23},
  number={6},
  pages={6330--6346},
  year={2024},
  publisher={IEEE}
}

@article{zhang2023drl,
  title={{DRL}-Driven Dynamic Resource Allocation for Task-Oriented Semantic Communication},
  author={Zhang, Haijun and Wang, Hongyu and Li, Yabo and Long, Keping and Nallanathan, Arumugam},
  journal={{IEEE} Trans. Commun.},
  volume={71},
  number={7},
  pages={3992--4004},
  year={2023},
  publisher={IEEE}
}

@article{zhi2022deep,
  title={Deep Reinforcement Learning-Based Resource Allocation for {D2D} Communications in Heterogeneous Cellular Networks},
  author={Zhi, Yuan and Tian, Jie and Deng, Xiaofang and Qiao, Jingping and Lu, Dianjie},
  journal={Digit. Commun. Netw.},
  volume={8},
  number={5},
  pages={834--842},
  year={2022},
  publisher={Elsevier}
}

