@STRING{IEEE_J_IT         = "{IEEE} Trans. Inf. Theory"}
@STRING{IEEE_J_COML       = "{IEEE} Commun. Lett."}
@STRING{IEEE_J_WCOML       = "{IEEE} Wireless Commun. Lett."}
@STRING{IEEE_J_JSAC       = "{IEEE} J. Sel. Areas Commun."}
@STRING{IEEE_J_JSSP       = "{IEEE} J. Sel. Signal Process."}
@STRING{IEEE_J_COM        = "{IEEE} Trans. Commun."}
@STRING{IEEE_J_SP         = "{IEEE} Trans. Signal Process."}
@STRING{IEEE_J_MC         = "{IEEE} Trans. Mobile Comput."}
@STRING{IEEE_J_COMT       = "{IEEE} Trans. Commun. Technol."}
@STRING{IEEE_J_WCOM       = "{IEEE} Trans. Wireless Commun."}
@STRING{IEEE_J_VT         = "{IEEE} Trans. Veh. Technol."}
@STRING{IEEE_J_VC         = "{IEEE} Trans. Veh. Commun."}
@STRING{IEEE_J_IFS         = "{IEEE} Trans. Inf. Forensics Security"}
@STRING{IEEE_J_SPL        = "{IEEE} Signal Process. Lett."}
@STRING{IEEE_M_COM        = "{IEEE} Commun. Mag."}
@STRING{IEEE_WM_COM        = "{IEEE} Wireless Commun."}
@STRING{IEEE_TW_COM        = "{IEEE} Trans. Wireless Commun."}
@STRING{IEEE_M_SP        = "{IEEE} Signal Process. Mag."}
@STRING{EUR_J_WCOM        = "EURASIP J. Wireless Commun. Netw."}
@STRING{EUR_J_ASP        = "EURASIP J. Adv. Signal Process."}
@STRING{EUR_J_EL        = "{IEE} Elect. Lett."}
@STRING{IEEE_J_AES       = "{IEEE} Trans. Aerosp. Electron. Syst."}
@STRING{IEEE_J_PDS       = "{IEEE} Trans. Parallel Distrib. Syst."}
@STRING{IEEE_J_PC       = "{IEEE} Pers. Commun."}
@STRING{IEEE_S_CST        = "{IEEE} Commun. Surveys Tutorials"}
@STRING{IEEE_J_TIA        = "{IEEE} Trans. Ind. Appl."}
@STRING{IEEE_J_ITJ        = "{IEEE} Internet Things J."}
@STRING{IEEE_J_TII        = "{IEEE} Trans. Ind. Informat."}
@STRING{IEEE_J_TSIPN       = "{IEEE} Trans. Signal Inf. Process. Over Netw."}

@article{he2023full,
  title={Full-Duplex Communication for {ISAC}: Joint Beamforming and Power Optimization},
  author={He, Zhenyao and Xu, Wei and Shen, Hong and others},
  journal={IEEE J. Sel. Areas Commun.},
  volume={41},
  number={9},
  pages={2920--2936},
  year={2023},
  publisher={IEEE}
}
@article{chauhan2024full,
  title={Full-Duplex Cooperative {NOMA} with Signal Space Diversity: Minimizing {SIC} Operations},
  author={Chauhan, Ankita and Jaiswal, Anshul and Tellambura, Chintha},
  journal={IEEE Wireless Commun. Lett. }, 
  year={2024},
  publisher={IEEE},
  note={doi:
{10.1109/LWC.2024.3429236}}}
@article{nayak2024drl,
  title={A {DRL} Approach for {RIS}-Assisted Full-Duplex {UL} and {DL} Transmission: Beamforming, Phase Shift and Power Optimization},
  author={Nayak, Nancy and Kalyani, Sheetal and Suraweera, Himal A},
  journal={IEEE Trans. Wireless Commun.},
  volume={23},
  number={10},
  pages={14652--14666},
  year={2024},
  publisher={IEEE}
}
@article{hieu2021optimal,
  title={Optimal Power Allocation for Rate Splitting Communications with Deep Reinforcement Learning},
  author={Hieu, Nguyen Quang and Hoang, Dinh Thai and Niyato, Dusit and Kim, Dong In},
  journal={IEEE Wireless Commun. Lett.},
  volume={10},
  number={12},
  pages={2820--2823},
  year={2021},
  publisher={IEEE}
}

@article{gao2024uav,
  title={{UAV}-Assisted {MEC} System With Mobile Ground Terminals: {DRL}-Based Joint Terminal Scheduling and {UAV} 3{D} Trajectory Design},
  author={Gao, Yunfei and Yuan, Xiaopeng and Yang, Dingcheng and Hu, Yulin and Cao, Yue and Schmeink, Anke},
  journal={{IEEE} Trans. Veh. Technol.},
  volume={73},
  number={7},
  pages={10164--10180},
  year={2024},
  publisher={IEEE}
}

@article{muhammad2021deep,
  title={Deep-Reinforcement-Learning-Based Sustainable Energy Distribution for Wireless Communication},
  author={Muhammad, Ghulam and Hossain, M Shamim},
  journal={{IEEE} Wireless Commun.},
  volume={28},
  number={6},
  pages={42--48},
  year={2021},
  publisher={IEEE}
}
@article{michaud2020understanding,
  title={Understanding Learned Reward Functions},
  author={Michaud, Eric J and Gleave, Adam and Russell, Stuart},
  journal={arXiv preprint arXiv:2012.05862},
  year={2020}
}
@inproceedings{lyu2020movement,
  title={Movement and Communication Co-Design in Multi-{UAV} Enabled Wireless Systems via {DRL}},
  author={Lyu, Zhonghao and Ren, Chenhao and Qiu, Ling},
  booktitle={2020 IEEE 6th International Conference on Computer and Communications (ICCC)},
  pages={220--226},
  year={2020},
  organization={IEEE}
}
@article{wang2022vrl3,
  title={Vrl3: A Data-Driven Framework for Visual Deep Reinforcement Learning},
  author={Wang, Che and Luo, Xufang and Ross, Keith and Li, Dongsheng},
  journal={Adv. Neural Inf. Process. Syst.},
  volume={35},
  pages={32974--32988},
  year={2022}
}

@article{qian2024offline,
  title={Offline {DRL} for Price-Based Demand Response: Learning From Suboptimal Data and Beyond},
  author={Qian, Tao and Liang, Zeyu and Shao, Chengcheng and Zhang, Hongcai and Hu, Qinran and Wu, Zaijun},
  journal={IEEE Trans. Smart Grid},
  volume={15},
  number={5},
  pages={4618--4635},
  year={2024},
  publisher={IEEE}
}
@article{wang2021provably,
  title={Provably Efficient Causal Reinforcement Learning with Confounded Observational Data},
  author={Wang, Lingxiao and Yang, Zhuoran and Wang, Zhaoran},
  journal={Adv. Neural Inf. Process. Syst.},
  volume={34},
  pages={21164--21175},
  year={2021}
}
@article{mohi2024optimizing,
  title={Optimizing Deep Reinforcement Learning in Data-Scarce Domains: A Cross-Domain Evaluation of Double {DQN} and Dueling {DQN}},
  author={Mohi Ud Din, Nusrat and Assad, Assif and Ul Sabha, Saqib and Rasool, Muzafar},
  journal={International Journal of System Assurance Engineering and Management},
  pages={1--12},
  year={2024},
  publisher={Springer}
}
@inproceedings{xu2022explore,
  title={Explore-Bench: Data Sets, Metrics and Evaluations for Frontier-Based and Deep-Reinforcement-Learning-Based Autonomous Exploration},
  author={Xu, Yuanfan and Yu, Jincheng and Tang, Jiahao and Qiu, Jiantao and Wang, Jian and Shen, Yuan and Wang, Yu and Yang, Huazhong},
  booktitle={2022 International Conference on Robotics and Automation (ICRA)},
  pages={6225--6231},
  year={2022},
  organization={IEEE}
}
@article{du2024enhancing,
  title={Enhancing Deep Reinforcement Learning: A Tutorial on Generative Diffusion Models in Network Optimization},
  author={Du, Hongyang and Zhang, Ruichen and Liu, Yinqiu and Wang, Jiacheng and Lin, Yijing and Li, Zonghang and Niyato, Dusit and Kang, Jiawen and Xiong, Zehui and Cui, Shuguang and others},
  journal={{IEEE} Commun. Surveys Tutorials},
  volume={26},
  number={4},
  pages={2611--2646},
  year={2024},
  publisher={IEEE}
}

@article{zhi2022deep,
  title={Deep Reinforcement Learning-Based Resource Allocation for {D2D} Communications in Heterogeneous Cellular Networks},
  author={Zhi, Yuan and Tian, Jie and Deng, Xiaofang and Qiao, Jingping and Lu, Dianjie},
  journal={Digit. Commun. Netw.},
  volume={8},
  number={5},
  pages={834--842},
  year={2022},
  publisher={Elsevier}
}

@article{luong2021deep,
  title={Deep Reinforcement Learning-Based Resource Allocation in Cooperative {UAV}-Assisted Wireless Networks},
  author={Luong, Phuong and Gagnon, Fran{\c{c}}ois and Tran, Le-Nam and Labeau, Fabrice},
  journal={{IEEE} Trans. Wireless Commun.},
  volume={20},
  number={11},
  pages={7610--7625},
  year={2021},
  publisher={IEEE}
} 

@article{wang2023hybrid,
  title={Hybrid Hierarchical {DRL} Enabled Resource Allocation for Secure Transmission in Multi-{IRS}-Assisted Sensing-Enhanced Spectrum Sharing Networks},
  author={Wang, Lingyi and Wu, Wei and Zhou, Fuhui and Wu, Qihui and Dobre, Octavia A and Quek, Tony QS},
  journal={{IEEE} Trans. Wireless Commun.},
  volume={23},
  number={6},
  pages={6330--6346},
  year={2024},
  publisher={IEEE}
}

@article{wang2020drl,
  title={{DRL}-Based Energy-Efficient Resource Allocation Frameworks for Uplink {NOMA} Systems},
  author={Wang, Xiaoming and Zhang, Yuhan and Shen, Ruijuan and Xu, Youyun and Zheng, Fu-Chun},
  journal={{IEEE} Internet Things J.},
  volume={7},
  number={8},
  pages={7279--7294},
  year={2020},
  publisher={IEEE}
}

@article{pang2022drl,
  title={{DRL}-Based Resource Allocation in Remote State Estimation},
  author={Pang, Gaoyang and Liu, Wanchun and Li, Yonghui and Vucetic, Branka},
  journal={{IEEE} Trans. Wireless Commun.},
  volume={22},
  number={7},
  pages={4434--4448},
  year={2022},
  publisher={IEEE}
}

@article{zhang2023drl,
  title={{DRL}-Driven Dynamic Resource Allocation for Task-Oriented Semantic Communication},
  author={Zhang, Haijun and Wang, Hongyu and Li, Yabo and Long, Keping and Nallanathan, Arumugam},
  journal={{IEEE} Trans. Commun.},
  volume={71},
  number={7},
  pages={3992--4004},
  year={2023},
  publisher={IEEE}
}

@article{tran2023multi,
  title={Multi-Agent {DRL} Approach for Energy-Efficient Resource Allocation in {URLLC}-Enabled Grant-Free {NOMA} Systems},
  author={Tran, Duc-Dung and Sharma, Shree Krishna and Ha, Vu Nguyen and Chatzinotas, Symeon and Woungang, Isaac},
  journal={IEEE Open J. Commun. Soc.},
  volume={4},
  pages={1470--1486},
  year={2023},
  publisher={IEEE}
}

@inproceedings{sohl2015deep,
  title={Deep Unsupervised Learning Using Nonequilibrium Thermodynamics},
  author={Sohl-Dickstein, Jascha and Weiss, Eric and Maheswaranathan, Niru and Ganguli, Surya},
  booktitle={International Conference on Machine Learning},
  pages={2256--2265},
  year={2015},
  organization={PMLR}
}
@article{song2020denoising,
  title={Denoising Diffusion Implicit Models},
  author={Song, Jiaming and Meng, Chenlin and Ermon, Stefano},
  journal={arXiv preprint arXiv:2010.02502},
  year={2020}
}


@article{kang2024hybrid,
  title={Hybrid-Generative Diffusion Models for Attack-Oriented Twin Migration in Vehicular Metaverses},
  author={Kang, Yingkai and Wen, Jinbo and Kang, Jiawen and Zhang, Tao and Du, Hongyang and Niyato, Dusit and Yu, Rong and Xie, Shengli},
  journal={arXiv preprint arXiv:2407.11036},
  year={2024}
}

@article{du2024diffusion,
  title={Diffusion-Based Reinforcement Learning for Edge-Enabled {AI}-Generated Content Services},
  author={Du, Hongyang and Li, Zonghang and Niyato, Dusit and Kang, Jiawen and Xiong, Zehui and Huang, Huawei and Mao, Shiwen},
  journal={{IEEE} Trans. Mobile Comput.},
  volume={23},
  number={9},
  pages={8902--8918},
  year={2024},
  publisher={IEEE}
}
@article{seid2021multi,
  title={Multi-Agent {DRL} for Task Offloading and Resource Allocation in Multi-{UAV} Enabled IoT Edge Network},
  author={Seid, Abegaz Mohammed and Boateng, Gordon Owusu and Mareri, Bruce and Sun, Guolin and Jiang, Wei},
  journal={{IEEE} Trans. Netw. Service Manag.},
  volume={18},
  number={4},
  pages={4531--4547},
  year={2021},
  publisher={IEEE}
}
@article{qin2024diffusiongpt,
  title={Diffusiongpt: {LLM}-Driven Text-to-Image Generation System},
  author={Qin, Jie and Wu, Jie and Chen, Weifeng and Ren, Yuxi and Li, Huixia and Wu, Hefeng and Xiao, Xuefeng and Wang, Rui and Wen, Shilei},
  journal={arXiv preprint arXiv:2401.10061},
  year={2024}
}

@article{janner2022planning,
  title={Planning with Diffusion for Flexible Behavior Synthesis},
  author={Janner, Michael and Du, Yilun and Tenenbaum, Joshua B and Levine, Sergey},
  journal={arXiv preprint arXiv:2205.09991},
  year={2022}
}

@article{yu2024attention,
  title={Attention-Based {QoE}-Aware Digital Twin Empowered Edge Computing for Immersive Virtual Reality},
  author={Yu, Jiadong and Alhilal, Ahmad and Zhou, Tailin and Hui, Pan and Tsang, Danny HK},
  journal={{IEEE} Trans. Wireless Commun.},
  volume={23},
  number={9},
  pages={11276--11290},
  year={2024},
  publisher={IEEE}
}

@article{miao2024utility,
  title={Utility-Oriented Optimization for Video Streaming in {UAV}-Aided {MEC} Network: A {DRL} Approach},
  author={Miao, Jiansong and Bai, Shanling and Mumtaz, Shahid and Zhang, Qian and Mu, Junsheng},
  journal={{IEEE} Trans. Green Commun. Netw.},
  volume={8},
  number={2},
  pages={878--889},
  year={2024},
  publisher={IEEE}
}

@article{zhou2024federated,
  title={Federated Prompt-based Decision Transformer for Customized {VR} Services in Mobile Edge Computing System},
  author={Zhou, Tailin and Yu, Jiadong and Zhang, Jun and Tsang, Danny HK},
  journal={arXiv preprint arXiv:2402.09729},
  year={2024}
}
@article{hu2023intelligent,
  title={Intelligent Resource Allocation for Edge-Cloud Collaborative Networks: A Hybrid {DDPG-D3QN} Approach},
  author={Hu, Han and Wu, Dingguo and Zhou, Fuhui and Zhu, Xingwu and Hu, Rose Qingyang and Zhu, Hongbo},
  journal={{IEEE} Trans. Veh. Technol.},
  volume={72},
  number={8},
  pages={10696--10709},
  year={2023},
  publisher={IEEE}
}

@article{zhang2022drl,
  title={{DRL}-Based Partial Offloading for Maximizing Sum Computation Rate of Wireless Powered Mobile Edge Computing Network},
  author={Zhang, Shubin and Gu, Hui and Chi, Kaikai and Huang, Liang and Yu, Keping and Mumtaz, Shahid},
  journal={{IEEE} Trans. Wireless Commun.},
  volume={21},
  number={12},
  pages={10934--10948},
  year={2022},
  publisher={IEEE}
}
@article{hao2022delay,
  title={Delay-Oriented Scheduling in {5G} Downlink Wireless Networks Based on Reinforcement Learning with Partial Observations},
  author={Hao, Yijun and Li, Fang and Zhao, Cong and Yang, Shusen},
  journal={{IEEE} ACM Trans. Netw.},
  volume={31},
  number={1},
  pages={380--394},
  year={2022},
  publisher={IEEE}
}
@article{kasi2022d,
  title={{D-RAN}: A {DRL}-Based Demand-Driven Elastic User-Centric {RAN} Optimization for {6G} \& Beyond},
  author={Kasi, Shahrukh Khan and Hashmi, Umair Sajid and Ekin, Sabit and Abu-Dayya, Adnan and Imran, Ali},
  journal={{IEEE} Trans. Cogn. Commun. Netw.},
  volume={9},
  number={1},
  pages={130--145},
  year={2022},
  publisher={IEEE}
}
@inproceedings{swistak2024qos,
  title={{QoS-DRAMA}: Quality of Service Aware Drl-Based Adaptive Mid-Level Resource Allocation Scheme},
  author={Swistak, Ethan and Roshdi, Moustafa and German, Reinhard and Harounabadi, Mehdi},
  booktitle={IEEE INFOCOM 2024-IEEE Conference on Computer Communications Workshops (INFOCOM WKSHPS)},
  pages={1--6},
  year={2024},
  organization={IEEE}
}

@article{al2022self,
  title={Self-Organizing mmWave {MIMO} Cell-Free Networks with Hybrid Beamforming: A Hierarchical {DRL}-Based Design},
  author={Al-Eryani, Yasser and Hossain, Ekram},
  journal={{IEEE} Trans. Commun.},
  volume={70},
  number={5},
  pages={3169--3185},
  year={2022},
  publisher={IEEE}
}
@inproceedings{he2023reinforcement,
  title={Reinforcement Learning Based Downlink {OFDMA} Scheduling for Time-Sensitive WiFi Networks},
  author={He, Junjie and Tan, Bowen and Gao, Yayu},
  booktitle={2023 IEEE/CIC International Conference on Communications in China (ICCC)},
  pages={1--6},
  year={2023},
  organization={IEEE}
}
@article{chai2024drl,
  title={{DRL}-Based Dynamic Resource Allocation for Multi-Beam Satellite Systems},
  author={Chai, Rong and Yang, Guorong and Liu, Lei and Chen, Qianbin},
  journal={{IEEE} Trans. Netw. Serv. Manag.},
  volume={21},
  number={4},
  pages={3829--3845},
  year={2024},
  publisher={IEEE}
}

@article{kumar2020conservative,
  title={Conservative Q-Learning for Offline Reinforcement Learning},
  author={Kumar, Aviral and Zhou, Aurick and Tucker, George and Levine, Sergey},
  journal={Adv. Neural Inf. Process. Syst.},
  volume={33},
  pages={1179--1191},
  year={2020}
}

@inproceedings{agarwal2020optimistic,
  title={An Optimistic Perspective on Offline Reinforcement Learning},
  author={Agarwal, Rishabh and Schuurmans, Dale and Norouzi, Mohammad},
  booktitle={International Conference on Machine Learning},
  pages={104--114},
  year={2020},
  organization={PMLR}
}

@article{jin2022vwp,
  title={{VWP}: An Efficient {DRL}-Based Autonomous Driving Model},
  author={Jin, Yan-Liang and Ji, Ze-Yu and Zeng, Dan and Zhang, Xiao-Ping},
  journal={IEEE Trans. Multimedia},
  volume={26},
  pages={2096--2108},
  year={2022},
  publisher={IEEE}
}

@article{chen2023structure,
  title={Structure-Enhanced {DRL} for Optimal Transmission Scheduling},
  author={Chen, Jiazheng and Liu, Wanchun and Quevedo, Daniel E and Khosravirad, Saeed R and Li, Yonghui and Vucetic, Branka},
  journal={{IEEE} Trans. Wireless Commun.},
  volume={23},
  number={1},
  pages={379--393},
  year={2023},
  publisher={IEEE}
}