@article{antunes2024crystalstructuregenerationautoregressive,
  author       = {Luis M. Antunes and Keith T. Butler and Ricardo Grau-Crespo},
  title        = {Crystal structure generation with autoregressive large language modeling},
  journal      = {Nature Communications},
  volume       = {15},
  number       = {1},
  pages        = {10570},
  year         = {2024},
  doi          = {10.1038/s41467-024-54639-7},
  issn         = {2041-1723},
  date         = {2024/12/06}
}

@article{dagdelen2024structured,
  title={Structured information extraction from scientific text with large language models},
  author={Dagdelen, John and Dunn, Alexander and Lee, Sanghoon and Walker, Nicholas and Rosen, Andrew S and Ceder, Gerbrand and Persson, Kristin A and Jain, Anubhav},
  journal={Nature Communications},
  volume={15},
  number={1},
  pages={1418},
  year={2024},
  publisher={Nature Publishing Group UK London}
}

@article{dettmers2024qlora,
  title={Qlora: Efficient finetuning of quantized llms},
  author={Dettmers, Tim and Pagnoni, Artidoro and Holtzman, Ari and Zettlemoyer, Luke},
  journal={Advances in Neural Information Processing Systems},
  volume={36},
  year={2024}
}

@article{dubey2024llama,
  title={The llama 3 herd of models},
  author={Dubey, Abhimanyu and Jauhri, Abhinav and Pandey, Abhinav and Kadian, Abhishek and Al-Dahle, Ahmad and Letman, Aiesha and Mathur, Akhil and Schelten, Alan and Yang, Amy and Fan, Angela and others},
  journal={arXiv preprint arXiv:2407.21783},
  year={2024}
}

@article{gupta2022matscibert,
  title={MatSciBERT: A materials domain language model for text mining and information extraction},
  author={Gupta, Tanishq and Zaki, Mohd and Krishnan, NM Anoop and Mausam},
  journal={npj Computational Materials},
  volume={8},
  number={1},
  pages={102},
  year={2022},
  publisher={Nature Publishing Group UK London}
}

@article{hocky2022natural,
  title={Natural language processing models that automate programming will transform chemistry research and teaching},
  author={Hocky, Glen M and White, Andrew D},
  journal={Digital discovery},
  volume={1},
  number={2},
  pages={79--83},
  year={2022},
  publisher={Royal Society of Chemistry}
}

@article{jablonka2024leveraging,
  title={Leveraging large language models for predictive chemistry},
  author={Jablonka, Kevin Maik and Schwaller, Philippe and Ortega-Guerrero, Andres and Smit, Berend},
  journal={Nature Machine Intelligence},
  volume={6},
  number={2},
  pages={161--169},
  year={2024},
  publisher={Nature Publishing Group UK London}
}

@article{jiao2023crystal,
  title={Crystal structure prediction by joint equivariant diffusion},
  author={Jiao, Rui and Huang, Wenbing and Lin, Peijia and Han, Jiaqi and Chen, Pin and Lu, Yutong and Liu, Yang},
  journal={Advances in Neural Information Processing Systems},
  volume={36},
  pages={17464--17497},
  year={2023}
}

@article{m2024augmenting,
  title={Augmenting large language models with chemistry tools},
  author={M. Bran, Andres and Cox, Sam and Schilter, Oliver and Baldassari, Carlo and White, Andrew D and Schwaller, Philippe},
  journal={Nature Machine Intelligence},
  pages={1--11},
  year={2024},
  publisher={Nature Publishing Group UK London}
}

@inproceedings{millerflowmm,
  title={FlowMM: Generating Materials with Riemannian Flow Matching},
  author={Miller, Benjamin Kurt and Chen, Ricky TQ and Sriram, Anuroop and Wood, Brandon M},
  year={2024},
  booktitle={Forty-first International Conference on Machine Learning}
}

@article{mohanty2024crystext,
  author    = {Mohanty, T. and Mehta, M. and Sayeed, H. M. and Srikumar, V. and Sparks, T. D.},
  title     = {CrysText: A Generative AI Approach for Text-Conditioned Crystal Structure Generation using LLM},
  journal   = {ChemRxiv},
  year      = {2024},
  doi       = {10.26434/chemrxiv-2024-gjhpq},
  note      = {This content is a preprint and has not been peer-reviewed.}
}

@article{polak2024extracting,
  title={Extracting accurate materials data from research papers with conversational language models and prompt engineering},
  author={Polak, Maciej P and Morgan, Dane},
  journal={Nature Communications},
  volume={15},
  number={1},
  pages={1569},
  year={2024},
  publisher={Nature Publishing Group UK London}
}

@article{schilling2025text,
  title={From text to insight: large language models for chemical data extraction},
  author={Schilling-Wilhelmi, Mara and R{\'\i}os-Garc{\'\i}a, Marti{\~n}o and Shabih, Sherjeel and Gil, Mar{\'\i}a Victoria and Miret, Santiago and Koch, Christoph T and M{\'a}rquez, Jos{\'e} A and Jablonka, Kevin Maik},
  journal={Chemical Society Reviews},
  year={2025},
  publisher={Royal Society of Chemistry}
}

@article{szymanski2023autonomous,
  title={An autonomous laboratory for the accelerated synthesis of novel materials},
  author={Szymanski, Nathan J and Rendy, Bernardus and Fei, Yuxing and Kumar, Rishi E and He, Tanjin and Milsted, David and McDermott, Matthew J and Gallant, Max and Cubuk, Ekin Dogus and Merchant, Amil and others},
  journal={Nature},
  volume={624},
  number={7990},
  pages={86--91},
  year={2023},
  publisher={Nature Publishing Group UK London}
}

@article{touvron2023llama,
  title={Llama 2: Open foundation and fine-tuned chat models},
  author={Touvron, Hugo and Martin, Louis and Stone, Kevin and Albert, Peter and Almahairi, Amjad and Babaei, Yasmine and Bashlykov, Nikolay and Batra, Soumya and Bhargava, Prajjwal and Bhosale, Shruti and others},
  journal={arXiv preprint arXiv:2307.09288},
  year={2023}
}

@inproceedings{vaswani2017attentionneed,
 author = {Vaswani, Ashish and Shazeer, Noam and Parmar, Niki and Uszkoreit, Jakob and Jones, Llion and Gomez, Aidan N and Kaiser, \L ukasz and Polosukhin, Illia},
 booktitle = {Advances in Neural Information Processing Systems},
 editor = {I. Guyon and U. Von Luxburg and S. Bengio and H. Wallach and R. Fergus and S. Vishwanathan and R. Garnett},
 pages = {},
 publisher = {Curran Associates, Inc.},
 title = {Attention is All you Need},
 volume = {30},
 year = {2017}
}

@article{zeni2025generative,
  title={A generative model for inorganic materials design},
  author={Zeni, Claudio and Pinsler, Robert and Z{\"u}gner, Daniel and Fowler, Andrew and Horton, Matthew and Fu, Xiang and Wang, Zilong and Shysheya, Aliaksandra and Crabb{\'e}, Jonathan and Ueda, Shoko and others},
  journal={Nature},
  pages={1--3},
  year={2025},
  publisher={Nature Publishing Group UK London}
}

@article{zhang_dpa-2_2024,
	title = {{DPA}-2: a large atomic model as a multi-task learner},
	volume = {10},
	issn = {2057-3960},
	doi = {10.1038/s41524-024-01493-2},
	number = {1},
	journal = {npj Computational Materials},
	author = {Zhang, Duo and Liu, Xinzijian and Zhang, Xiangyu and Zhang, Chengqian and Cai, Chun and Bi, Hangrui and Du, Yiming and Qin, Xuejian and Peng, Anyang and Huang, Jiameng and Li, Bowen and Shan, Yifan and Zeng, Jinzhe and Zhang, Yuzhi and Liu, Siyuan and Li, Yifan and Chang, Junhan and Wang, Xinyan and Zhou, Shuo and Liu, Jianchuan and Luo, Xiaoshan and Wang, Zhenyu and Jiang, Wanrun and Wu, Jing and Yang, Yudi and Yang, Jiyuan and Yang, Manyi and Gong, Fu-Qiang and Zhang, Linshuang and Shi, Mengchao and Dai, Fu-Zhi and York, Darrin M. and Liu, Shi and Zhu, Tong and Zhong, Zhicheng and Lv, Jian and Cheng, Jun and Jia, Weile and Chen, Mohan and Ke, Guolin and E, Weinan and Zhang, Linfeng and Wang, Han},
	month = dec,
	year = {2024},
	pages = {293},
}

