@book{young1995rietveld,
  title={The Rietveld Method},
  author={Young, R.A.},
  isbn={9780198559122},
  lccn={lc92020900},
  series={IUCr monographs on crystallography},
  year={1995},
  publisher={Oxford University Press}
}

@article{m2024augmenting,
  title={Augmenting large language models with chemistry tools},
  author={M. Bran, Andres and Cox, Sam and Schilter, Oliver and Baldassari, Carlo and White, Andrew D and Schwaller, Philippe},
  journal={Nature Machine Intelligence},
  pages={1--11},
  year={2024},
  publisher={Nature Publishing Group UK London}
}

@article{schilling2025text,
  title={From text to insight: large language models for chemical data extraction},
  author={Schilling-Wilhelmi, Mara and R{\'\i}os-Garc{\'\i}a, Marti{\~n}o and Shabih, Sherjeel and Gil, Mar{\'\i}a Victoria and Miret, Santiago and Koch, Christoph T and M{\'a}rquez, Jos{\'e} A and Jablonka, Kevin Maik},
  journal={Chemical Society Reviews},
  year={2025},
  publisher={Royal Society of Chemistry}
}

@article{jablonka202314,
  title={14 examples of how LLMs can transform materials science and chemistry: a reflection on a large language model hackathon},
  author={Jablonka, Kevin Maik and Ai, Qianxiang and Al-Feghali, Alexander and Badhwar, Shruti and Bocarsly, Joshua D and Bran, Andres M and Bringuier, Stefan and Brinson, L Catherine and Choudhary, Kamal and Circi, Defne and others},
  journal={Digital Discovery},
  volume={2},
  number={5},
  pages={1233--1250},
  year={2023},
  publisher={Royal Society of Chemistry}
}

@article{dagdelen2024structured,
  title={Structured information extraction from scientific text with large language models},
  author={Dagdelen, John and Dunn, Alexander and Lee, Sanghoon and Walker, Nicholas and Rosen, Andrew S and Ceder, Gerbrand and Persson, Kristin A and Jain, Anubhav},
  journal={Nature Communications},
  volume={15},
  number={1},
  pages={1418},
  year={2024},
  publisher={Nature Publishing Group UK London}
}

@article{gupta2022matscibert,
  title={MatSciBERT: A materials domain language model for text mining and information extraction},
  author={Gupta, Tanishq and Zaki, Mohd and Krishnan, NM Anoop and Mausam},
  journal={npj Computational Materials},
  volume={8},
  number={1},
  pages={102},
  year={2022},
  publisher={Nature Publishing Group UK London}
}

@article{polak2024extracting,
  title={Extracting accurate materials data from research papers with conversational language models and prompt engineering},
  author={Polak, Maciej P and Morgan, Dane},
  journal={Nature Communications},
  volume={15},
  number={1},
  pages={1569},
  year={2024},
  publisher={Nature Publishing Group UK London}
}

@article{zhang_dpa-2_2024,
	title = {{DPA}-2: a large atomic model as a multi-task learner},
	volume = {10},
	issn = {2057-3960},
	doi = {10.1038/s41524-024-01493-2},
	number = {1},
	journal = {npj Computational Materials},
	author = {Zhang, Duo and Liu, Xinzijian and Zhang, Xiangyu and Zhang, Chengqian and Cai, Chun and Bi, Hangrui and Du, Yiming and Qin, Xuejian and Peng, Anyang and Huang, Jiameng and Li, Bowen and Shan, Yifan and Zeng, Jinzhe and Zhang, Yuzhi and Liu, Siyuan and Li, Yifan and Chang, Junhan and Wang, Xinyan and Zhou, Shuo and Liu, Jianchuan and Luo, Xiaoshan and Wang, Zhenyu and Jiang, Wanrun and Wu, Jing and Yang, Yudi and Yang, Jiyuan and Yang, Manyi and Gong, Fu-Qiang and Zhang, Linshuang and Shi, Mengchao and Dai, Fu-Zhi and York, Darrin M. and Liu, Shi and Zhu, Tong and Zhong, Zhicheng and Lv, Jian and Cheng, Jun and Jia, Weile and Chen, Mohan and Ke, Guolin and E, Weinan and Zhang, Linfeng and Wang, Han},
	month = dec,
	year = {2024},
	pages = {293},
}

@article{jablonka2024leveraging,
  title={Leveraging large language models for predictive chemistry},
  author={Jablonka, Kevin Maik and Schwaller, Philippe and Ortega-Guerrero, Andres and Smit, Berend},
  journal={Nature Machine Intelligence},
  volume={6},
  number={2},
  pages={161--169},
  year={2024},
  publisher={Nature Publishing Group UK London}
}

@article{szymanski2023autonomous,
  title={An autonomous laboratory for the accelerated synthesis of novel materials},
  author={Szymanski, Nathan J and Rendy, Bernardus and Fei, Yuxing and Kumar, Rishi E and He, Tanjin and Milsted, David and McDermott, Matthew J and Gallant, Max and Cubuk, Ekin Dogus and Merchant, Amil and others},
  journal={Nature},
  volume={624},
  number={7990},
  pages={86--91},
  year={2023},
  publisher={Nature Publishing Group UK London}
}

@inproceedings{
rubungo2024llmmatbench,
title={{LLM}4Mat-Bench: Benchmarking Large Language Models for Materials Property Prediction},
author={Andre Niyongabo Rubungo and Kangming Li and Jason Hattrick-Simpers and Adji Bousso Dieng},
booktitle={AI for Accelerated Materials Design - NeurIPS 2024},
year={2024},
}

@article{hocky2022natural,
  title={Natural language processing models that automate programming will transform chemistry research and teaching},
  author={Hocky, Glen M and White, Andrew D},
  journal={Digital discovery},
  volume={1},
  number={2},
  pages={79--83},
  year={2022},
  publisher={Royal Society of Chemistry}
}

@book{oganov2011modern,
author = {Oganov, Artem and Oganov, Artem},
year = {2011},
month = {01},
pages = {},
title = {Modern methods of crystal structure prediction},
isbn = {9783527409396}
}

@article{oganov2019structure,
author = {Oganov, Artem and Pickard, Chris and Zhu, Qiang and Needs, Richard},
year = {2019},
month = {04},
pages = {},
title = {Structure prediction drives materials discovery},
volume = {4},
journal = {Nature Reviews Materials},
doi = {10.1038/s41578-019-0101-8}
}

@article{patterson1934fourier,
  title = {A Fourier Series Method for the Determination of the Components of Interatomic Distances in Crystals},
  author = {Patterson, A. L.},
  journal = {Phys. Rev.},
  volume = {46},
  issue = {5},
  pages = {372--376},
  numpages = {0},
  year = {1934},
  month = {Sep},
  publisher = {American Physical Society},
  doi = {10.1103/PhysRev.46.372},
}

@misc{guo2024abinitiostructuresolutions,
      title={Ab Initio Structure Solutions from Nanocrystalline Powder Diffraction Data}, 
      author={Gabe Guo and Tristan Saidi and Maxwell Terban and Michele Valsecchi and Simon JL Billinge and Hod Lipson},
      year={2024},
      eprint={2406.10796},
      archivePrefix={arXiv},
      primaryClass={physics.comp-ph},
}

@Article{kjaer2023deepstruc,
author ="Kjær, Emil T. S. and Anker, Andy S. and Weng, Marcus N. and Billinge, Simon J. L. and Selvan, Raghavendra and Jensen, Kirsten M. {\O}.",
title  ="DeepStruc: towards structure solution from pair distribution function data using deep generative models",
journal  ="Digital Discovery",
year  ="2023",
volume  ="2",
issue  ="1",
pages  ="69-80",
publisher  ="RSC",
doi  ="10.1039/D2DD00086E",
}

@article{riesel2024crystal,
author = {Riesel, Eric A. and Mackey, Tsach and Nilforoshan, Hamed and Xu, Minkai and Badding, Catherine K. and Altman, Alison B. and Leskovec, Jure and Freedman, Danna E.},
title = {Crystal Structure Determination from Powder Diffraction Patterns with Generative Machine Learning},
journal = {Journal of the American Chemical Society},
volume = {146},
number = {44},
pages = {30340-30348},
year = {2024},
doi = {10.1021/jacs.4c10244},
note ={PMID: 39298266},
}

@article{lai2025endtoendcrystalstructureprediction,
author = {Lai, Qingsi and Xu, Fanjie and Yao, Lin and Gao, Zhifeng and Liu, Siyuan and Wang, Hongshuai and Lu, Shuqi and He, Di and Wang, Liwei and Zhang, Linfeng and Wang, Cheng and Ke, Guolin},
title = {End-to-End Crystal Structure Prediction from Powder X-Ray Diffraction},
journal = {Advanced Science},
pages = {2410722},
year={2025},
keywords = {crystal structure prediction, deep learning, equivariant deep generative model, metal–organic frameworks (MOFs), powder X-ray diffraction},
}

@article{antunes2024crystalstructuregenerationautoregressive,
  author       = {Luis M. Antunes and Keith T. Butler and Ricardo Grau-Crespo},
  title        = {Crystal structure generation with autoregressive large language modeling},
  journal      = {Nature Communications},
  volume       = {15},
  number       = {1},
  pages        = {10570},
  year         = {2024},
  doi          = {10.1038/s41467-024-54639-7},
  issn         = {2041-1723},
  date         = {2024/12/06}
}


@article{Ong2013,
  title = {Python Materials Genomics (pymatgen): A robust, open-source python library for materials analysis},
  author = {Shyue Ping Ong and William Davidson Richards and Anubhav Jain and Geoffroy Hautier and Michael Kocher and Shreyas Cholia and Dan Gunter and Vincent Chevrier and Kristin A. Persson and Gerbrand Ceder},
  journal = {Computational Materials Science},
  volume = {68},
  pages = {314--319},
  year = {2013},
  doi = {10.1016/j.commatsci.2012.10.028},
}

@inproceedings{vaswani2017attentionneed,
 author = {Vaswani, Ashish and Shazeer, Noam and Parmar, Niki and Uszkoreit, Jakob and Jones, Llion and Gomez, Aidan N and Kaiser, \L ukasz and Polosukhin, Illia},
 booktitle = {Advances in Neural Information Processing Systems},
 editor = {I. Guyon and U. Von Luxburg and S. Bengio and H. Wallach and R. Fergus and S. Vishwanathan and R. Garnett},
 pages = {},
 publisher = {Curran Associates, Inc.},
 title = {Attention is All you Need},
 volume = {30},
 year = {2017}
}

@inproceedings{chen2024decisiontransformerreinforcementlearning,
author = {Chen, Lili and Lu, Kevin and Rajeswaran, Aravind and Lee, Kimin and Grover, Aditya and Laskin, Michael and Abbeel, Pieter and Srinivas, Aravind and Mordatch, Igor},
title = {Decision transformer: reinforcement learning via sequence modeling},
year = {2024},
isbn = {9781713845393},
publisher = {Curran Associates Inc.},
address = {Red Hook, NY, USA},
booktitle = {Proceedings of the 35th International Conference on Neural Information Processing Systems},
articleno = {1156},
numpages = {14},
series = {NIPS '21}
}

@article{materialsproject2013,
    author = {Jain, Anubhav and Ong, Shyue Ping and Hautier, Geoffroy and Chen, Wei and Richards, William Davidson and Dacek, Stephen and Cholia, Shreyas and Gunter, Dan and Skinner, David and Ceder, Gerbrand and Persson, Kristin A.},
    title = {Commentary: The Materials Project: A materials genome approach to accelerating materials innovation},
    journal = {APL Materials},
    volume = {1},
    number = {1},
    pages = {011002},
    year = {2013},
    month = {07},
    issn = {2166-532X},
    doi = {10.1063/1.4812323},
}

@article{kirklin2015open,
  title={The Open Quantum Materials Database (OQMD): assessing the accuracy of DFT formation energies},
  author={Kirklin, Scott and Saal, James E and Meredig, Bryce and Thompson, Adam and Doak, Jeff W and Aykol, Muratahan and R{\"u}hl, Stephan and Wolverton, Chris},
  journal={npj Computational Materials},
  volume={1},
  number={1},
  pages={1--15},
  year={2015},
  publisher={Nature Publishing Group}
}

@article{nomad2019,
author = {Draxl, Claudia and Scheffler, Matthias},
year = {2019},
month = {05},
pages = {},
title = {The NOMAD Laboratory: From Data Sharing to Artificial Intelligence},
volume = {2},
journal = {Journal of Physics: Materials},
doi = {10.1088/2515-7639/ab13bb}
}

@article{KosecFuKrell,
  author       = {Matej Kosec and
                  Sheng Fu and
                  Mario Michael Krell},
  title        = {Packing: Towards 2x {NLP} {BERT} Acceleration},
  journal      = {CoRR},
  volume       = {abs/2107.02027},
  year         = {2021},
  eprinttype    = {arXiv},
  eprint       = {2107.02027},
  timestamp    = {Wed, 07 Jul 2021 15:23:11 +0200},
  biburl       = {https://dblp.org/rec/journals/corr/abs-2107-02027.bib},
  bibsource    = {dblp computer science bibliography, https://dblp.org}
}

@inproceedings{FriisJensenJohansen2024,
author = {Friis-Jensen, Ulrik and Johansen, Frederik L. and Anker, Andy S. and Dam, Erik B. and Jensen, Kirsten M. \O{}. and Selvan, Raghavendra},
title = {CHILI: Chemically-Informed Large-scale Inorganic Nanomaterials Dataset for Advancing Graph Machine Learning},
year = {2024},
isbn = {9798400704901},
publisher = {Association for Computing Machinery},
address = {New York, NY, USA},
doi = {10.1145/3637528.3671538},
booktitle = {Proceedings of the 30th ACM SIGKDD Conference on Knowledge Discovery and Data Mining},
pages = {4962–4973},
numpages = {12},
keywords = {atomic structure, chemistry, datasets, deep learning, graph neural network, graphs, machine learning, nanomaterials, neutron, scattering, x-ray},
location = {Barcelona, Spain},
series = {KDD '24}
}

@article{cheetham2024ai_materials_discovery,
  author = {Anthony K. Cheetham and Ram Seshadri},
  title = {Artificial Intelligence Driving Materials Discovery? Perspective on the Article: Scaling Deep Learning for Materials Discovery},
  journal = {Chemistry of Materials},
  year = {2024},
  volume = {36},
  number = {8},
  pages = {3490--3495},
  doi = {10.1021/acs.chemmater.4c00643},
}

@misc{Togo_texttt_Spglib_a_software_2018,
author = {Togo, Atsushi and Tanaka, Isao},
doi = {10.48550/arXiv.1808.01590},
title = {{$\texttt{Spglib}$: a software library for crystal symmetry search}},
year = {2018}
}

@article{VESTA,
author = "Momma, Koichi and Izumi, Fujio",
title = "{{\it VESTA}: a three-dimensional visualization system for electronic and structural analysis}",
journal = "Journal of Applied Crystallography",
year = "2008",
volume = "41",
number = "3",
pages = "653--658",
month = "Jun",
doi = {10.1107/S0021889808012016},
keywords = {three-dimensional visualization, structural models, electron densities, computer programs, <it>VESTA</it>},
}

@inproceedings{
gruver2024finetuned,
title={Fine-Tuned Language Models Generate Stable Inorganic Materials as Text},
author={Nate Gruver and Anuroop Sriram and Andrea Madotto and Andrew Gordon Wilson and C. Lawrence Zitnick and Zachary Ward Ulissi},
booktitle={The Twelfth International Conference on Learning Representations (ICLR)},
year={2024}
}

@article{mohanty2024crystext,
  author    = {Mohanty, T. and Mehta, M. and Sayeed, H. M. and Srikumar, V. and Sparks, T. D.},
  title     = {CrysText: A Generative AI Approach for Text-Conditioned Crystal Structure Generation using LLM},
  journal   = {ChemRxiv},
  year      = {2024},
  doi       = {10.26434/chemrxiv-2024-gjhpq},
  note      = {This content is a preprint and has not been peer-reviewed.}
}

@article{jiao2023crystal,
  title={Crystal structure prediction by joint equivariant diffusion},
  author={Jiao, Rui and Huang, Wenbing and Lin, Peijia and Han, Jiaqi and Chen, Pin and Lu, Yutong and Liu, Yang},
  journal={Advances in Neural Information Processing Systems},
  volume={36},
  pages={17464--17497},
  year={2023}
}

@inproceedings{
jiao2024space,
title={Space Group Constrained Crystal Generation},
author={Rui Jiao and Wenbing Huang and Yu Liu and Deli Zhao and Yang Liu},
booktitle={The Twelfth International Conference on Learning Representations},
year={2024}
}

@inproceedings{millerflowmm,
  title={FlowMM: Generating Materials with Riemannian Flow Matching},
  author={Miller, Benjamin Kurt and Chen, Ricky TQ and Sriram, Anuroop and Wood, Brandon M},
  year={2024},
  booktitle={Forty-first International Conference on Machine Learning}
}

@article{COD2009,
author = "Gra{\v{z}}ulis, Saulius and Chateigner, Daniel and Downs, Robert T. and Yokochi, A. F. T. and Quir{\'{o}}s, Miguel and Lutterotti, Luca and Manakova, Elena and Butkus, Justas and Moeck, Peter and Le Bail, Armel",
title = "{Crystallography Open Database {--} an open-access collection of crystal structures}",
journal = "Journal of Applied Crystallography",
year = "2009",
volume = "42",
number = "4",
pages = "726--729",
month = "Aug",
doi = {10.1107/S0021889809016690},
keywords = {Crystallography Open Database, COD, structural databases},
}

@article{AdamW2017,
  author       = {Ilya Loshchilov and
                  Frank Hutter},
  title        = {Fixing Weight Decay Regularization in Adam},
  journal      = {CoRR},
  volume       = {abs/1711.05101},
  year         = {2017},
  eprinttype    = {arXiv},
  eprint       = {1711.05101},
  timestamp    = {Mon, 13 Aug 2018 16:48:18 +0200},
  bibsource    = {dblp computer science bibliography, https://dblp.org}
}

@inproceedings{Pytorch2019,
 author = {Paszke, Adam and Gross, Sam and Massa, Francisco and Lerer, Adam and Bradbury, James and Chanan, Gregory and Killeen, Trevor and Lin, Zeming and Gimelshein, Natalia and Antiga, Luca and Desmaison, Alban and Kopf, Andreas and Yang, Edward and DeVito, Zachary and Raison, Martin and Tejani, Alykhan and Chilamkurthy, Sasank and Steiner, Benoit and Fang, Lu and Bai, Junjie and Chintala, Soumith},
 booktitle = {Advances in Neural Information Processing Systems},
 editor = {H. Wallach and H. Larochelle and A. Beygelzimer and F. d\textquotesingle Alch\'{e}-Buc and E. Fox and R. Garnett},
 pages = {},
 publisher = {Curran Associates, Inc.},
 title = {PyTorch: An Imperative Style, High-Performance Deep Learning Library},
 volume = {32},
 year = {2019}
}

@article{zeni2025generative,
  title={A generative model for inorganic materials design},
  author={Zeni, Claudio and Pinsler, Robert and Z{\"u}gner, Daniel and Fowler, Andrew and Horton, Matthew and Fu, Xiang and Wang, Zilong and Shysheya, Aliaksandra and Crabb{\'e}, Jonathan and Ueda, Shoko and others},
  journal={Nature},
  pages={1--3},
  year={2025},
  publisher={Nature Publishing Group UK London}
}
@article{ziegler2019fine,
  title={Fine-tuning language models from human preferences},
  author={Ziegler, Daniel M and Stiennon, Nisan and Wu, Jeffrey and Brown, Tom B and Radford, Alec and Amodei, Dario and Christiano, Paul and Irving, Geoffrey},
  journal={arXiv preprint arXiv:1909.08593},
  year={2019}
}
@article{touvron2023llama,
  title={Llama 2: Open foundation and fine-tuned chat models},
  author={Touvron, Hugo and Martin, Louis and Stone, Kevin and Albert, Peter and Almahairi, Amjad and Babaei, Yasmine and Bashlykov, Nikolay and Batra, Soumya and Bhargava, Prajjwal and Bhosale, Shruti and others},
  journal={arXiv preprint arXiv:2307.09288},
  year={2023}
}
@article{dubey2024llama,
  title={The llama 3 herd of models},
  author={Dubey, Abhimanyu and Jauhri, Abhinav and Pandey, Abhinav and Kadian, Abhishek and Al-Dahle, Ahmad and Letman, Aiesha and Mathur, Akhil and Schelten, Alan and Yang, Amy and Fan, Angela and others},
  journal={arXiv preprint arXiv:2407.21783},
  year={2024}
}
@article{dettmers2024qlora,
  title={Qlora: Efficient finetuning of quantized llms},
  author={Dettmers, Tim and Pagnoni, Artidoro and Holtzman, Ari and Zettlemoyer, Luke},
  journal={Advances in Neural Information Processing Systems},
  volume={36},
  year={2024}
}

@Article{Cheetham2014,
author={Cheetham, Anthony K.
and Goodwin, Andrew L.},
title={Crystallography with powders},
journal={Nature Materials},
year={2014},
month={Aug},
day={01},
volume={13},
number={8},
pages={760-762},
}

@Article{Wang2020,
author={Wang, Hong
and Xie, Yunchao
and Li, Dawei
and Deng, Heng
and Zhao, Yunxin
and Xin, Ming
and Lin, Jian},
title={Rapid Identification of X-ray Diffraction Patterns Based on Very Limited Data by Interpretable Convolutional Neural Networks},
journal={Journal of Chemical Information and Modeling},
year={2020},
month={Apr},
day={27},
publisher={American Chemical Society},
volume={60},
number={4},
pages={2004-2011},
issn={1549-9596},
doi={10.1021/acs.jcim.0c00020},
}

@Article{Tatlier2011,
author={Tatlier, Melkon},
title={Artificial neural network methods for the prediction of framework crystal structures of zeolites from XRD data},
journal={Neural Computing and Applications},
year={2011},
month={Apr},
day={01},
volume={20},
number={3},
pages={365-371},
issn={1433-3058},
doi={10.1007/s00521-010-0386-4},
}

@Article{Bunn2016,
author={Bunn, Jonathan Kenneth
and Hu, Jianjun
and Hattrick-Simpers, Jason R.},
title={Semi-Supervised Approach to Phase Identification from Combinatorial Sample Diffraction Patterns},
journal={JOM},
year={2016},
month={Aug},
day={01},
volume={68},
number={8},
pages={2116-2125},
issn={1543-1851},
doi={10.1007/s11837-016-2033-8},
}

@Article{Oviedo2019,
author={Oviedo, Felipe
and Ren, Zekun
and Sun, Shijing
and Settens, Charles
and Liu, Zhe
and Hartono, Noor Titan Putri
and Ramasamy, Savitha
and DeCost, Brian L.
and Tian, Siyu I. P.
and Romano, Giuseppe
and Gilad Kusne, Aaron
and Buonassisi, Tonio},
title={Fast and interpretable classification of small X-ray diffraction datasets using data augmentation and deep neural networks},
journal={npj Computational Materials},
year={2019},
month={May},
day={17},
volume={5},
number={1},
pages={60},
issn={2057-3960},
doi={10.1038/s41524-019-0196-x},
}

@article{Young:a21811,
author = "Young, R. A. and Wiles, D. B.",
title = "{Profile shape functions in Rietveld refinements}",
journal = "Journal of Applied Crystallography",
year = "1982",
volume = "15",
number = "4",
pages = "430--438",
month = "Aug",
doi = {10.1107/S002188988201231X},
}

