% Introduction
@article{liu2017hybrid,
  title={A hybrid fruit fly algorithm for solving flexible job-shop scheduling to reduce manufacturing carbon footprint},
  author={Liu, Qiong and Zhan, Mengmeng and Chekem, Freddy O and Shao, Xinyu and Ying, Baosheng and Sutherland, John W},
  journal={Journal of Cleaner Production},
  volume={168},
  pages={668--678},
  year={2017},
  publisher={Elsevier}
}

@article{helsgaun2017extension,
  title={An extension of the Lin-Kernighan-Helsgaun TSP solver for constrained traveling salesman and vehicle routing problems},
  author={Helsgaun, Keld},
  journal={Roskilde: Roskilde University},
  volume={12},
  pages={966--980},
  year={2017}
}

@article{pisinger2019large,
  title={Large neighborhood search},
  author={Pisinger, David and Ropke, Stefan},
  journal={Handbook of metaheuristics},
  pages={99--127},
  year={2019},
  publisher={Springer}
}

@article{xiong2022survey,
  title={A survey of job shop scheduling problem: The types and models},
  author={Xiong, Hegen and Shi, Shuangyuan and Ren, Danni and Hu, Jinjin},
  journal={Computers \& Operations Research},
  volume={142},
  pages={105731},
  year={2022},
  publisher={Elsevier}
}

@article{vidal2022hybrid,
  title={Hybrid genetic search for the CVRP: Open-source implementation and SWAP* neighborhood},
  author={Vidal, Thibaut},
  journal={Computers \& Operations Research},
  volume={140},
  pages={105643},
  year={2022},
  publisher={Elsevier}
}

@article{chalumeau2023combinatorial,
  title={Combinatorial optimization with policy adaptation using latent space search},
  author={Chalumeau, Felix and Surana, Shikha and Bonnet, Cl{\'e}ment and Grinsztajn, Nathan and Pretorius, Arnu and Laterre, Alexandre and Barrett, Tom},
  journal={Advances in Neural Information Processing Systems},
  volume={36},
  pages={7947--7959},
  year={2023}
}

@inproceedings{wang2023linsatnet,
  title={LinSATNet: the positive linear satisfiability neural networks},
  author={Wang, Runzhong and Zhang, Yunhao and Guo, Ziao and Chen, Tianyi and Yang, Xiaokang and Yan, Junchi},
  booktitle={International Conference on Machine Learning},
  pages={36605--36625},
  year={2023},
  organization={PMLR}
}


@article{zhang2012genetic,
  title={A genetic algorithm with tabu search procedure for flexible job shop scheduling with transportation constraints and bounded processing times},
  author={Zhang, Qiao and Manier, Herv{\'e} and Manier, M-A},
  journal={Computers \& Operations Research},
  volume={39},
  number={7},
  pages={1713--1723},
  year={2012},
  publisher={Elsevier}
}


@article{sethi1991theory,
  title={A theory of rolling horizon decision making},
  author={Sethi, Suresh and Sorger, Gerhard},
  journal={Annals of operations research},
  volume={29},
  number={1},
  pages={387--415},
  year={1991},
  publisher={Springer}
}

@article{mattingley2011receding,
  title={Receding horizon control},
  author={Mattingley, Jacob and Wang, Yang and Boyd, Stephen},
  journal={IEEE Control Systems Magazine},
  volume={31},
  number={3},
  pages={52--65},
  year={2011},
  publisher={IEEE}
}

@book{lewis2012optimal,
  title={Optimal control},
  author={Lewis, Frank L and Vrabie, Draguna and Syrmos, Vassilis L},
  year={2012},
  publisher={John Wiley \& Sons}
}

@article{welikala2021event,
  title={Event-driven receding horizon control for distributed persistent monitoring in network systems},
  author={Welikala, Shirantha and Cassandras, Christos G},
  journal={Automatica},
  volume={127},
  pages={109519},
  year={2021},
  publisher={Elsevier}
}

@article{franze2015receding,
  title={A receding horizon control strategy for autonomous vehicles in dynamic environments},
  author={Franze, Giuseppe and Lucia, Walter},
  journal={IEEE Transactions on Control Systems Technology},
  volume={24},
  number={2},
  pages={695--702},
  year={2015},
  publisher={IEEE}
}

@article{song2016rolling,
  title={Rolling horizon path planning of an autonomous system of UAVs for persistent cooperative service: MILP formulation and efficient heuristics},
  author={Song, Byung Duk and Kim, Jonghoe and Morrison, James R},
  journal={Journal of Intelligent \& Robotic Systems},
  volume={84},
  pages={241--258},
  year={2016},
  publisher={Springer}
}

@article{castaman2021receding,
  title={Receding horizon task and motion planning in changing environments},
  author={Castaman, Nicola and Pagello, Enrico and Menegatti, Emanuele and Pretto, Alberto},
  journal={Robotics and Autonomous Systems},
  volume={145},
  pages={103863},
  year={2021},
  publisher={Elsevier}
}

% warm start mpc
@article{wang2009fast,
  title={Fast model predictive control using online optimization},
  author={Wang, Yang and Boyd, Stephen},
  journal={IEEE Transactions on control systems technology},
  volume={18},
  number={2},
  pages={267--278},
  year={2009},
  publisher={IEEE}
}

@article{ferreau2008online,
  title={An online active set strategy to overcome the limitations of explicit MPC},
  author={Ferreau, Hans Joachim and Bock, Hans Georg and Diehl, Moritz},
  journal={International Journal of Robust and Nonlinear Control: IFAC-Affiliated Journal},
  volume={18},
  number={8},
  pages={816--830},
  year={2008},
  publisher={Wiley Online Library}
}

@article{marcucci2020warm,
  title={Warm start of mixed-integer programs for model predictive control of hybrid systems},
  author={Marcucci, Tobia and Tedrake, Russ},
  journal={IEEE Transactions on Automatic Control},
  volume={66},
  number={6},
  pages={2433--2448},
  year={2020},
  publisher={IEEE}
}

@article{bertsimas2022online,
  title={Online mixed-integer optimization in milliseconds},
  author={Bertsimas, Dimitris and Stellato, Bartolomeo},
  journal={INFORMS Journal on Computing},
  volume={34},
  number={4},
  pages={2229--2248},
  year={2022},
  publisher={INFORMS}
}


% rolling horizon for co

@article{glomb2022rolling,
  title={A rolling-horizon approach for multi-period optimization},
  author={Glomb, Lukas and Liers, Frauke and R{\"o}sel, Florian},
  journal={European Journal of Operational Research},
  volume={300},
  number={1},
  pages={189--206},
  year={2022},
  publisher={Elsevier}
}

@article{chand2002forecast,
  title={Forecast, solution, and rolling horizons in operations management problems: A classified bibliography},
  author={Chand, Suresh and Hsu, Vernon Ning and Sethi, Suresh},
  journal={Manufacturing \& Service Operations Management},
  volume={4},
  number={1},
  pages={25--43},
  year={2002},
  publisher={INFORMS}
}

@article{addis2016operating,
  title={Operating room scheduling and rescheduling: a rolling horizon approach},
  author={Addis, Bernardetta and Carello, Giuliana and Grosso, Andrea and T{\`a}nfani, Elena},
  journal={Flexible Services and Manufacturing Journal},
  volume={28},
  number={1},
  pages={206--232},
  year={2016},
  publisher={Springer}
}

@article{bischi2019rolling,
  title={A rolling-horizon optimization algorithm for the long term operational scheduling of cogeneration systems},
  author={Bischi, Aldo and Taccari, Leonardo and Martelli, Emanuele and Amaldi, Edoardo and Manzolini, Giampaolo and Silva, Paolo and Campanari, Stefano and Macchi, Ennio},
  journal={Energy},
  volume={184},
  pages={73--90},
  year={2019},
  publisher={Elsevier}
}

@article{lagos2020dynamic,
  title={Dynamic optimization for airline maintenance operations},
  author={Lagos, Carlos and Delgado, Felipe and Klapp, Mathias A},
  journal={Transportation Science},
  volume={54},
  number={4},
  pages={998--1015},
  year={2020},
  publisher={INFORMS}
}

@article{li2010rolling,
  title={Rolling horizon based planning and scheduling integration with production capacity consideration},
  author={Li, Zukui and Ierapetritou, Marianthi G},
  journal={Chemical Engineering Science},
  volume={65},
  number={22},
  pages={5887--5900},
  year={2010},
  publisher={Elsevier}
}

@article{clark2000rolling,
  title={Rolling-horizon lot-sizing when set-up times are sequence-dependent},
  author={Clark, Alistair R and Clark, Simon J},
  journal={International Journal of Production Research},
  volume={38},
  number={10},
  pages={2287--2307},
  year={2000},
  publisher={Taylor \& Francis}
}

% related work
% mpc
@book{borrelli2017predictive,
  title={Predictive control for linear and hybrid systems},
  author={Borrelli, Francesco and Bemporad, Alberto and Morari, Manfred},
  year={2017},
  publisher={Cambridge University Press}
}

@article{garcia1989model,
  title={Model predictive control: Theory and practiceâ€”A survey},
  author={Garcia, Carlos E and Prett, David M and Morari, Manfred},
  journal={Automatica},
  volume={25},
  number={3},
  pages={335--348},
  year={1989},
  publisher={Elsevier}
}

@article{lazar2006model,
  title={Model predictive control of hybrid systems: Stability and robustness},
  author={Lazar, Mircea},
  year={2006}
}

@inproceedings{hespanhol2019structure,
  title={A structure exploiting branch-and-bound algorithm for mixed-integer model predictive control},
  author={Hespanhol, Pedro and Quirynen, Rien and Di Cairano, Stefano},
  booktitle={2019 18th European Control Conference (ECC)},
  pages={2763--2768},
  year={2019},
  organization={IEEE}
}


@article{cauligi2021coco,
  title={Coco: Online mixed-integer control via supervised learning},
  author={Cauligi, Abhishek and Culbertson, Preston and Schmerling, Edward and Schwager, Mac and Stellato, Bartolomeo and Pavone, Marco},
  journal={IEEE Robotics and Automation Letters},
  volume={7},
  number={2},
  pages={1447--1454},
  year={2021},
  publisher={IEEE}
}

@inproceedings{cauligi2022prism,
  title={PRISM: Recurrent neural networks and presolve methods for fast mixed-integer optimal control},
  author={Cauligi, Abhishek and Chakrabarty, Ankush and Di Cairano, Stefano and Quirynen, Rien},
  booktitle={Learning for Dynamics and Control Conference},
  pages={34--46},
  year={2022},
  organization={PMLR}
}

% flexible job shop scheduling
@article{xie2019review,
  title={Review on flexible job shop scheduling},
  author={Xie, Jin and Gao, Liang and Peng, Kunkun and Li, Xinyu and Li, Haoran},
  journal={IET collaborative intelligent manufacturing},
  volume={1},
  number={3},
  pages={67--77},
  year={2019},
  publisher={Wiley Online Library}
}

@article{dauzere2023flexible,
  title={The flexible job shop scheduling problem: A review},
  author={Dauz{\`e}re-P{\'e}r{\`e}s, St{\'e}phane and Ding, Junwen and Shen, Liji and Tamssaouet, Karim},
  journal={European Journal of Operational Research},
  year={2023},
  publisher={Elsevier}
}

@article{pei2022critical,
  title={Critical review on the objective function of flexible job shop scheduling},
  author={Pei, Fengque and Zhang, Jiaxuan and Mei, Song and Song, Haojie and others},
  journal={Mathematical Problems in Engineering},
  volume={2022},
  year={2022},
  publisher={Hindawi}
}

@article{winklehner2022flexible,
  title={Flexible job-shop scheduling with release dates, deadlines and sequence dependent setup times: A real-world case},
  author={Winklehner, Philipp and Hauder, Viktoria A},
  journal={Procedia Computer Science},
  volume={200},
  pages={1654--1663},
  year={2022},
  publisher={Elsevier}
}

@article{fattahi2007mathematical,
  title={Mathematical modeling and heuristic approaches to flexible job shop scheduling problems},
  author={Fattahi, Parviz and Saidi Mehrabad, Mohammad and Jolai, Fariborz},
  journal={Journal of intelligent manufacturing},
  volume={18},
  pages={331--342},
  year={2007},
  publisher={Springer}
}

% rho for co
@article{lu2022train,
  title={Train platforming and rescheduling with flexible interlocking mechanisms: An aggregate approach},
  author={Lu, Gongyuan and Ning, Jia and Liu, Xiaobo and Nie, Yu Marco},
  journal={Transportation Research Part E: Logistics and Transportation Review},
  volume={159},
  pages={102622},
  year={2022},
  publisher={Elsevier}
}

@article{fattahi2022data,
  title={Data-driven rolling horizon approach for dynamic design of supply chain distribution networks under disruption and demand uncertainty},
  author={Fattahi, Mohammad and Govindan, Kannan},
  journal={Decision Sciences},
  volume={53},
  number={1},
  pages={150--180},
  year={2022},
  publisher={Wiley Online Library}
}

@inproceedings{kim2023rolling,
  title={Rolling horizon based temporal decomposition for the offline pickup and delivery problem with time windows},
  author={Kim, Youngseo and Edirimanna, Danushka and Wilbur, Michael and Pugliese, Philip and Laszka, Aron and Dubey, Abhishek and Samaranayake, Samitha},
  booktitle={Proceedings of the AAAI Conference on Artificial Intelligence},
  volume={37},
  number={4},
  pages={5151--5159},
  year={2023}
}


% learning for co
@article{kool2018attention,
  title={Attention, learn to solve routing problems!},
  author={Kool, Wouter and Van Hoof, Herke and Welling, Max},
  journal={arXiv preprint arXiv:1803.08475},
  year={2018}
}

@article{kwon2020pomo,
  title={Pomo: Policy optimization with multiple optima for reinforcement learning},
  author={Kwon, Yeong-Dae and Choo, Jinho and Kim, Byoungjip and Yoon, Iljoo and Gwon, Youngjune and Min, Seungjai},
  journal={Advances in Neural Information Processing Systems},
  volume={33},
  pages={21188--21198},
  year={2020}
}

@article{kim2022sym,
  title={Sym-nco: Leveraging symmetricity for neural combinatorial optimization},
  author={Kim, Minsu and Park, Junyoung and Park, Jinkyoo},
  journal={Advances in Neural Information Processing Systems},
  volume={35},
  pages={1936--1949},
  year={2022}
}

@inproceedings{zhou2024mvmoe,
title       ={MVMoE: Multi-Task Vehicle Routing Solver with Mixture-of-Experts},
author      ={Jianan Zhou and Zhiguang Cao and Yaoxin Wu and Wen Song and Yining Ma and Jie Zhang and Chi Xu},
booktitle   ={International Conference on Machine Learning},
year        ={2024}
}

@article{ma2024learning,
  title={Learning to search feasible and infeasible regions of routing problems with flexible neural k-opt},
  author={Ma, Yining and Cao, Zhiguang and Chee, Yeow Meng},
  journal={Advances in Neural Information Processing Systems},
  volume={36},
  year={2024}
}

@inproceedings{ahn2020learning,
  title={Learning what to defer for maximum independent sets},
  author={Ahn, Sungsoo and Seo, Younggyo and Shin, Jinwoo},
  booktitle={International conference on machine learning},
  pages={134--144},
  year={2020},
  organization={PMLR}
}

@article{zhang2024let,
  title={Let the flows tell: Solving graph combinatorial problems with GFlowNets},
  author={Zhang, Dinghuai and Dai, Hanjun and Malkin, Nikolay and Courville, Aaron C and Bengio, Yoshua and Pan, Ling},
  journal={Advances in Neural Information Processing Systems},
  volume={36},
  year={2024}
}

@article{ye2024deepaco,
  title={DeepACO: Neural-enhanced Ant Systems for Combinatorial Optimization},
  author={Ye, Haoran and Wang, Jiarui and Cao, Zhiguang and Liang, Helan and Li, Yong},
  journal={Advances in Neural Information Processing Systems},
  volume={36},
  year={2024}
}

@inproceedings{huang2023searching,
  title={Searching large neighborhoods for integer linear programs with contrastive learning},
  author={Huang, Taoan and Ferber, Aaron M and Tian, Yuandong and Dilkina, Bistra and Steiner, Benoit},
  booktitle={International Conference on Machine Learning},
  pages={13869--13890},
  year={2023},
  organization={PMLR}
}

@article{li2021learning,
  title={Learning to delegate for large-scale vehicle routing},
  author={Li, Sirui and Yan, Zhongxia and Wu, Cathy},
  journal={Advances in Neural Information Processing Systems},
  volume={34},
  pages={26198--26211},
  year={2021}
}


@article{song2020general,
  title={A general large neighborhood search framework for solving integer linear programs},
  author={Song, Jialin and Yue, Yisong and Dilkina, Bistra and others},
  journal={Advances in Neural Information Processing Systems},
  volume={33},
  pages={20012--20023},
  year={2020}
}
% milp
@article{he2014learning,
  title={Learning to search in branch and bound algorithms},
  author={He, He and Daume III, Hal and Eisner, Jason M},
  journal={Advances in neural information processing systems},
  volume={27},
  year={2014}
}

@article{labassi2022learning,
  title={Learning to Compare Nodes in Branch and Bound with Graph Neural Networks},
  author={Labassi, Abdel Ghani and Ch{\'e}telat, Didier and Lodi, Andrea},
  journal={arXiv preprint arXiv:2210.16934},
  year={2022}
}

@article{gupta2020hybrid,
  title={Hybrid models for learning to branch},
  author={Gupta, Prateek and Gasse, Maxime and Khalil, Elias and Mudigonda, Pawan and Lodi, Andrea and Bengio, Yoshua},
  journal={Advances in neural information processing systems},
  volume={33},
  pages={18087--18097},
  year={2020}
}

@inproceedings{zarpellon2021parameterizing,
  title={Parameterizing branch-and-bound search trees to learn branching policies},
  author={Zarpellon, Giulia and Jo, Jason and Lodi, Andrea and Bengio, Yoshua},
  booktitle={Proceedings of the AAAI Conference on Artificial Intelligence},
  volume={35},
  number={5},
  pages={3931--3939},
  year={2021}
}

@article{scavuzzo2022learning,
  title={Learning to branch with tree mdps},
  author={Scavuzzo, Lara and Chen, Feng and Ch{\'e}telat, Didier and Gasse, Maxime and Lodi, Andrea and Yorke-Smith, Neil and Aardal, Karen},
  journal={Advances in Neural Information Processing Systems},
  volume={35},
  pages={18514--18526},
  year={2022}
}


@inproceedings{paulus2022learning,
  title={Learning to cut by looking ahead: Cutting plane selection via imitation learning},
  author={Paulus, Max B and Zarpellon, Giulia and Krause, Andreas and Charlin, Laurent and Maddison, Chris},
  booktitle={International conference on machine learning},
  pages={17584--17600},
  year={2022},
  organization={PMLR}
}

@article{wang2023learning,
  title={Learning cut selection for mixed-integer linear programming via hierarchical sequence model},
  author={Wang, Zhihai and Li, Xijun and Wang, Jie and Kuang, Yufei and Yuan, Mingxuan and Zeng, Jia and Zhang, Yongdong and Wu, Feng},
  journal={arXiv preprint arXiv:2302.00244},
  year={2023}
}

@article{li2024learning,
  title={Learning to configure separators in branch-and-cut},
  author={Li, Sirui and Ouyang, Wenbin and Paulus, Max and Wu, Cathy},
  journal={Advances in Neural Information Processing Systems},
  volume={36},
  year={2024}
}

@inproceedings{xu2011hydra,
  title={Hydra-MIP: Automated algorithm configuration and selection for mixed integer programming},
  author={Xu, Lin and Hutter, Frank and Hoos, Holger H and Leyton-Brown, Kevin},
  booktitle={RCRA workshop on experimental evaluation of algorithms for solving problems with combinatorial explosion at the international joint conference on artificial intelligence (IJCAI)},
  pages={16--30},
  year={2011}
}
% scheduling
@article{zhang2020learning,
  title={Learning to dispatch for job shop scheduling via deep reinforcement learning},
  author={Zhang, Cong and Song, Wen and Cao, Zhiguang and Zhang, Jie and Tan, Puay Siew and Chi, Xu},
  journal={Advances in neural information processing systems},
  volume={33},
  pages={1621--1632},
  year={2020}
}

@article{zhang2024learning,
  title={Learning Topological Representations with Bidirectional Graph Attention Network for Solving Job Shop Scheduling Problem},
  author={Zhang, Cong and Cao, Zhiguang and Wu, Yaoxin and Song, Wen and Sun, Jing},
  journal={The Conference on Uncertainty in Artificial Intelligence (UAI)},
  year={2024}
}

@inproceedings{
zhang2024deep,
title={Deep Reinforcement Learning Guided Improvement Heuristic for Job Shop Scheduling},
author={Cong Zhang and Zhiguang Cao and Wen Song and Yaoxin Wu and Jie Zhang},
booktitle={The Twelfth International Conference on Learning Representations},
year={2024},
url={https://openreview.net/forum?id=jsWCmrsHHs}
}


@article{morabit2024learning,
  title={Learning to repeatedly solve routing problems},
  author={Morabit, Mouad and Desaulniers, Guy and Lodi, Andrea},
  journal={Networks},
  volume={83},
  number={3},
  pages={503--526},
  year={2024},
  publisher={Wiley Online Library}
}


@article{scrich2004tardiness,
  title={Tardiness minimization in a flexible job shop: A tabu search approach},
  author={Scrich, Cintia Rig{\~a}o and Armentano, Vin{\'\i}cius Amaral and Laguna, Manuel},
  journal={Journal of intelligent manufacturing},
  volume={15},
  pages={103--115},
  year={2004},
  publisher={Springer}
}

@article{zhou2009minimizing,
  title={Minimizing weighted tardiness of job-shop scheduling using a hybrid genetic algorithm},
  author={Zhou, Hong and Cheung, Waiman and Leung, Lawrence C},
  journal={European Journal of Operational Research},
  volume={194},
  number={3},
  pages={637--649},
  year={2009},
  publisher={Elsevier}
}

@article{andrade2020scheduling,
  title={Scheduling a dual-resource flexible job shop with makespan and due date-related criteria},
  author={Andrade-Pineda, Jose L and Canca, David and Gonzalez-R, Pedro L and Calle, Marcos},
  journal={Annals of operations research},
  volume={291},
  pages={5--35},
  year={2020},
  publisher={Springer}
}

@article{wachtel2009reducing,
  title={Reducing tardiness from scheduled start times by making adjustments to the operating room schedule},
  author={Wachtel, Ruth E and Dexter, Franklin},
  journal={Anesthesia \& Analgesia},
  volume={108},
  number={6},
  pages={1902--1909},
  year={2009},
  publisher={LWW}
}

@article{shen2015mathematical,
  title={Mathematical modeling and multi-objective evolutionary algorithms applied to dynamic flexible job shop scheduling problems},
  author={Shen, Xiao-Ning and Yao, Xin},
  journal={Information Sciences},
  volume={298},
  pages={198--224},
  year={2015},
  publisher={Elsevier}
}

@article{lee2014reducing,
  title={Reducing patient-flow delays in surgical suites through determining start-times of surgical cases},
  author={Lee, Sangbok and Yih, Yuehwern},
  journal={European Journal of Operational Research},
  volume={238},
  number={2},
  pages={620--629},
  year={2014},
  publisher={Elsevier}
}

@article{pham2008surgical,
  title={Surgical case scheduling as a generalized job shop scheduling problem},
  author={Pham, Dinh-Nguyen and Klinkert, Andreas},
  journal={European Journal of Operational Research},
  volume={185},
  number={3},
  pages={1011--1025},
  year={2008},
  publisher={Elsevier}
}

@article{xie2023new,
  title={A new neighbourhood structure for job shop scheduling problems},
  author={Xie, Jin and Li, Xinyu and Gao, Liang and Gui, Lin},
  journal={International Journal of Production Research},
  volume={61},
  number={7},
  pages={2147--2161},
  year={2023},
  publisher={Taylor \& Francis}
}

@software{cpsatlp,
  title = {CP-SAT},
  version = { v9.9 },
  author = {Laurent Perron and FrÃ©dÃ©ric Didier},
  organization = {Google},
  url = {https://developers.google.com/optimization/cp/cp_solver/},
  date = { 2024-03-07 }
}

@article{kingma2014adam,
  title={Adam: A method for stochastic optimization},
  author={Kingma, Diederik P and Ba, Jimmy},
  journal={arXiv preprint arXiv:1412.6980},
  year={2014}
}

@article{kipf2016semi,
  title={Semi-supervised classification with graph convolutional networks},
  author={Kipf, Thomas N and Welling, Max},
  journal={arXiv preprint arXiv:1609.02907},
  year={2016}
}


% FJSP citations
@article{song2022flexible,
  title={Flexible job-shop scheduling via graph neural network and deep reinforcement learning},
  author={Song, Wen and Chen, Xinyang and Li, Qiqiang and Cao, Zhiguang},
  journal={IEEE Transactions on Industrial Informatics},
  volume={19},
  number={2},
  pages={1600--1610},
  year={2022},
  publisher={IEEE}
}

@article{wang2023flexible,
  title={Flexible job shop scheduling via dual attention network-based reinforcement learning},
  author={Wang, Runqing and Wang, Gang and Sun, Jian and Deng, Fang and Chen, Jie},
  journal={IEEE Transactions on Neural Networks and Learning Systems},
  year={2023},
  publisher={IEEE}
}

@article{pisinger2007using,
  title={Using decomposition techniques and constraint programming for solving the two-dimensional bin-packing problem},
  author={Pisinger, David and Sigurd, Mikkel},
  journal={INFORMS Journal on Computing},
  volume={19},
  number={1},
  pages={36--51},
  year={2007},
  publisher={INFORMS}
}


% FJSP LNS citations
@inproceedings{pacino2011large,
  title={Large neighborhood search and adaptive randomized decompositions for flexible jobshop scheduling},
  author={Pacino, Dario and Van Hentenryck, Pascal},
  booktitle={Proceedings of the International Joint Conference on Artificial Intelligence},
  year={2011},
  organization={AAAI Press}
}

@article{behnke2012test,
  title={Test instances for the flexible job shop scheduling problem with work centers},
  author={Behnke, Dennis and Geiger, Martin Josef},
  year={2012}
}

@article{dauzere1997integrated,
  title={An integrated approach for modeling and solving the general multiprocessor job-shop scheduling problem using tabu search},
  author={Dauz{\`e}re-P{\'e}r{\`e}s, St{\'e}phane and Paulli, Jan},
  journal={Annals of Operations Research},
  volume={70},
  number={0},
  pages={281--306},
  year={1997},
  publisher={Springer}
}

@article{brandimarte1993routing,
  title={Routing and scheduling in a flexible job shop by tabu search},
  author={Brandimarte, Paolo},
  journal={Annals of Operations research},
  volume={41},
  number={3},
  pages={157--183},
  year={1993},
  publisher={Springer}
}

@article{hurink1994tabu,
  title={Tabu search for the job-shop scheduling problem with multi-purpose machines},
  author={Hurink, Johann and Jurisch, Bernd and Thole, Monika},
  journal={Operations-Research-Spektrum},
  volume={15},
  pages={205--215},
  year={1994},
  publisher={Springer}
}


@article{luo2021real,
  title={Real-time scheduling for dynamic partial-no-wait multiobjective flexible job shop by deep reinforcement learning},
  author={Luo, Shu and Zhang, Linxuan and Fan, Yushun},
  journal={IEEE Transactions on Automation Science and Engineering},
  volume={19},
  number={4},
  pages={3020--3038},
  year={2021},
  publisher={IEEE}
}

@article{lei2023large,
  title={Large-scale dynamic scheduling for flexible job-shop with random arrivals of new jobs by hierarchical reinforcement learning},
  author={Lei, Kun and Guo, Peng and Wang, Yi and Zhang, Jian and Meng, Xiangyin and Qian, Linmao},
  journal={IEEE Transactions on Industrial Informatics},
  volume={20},
  number={1},
  pages={1007--1018},
  year={2023},
  publisher={IEEE}
}


% new citations
@book{schrijver2003combinatorial,
  title={Combinatorial optimization: polyhedra and efficiency},
  author={Schrijver, Alexander and others},
  volume={24},
  number={2},
  year={2003},
  publisher={Springer}
}

@article{bengio2021machine,
  title={Machine learning for combinatorial optimization: a methodological tour dâ€™horizon},
  author={Bengio, Yoshua and Lodi, Andrea and Prouvost, Antoine},
  journal={European Journal of Operational Research},
  volume={290},
  number={2},
  pages={405--421},
  year={2021},
  publisher={Elsevier}
}

@article{yang2013metaheuristics,
  title={Metaheuristics for dynamic combinatorial optimization problems},
  author={Yang, Shengxiang and Jiang, Yong and Nguyen, Trung Thanh},
  journal={IMA Journal of Management Mathematics},
  volume={24},
  number={4},
  pages={451--480},
  year={2013},
  publisher={Oxford University Press}
}

@book{hentenryck2006online,
  title={Online stochastic combinatorial optimization},
  author={Hentenryck, Pascal Van and Bent, Russell},
  year={2006},
  publisher={The MIT Press}
}

@book{du1998handbook,
  title={Handbook of combinatorial optimization},
  author={Du, Dingzhu and Pardalos, Panos M},
  volume={4},
  year={1998},
  publisher={Springer Science \& Business Media}
}

@inproceedings{hou2023generalize,
  title={Generalize learned heuristics to solve large-scale vehicle routing problems in real-time},
  author={Hou, Qingchun and Yang, Jingwei and Su, Yiqiang and Wang, Xiaoqing and Deng, Yuming},
  booktitle={The Eleventh International Conference on Learning Representations},
  year={2023}
}

@inproceedings{ye2024glop,
  title={Glop: Learning global partition and local construction for solving large-scale routing problems in real-time},
  author={Ye, Haoran and Wang, Jiarui and Liang, Helan and Cao, Zhiguang and Li, Yong and Li, Fanzhang},
  booktitle={Proceedings of the AAAI Conference on Artificial Intelligence},
  volume={38},
  number={18},
  pages={20284--20292},
  year={2024}
}

@article{zhang2017flexible,
  title={Flexible job-shop scheduling/rescheduling in dynamic environment: a hybrid MAS/ACO approach},
  author={Zhang, Sicheng and Wong, Tak Nam},
  journal={International Journal of Production Research},
  volume={55},
  number={11},
  pages={3173--3196},
  year={2017},
  publisher={Taylor & Francis}
}

@article{gholami2009integrating,
  title={Integrating simulation and genetic algorithm to schedule a dynamic flexible job shop},
  author={Gholami, Mansour and Zandieh, Mostafa},
  journal={Journal of Intelligent Manufacturing},
  volume={20},
  pages={481--498},
  year={2009},
  publisher={Springer}
}



@inproceedings{huang2022anytime,
  title={Anytime multi-agent path finding via machine learning-guided large neighborhood search},
  author={Huang, Taoan and Li, Jiaoyang and Koenig, Sven and Dilkina, Bistra},
  booktitle={Proceedings of the AAAI Conference on Artificial Intelligence},
  volume={36},
  number={9},
  pages={9368--9376},
  year={2022}
}


@inproceedings{yan2024neural,
title={Neural Neighborhood Search for Multi-agent Path Finding},
author={Zhongxia Yan and Cathy Wu},
booktitle={The Twelfth International Conference on Learning Representations},
year={2024},
url={https://openreview.net/forum?id=2NpAw2QJBY}
}

@article{li2016effective,
  title={An effective hybrid genetic algorithm and tabu search for flexible job shop scheduling problem},
  author={Li, Xinyu and Gao, Liang},
  journal={International Journal of Production Economics},
  volume={174},
  pages={93--110},
  year={2016},
  publisher={Elsevier}
}

@article{luo2024self,
  title={Self-Improved Learning for Scalable Neural Combinatorial Optimization},
  author={Luo, Fu and Lin, Xi and Wang, Zhenkun and Xialiang, Tong and Yuan, Mingxuan and Zhang, Qingfu},
  journal={arXiv preprint arXiv:2403.19561},
  year={2024}
}

@article{wang2021multiobjective,
  title={Multiobjective optimization-aided decision-making system for large-scale manufacturing planning},
  author={Wang, Zhenkun and Zhen, Hui-Ling and Deng, Jingda and Zhang, Qingfu and Li, Xijun and Yuan, Mingxuan and Zeng, Jia},
  journal={IEEE Transactions on Cybernetics},
  volume={52},
  number={8},
  pages={8326--8339},
  year={2021},
  publisher={IEEE}
}

@inproceedings{zong2022rbg,
  title={Rbg: Hierarchically solving large-scale routing problems in logistic systems via reinforcement learning},
  author={Zong, Zefang and Wang, Hansen and Wang, Jingwei and Zheng, Meng and Li, Yong},
  booktitle={Proceedings of the 28th ACM SIGKDD Conference on Knowledge Discovery and Data Mining},
  pages={4648--4658},
  year={2022}
}

@misc{ortools_routing,
  title = {OR-Tools CP-SAT Solver},
  author = {Google},
  organization = {Google},
  url = {https://developers.google.com/optimization/cp/cp_solver},
  year = {2023}
}

@misc{
ho2023residual,
title={Residual Scheduling: A New Reinforcement Learning Approach to Solving Job Shop Scheduling Problem},
author={Kuo-Hao Ho and Ruei Yu Jheng and Ji-Han Wu and Fan Chiang and Yen-Chi Chen and Yuan-Yu Wu and I-Chen Wu},
year={2023},
url={https://openreview.net/forum?id=5uIL1E8h1E}
}

@article{echeverria2023solving,
  title={Solving large flexible job shop scheduling instances by generating a diverse set of scheduling policies with deep reinforcement learning},
  author={Echeverria, Imanol and Murua, Maialen and Santana, Roberto},
  journal={arXiv preprint arXiv:2310.15706},
  year={2023}
}