@article{bertsimas2022online,
  title={Online mixed-integer optimization in milliseconds},
  author={Bertsimas, Dimitris and Stellato, Bartolomeo},
  journal={INFORMS Journal on Computing},
  volume={34},
  number={4},
  pages={2229--2248},
  year={2022},
  publisher={INFORMS}
}

@article{bischi2019rolling,
  title={A rolling-horizon optimization algorithm for the long term operational scheduling of cogeneration systems},
  author={Bischi, Aldo and Taccari, Leonardo and Martelli, Emanuele and Amaldi, Edoardo and Manzolini, Giampaolo and Silva, Paolo and Campanari, Stefano and Macchi, Ennio},
  journal={Energy},
  volume={184},
  pages={73--90},
  year={2019},
  publisher={Elsevier}
}

@article{cauligi2021coco,
  title={Coco: Online mixed-integer control via supervised learning},
  author={Cauligi, Abhishek and Culbertson, Preston and Schmerling, Edward and Schwager, Mac and Stellato, Bartolomeo and Pavone, Marco},
  journal={IEEE Robotics and Automation Letters},
  volume={7},
  number={2},
  pages={1447--1454},
  year={2021},
  publisher={IEEE}
}

@software{cpsatlp,
  title = {CP-SAT},
  version = { v9.9 },
  author = {Laurent Perron and Frédéric Didier},
  organization = {Google},
  url = {https://developers.google.com/optimization/cp/cp_solver/},
  date = { 2024-03-07 }
}

@article{dauzere2023flexible,
  title={The flexible job shop scheduling problem: A review},
  author={Dauz{\`e}re-P{\'e}r{\`e}s, St{\'e}phane and Ding, Junwen and Shen, Liji and Tamssaouet, Karim},
  journal={European Journal of Operational Research},
  year={2023},
  publisher={Elsevier}
}

@article{fattahi2022data,
  title={Data-driven rolling horizon approach for dynamic design of supply chain distribution networks under disruption and demand uncertainty},
  author={Fattahi, Mohammad and Govindan, Kannan},
  journal={Decision Sciences},
  volume={53},
  number={1},
  pages={150--180},
  year={2022},
  publisher={Wiley Online Library}
}

@article{garcia1989model,
  title={Model predictive control: Theory and practice—A survey},
  author={Garcia, Carlos E and Prett, David M and Morari, Manfred},
  journal={Automatica},
  volume={25},
  number={3},
  pages={335--348},
  year={1989},
  publisher={Elsevier}
}

@article{glomb2022rolling,
  title={A rolling-horizon approach for multi-period optimization},
  author={Glomb, Lukas and Liers, Frauke and R{\"o}sel, Florian},
  journal={European Journal of Operational Research},
  volume={300},
  number={1},
  pages={189--206},
  year={2022},
  publisher={Elsevier}
}

@article{helsgaun2017extension,
  title={An extension of the Lin-Kernighan-Helsgaun TSP solver for constrained traveling salesman and vehicle routing problems},
  author={Helsgaun, Keld},
  journal={Roskilde: Roskilde University},
  volume={12},
  pages={966--980},
  year={2017}
}

@inproceedings{hespanhol2019structure,
  title={A structure exploiting branch-and-bound algorithm for mixed-integer model predictive control},
  author={Hespanhol, Pedro and Quirynen, Rien and Di Cairano, Stefano},
  booktitle={2019 18th European Control Conference (ECC)},
  pages={2763--2768},
  year={2019},
  organization={IEEE}
}

@inproceedings{huang2022anytime,
  title={Anytime multi-agent path finding via machine learning-guided large neighborhood search},
  author={Huang, Taoan and Li, Jiaoyang and Koenig, Sven and Dilkina, Bistra},
  booktitle={Proceedings of the AAAI Conference on Artificial Intelligence},
  volume={36},
  number={9},
  pages={9368--9376},
  year={2022}
}

@inproceedings{kim2023rolling,
  title={Rolling horizon based temporal decomposition for the offline pickup and delivery problem with time windows},
  author={Kim, Youngseo and Edirimanna, Danushka and Wilbur, Michael and Pugliese, Philip and Laszka, Aron and Dubey, Abhishek and Samaranayake, Samitha},
  booktitle={Proceedings of the AAAI Conference on Artificial Intelligence},
  volume={37},
  number={4},
  pages={5151--5159},
  year={2023}
}

@article{kool2018attention,
  title={Attention, learn to solve routing problems!},
  author={Kool, Wouter and Van Hoof, Herke and Welling, Max},
  journal={arXiv preprint arXiv:1803.08475},
  year={2018}
}

@article{labassi2022learning,
  title={Learning to Compare Nodes in Branch and Bound with Graph Neural Networks},
  author={Labassi, Abdel Ghani and Ch{\'e}telat, Didier and Lodi, Andrea},
  journal={arXiv preprint arXiv:2210.16934},
  year={2022}
}

@article{li2016effective,
  title={An effective hybrid genetic algorithm and tabu search for flexible job shop scheduling problem},
  author={Li, Xinyu and Gao, Liang},
  journal={International Journal of Production Economics},
  volume={174},
  pages={93--110},
  year={2016},
  publisher={Elsevier}
}

@article{li2021learning,
  title={Learning to delegate for large-scale vehicle routing},
  author={Li, Sirui and Yan, Zhongxia and Wu, Cathy},
  journal={Advances in Neural Information Processing Systems},
  volume={34},
  pages={26198--26211},
  year={2021}
}

@article{li2024learning,
  title={Learning to configure separators in branch-and-cut},
  author={Li, Sirui and Ouyang, Wenbin and Paulus, Max and Wu, Cathy},
  journal={Advances in Neural Information Processing Systems},
  volume={36},
  year={2024}
}

@article{lu2022train,
  title={Train platforming and rescheduling with flexible interlocking mechanisms: An aggregate approach},
  author={Lu, Gongyuan and Ning, Jia and Liu, Xiaobo and Nie, Yu Marco},
  journal={Transportation Research Part E: Logistics and Transportation Review},
  volume={159},
  pages={102622},
  year={2022},
  publisher={Elsevier}
}

@article{luo2024self,
  title={Self-Improved Learning for Scalable Neural Combinatorial Optimization},
  author={Luo, Fu and Lin, Xi and Wang, Zhenkun and Xialiang, Tong and Yuan, Mingxuan and Zhang, Qingfu},
  journal={arXiv preprint arXiv:2403.19561},
  year={2024}
}

@article{ma2024learning,
  title={Learning to search feasible and infeasible regions of routing problems with flexible neural k-opt},
  author={Ma, Yining and Cao, Zhiguang and Chee, Yeow Meng},
  journal={Advances in Neural Information Processing Systems},
  volume={36},
  year={2024}
}

@article{marcucci2020warm,
  title={Warm start of mixed-integer programs for model predictive control of hybrid systems},
  author={Marcucci, Tobia and Tedrake, Russ},
  journal={IEEE Transactions on Automatic Control},
  volume={66},
  number={6},
  pages={2433--2448},
  year={2020},
  publisher={IEEE}
}

@inproceedings{pacino2011large,
  title={Large neighborhood search and adaptive randomized decompositions for flexible jobshop scheduling},
  author={Pacino, Dario and Van Hentenryck, Pascal},
  booktitle={Proceedings of the International Joint Conference on Artificial Intelligence},
  year={2011},
  organization={AAAI Press}
}

@article{pisinger2007using,
  title={Using decomposition techniques and constraint programming for solving the two-dimensional bin-packing problem},
  author={Pisinger, David and Sigurd, Mikkel},
  journal={INFORMS Journal on Computing},
  volume={19},
  number={1},
  pages={36--51},
  year={2007},
  publisher={INFORMS}
}

@article{pisinger2019large,
  title={Large neighborhood search},
  author={Pisinger, David and Ropke, Stefan},
  journal={Handbook of metaheuristics},
  pages={99--127},
  year={2019},
  publisher={Springer}
}

@article{scavuzzo2022learning,
  title={Learning to branch with tree mdps},
  author={Scavuzzo, Lara and Chen, Feng and Ch{\'e}telat, Didier and Gasse, Maxime and Lodi, Andrea and Yorke-Smith, Neil and Aardal, Karen},
  journal={Advances in Neural Information Processing Systems},
  volume={35},
  pages={18514--18526},
  year={2022}
}

@article{song2022flexible,
  title={Flexible job-shop scheduling via graph neural network and deep reinforcement learning},
  author={Song, Wen and Chen, Xinyang and Li, Qiqiang and Cao, Zhiguang},
  journal={IEEE Transactions on Industrial Informatics},
  volume={19},
  number={2},
  pages={1600--1610},
  year={2022},
  publisher={IEEE}
}

@article{vidal2022hybrid,
  title={Hybrid genetic search for the CVRP: Open-source implementation and SWAP* neighborhood},
  author={Vidal, Thibaut},
  journal={Computers \& Operations Research},
  volume={140},
  pages={105643},
  year={2022},
  publisher={Elsevier}
}

@article{wang2021multiobjective,
  title={Multiobjective optimization-aided decision-making system for large-scale manufacturing planning},
  author={Wang, Zhenkun and Zhen, Hui-Ling and Deng, Jingda and Zhang, Qingfu and Li, Xijun and Yuan, Mingxuan and Zeng, Jia},
  journal={IEEE Transactions on Cybernetics},
  volume={52},
  number={8},
  pages={8326--8339},
  year={2021},
  publisher={IEEE}
}

@article{wang2023learning,
  title={Learning cut selection for mixed-integer linear programming via hierarchical sequence model},
  author={Wang, Zhihai and Li, Xijun and Wang, Jie and Kuang, Yufei and Yuan, Mingxuan and Zeng, Jia and Zhang, Yongdong and Wu, Feng},
  journal={arXiv preprint arXiv:2302.00244},
  year={2023}
}

@inproceedings{wang2023linsatnet,
  title={LinSATNet: the positive linear satisfiability neural networks},
  author={Wang, Runzhong and Zhang, Yunhao and Guo, Ziao and Chen, Tianyi and Yang, Xiaokang and Yan, Junchi},
  booktitle={International Conference on Machine Learning},
  pages={36605--36625},
  year={2023},
  organization={PMLR}
}

@article{xiong2022survey,
  title={A survey of job shop scheduling problem: The types and models},
  author={Xiong, Hegen and Shi, Shuangyuan and Ren, Danni and Hu, Jinjin},
  journal={Computers \& Operations Research},
  volume={142},
  pages={105731},
  year={2022},
  publisher={Elsevier}
}

@article{ye2024deepaco,
  title={DeepACO: Neural-enhanced Ant Systems for Combinatorial Optimization},
  author={Ye, Haoran and Wang, Jiarui and Cao, Zhiguang and Liang, Helan and Li, Yong},
  journal={Advances in Neural Information Processing Systems},
  volume={36},
  year={2024}
}

@inproceedings{ye2024glop,
  title={Glop: Learning global partition and local construction for solving large-scale routing problems in real-time},
  author={Ye, Haoran and Wang, Jiarui and Liang, Helan and Cao, Zhiguang and Li, Yong and Li, Fanzhang},
  booktitle={Proceedings of the AAAI Conference on Artificial Intelligence},
  volume={38},
  number={18},
  pages={20284--20292},
  year={2024}
}

@article{zhang2020learning,
  title={Learning to dispatch for job shop scheduling via deep reinforcement learning},
  author={Zhang, Cong and Song, Wen and Cao, Zhiguang and Zhang, Jie and Tan, Puay Siew and Chi, Xu},
  journal={Advances in neural information processing systems},
  volume={33},
  pages={1621--1632},
  year={2020}
}

@article{zhang2024learning,
  title={Learning Topological Representations with Bidirectional Graph Attention Network for Solving Job Shop Scheduling Problem},
  author={Zhang, Cong and Cao, Zhiguang and Wu, Yaoxin and Song, Wen and Sun, Jing},
  journal={The Conference on Uncertainty in Artificial Intelligence (UAI)},
  year={2024}
}

@article{zhang2024let,
  title={Let the flows tell: Solving graph combinatorial problems with GFlowNets},
  author={Zhang, Dinghuai and Dai, Hanjun and Malkin, Nikolay and Courville, Aaron C and Bengio, Yoshua and Pan, Ling},
  journal={Advances in Neural Information Processing Systems},
  volume={36},
  year={2024}
}

@inproceedings{zong2022rbg,
  title={Rbg: Hierarchically solving large-scale routing problems in logistic systems via reinforcement learning},
  author={Zong, Zefang and Wang, Hansen and Wang, Jingwei and Zheng, Meng and Li, Yong},
  booktitle={Proceedings of the 28th ACM SIGKDD Conference on Knowledge Discovery and Data Mining},
  pages={4648--4658},
  year={2022}
}

