@inproceedings{chang2017transformed,
  title={Transformed low-rank model for line pattern noise removal},
  author={Chang, Yi and Yan, Luxin and Zhong, Sheng},
  booktitle={Proceedings of the IEEE international conference on computer vision},
  pages={1726–1734},
  year={2017}
}

@inproceedings{chen2021pre,
  title={Pre-trained image processing transformer},
  author={Chen, Hanting and Wang, Yunhe and Guo, Tianyu and Xu, Chang and Deng, Yiping and Liu, Zhenhua and Ma, Siwei and Xu, Chunjing and Xu, Chao and Gao, Wen},
  booktitle={Proceedings of the IEEE/CVF Conference on Computer Vision and Pattern Recognition},
  pages={12299–12310},
  year={2021}
}

@inproceedings{chen2021robust,
  title={Robust representation learning with feedback for single image deraining},
  author={Chen, Chenghao and Li, Hao},
  booktitle={Proceedings of the IEEE/CVF Conference on Computer Vision and Pattern Recognition},
  pages={7742–7751},
  year={2021}
}

@article{chen2022cross,
  title={Cross aggregation transformer for image restoration},
  author={Chen, Zheng and Zhang, Yulun and Gu, Jinjin and Kong, Linghe and Yuan, Xin and others},
  journal={Advances in Neural Information Processing Systems},
  volume={35},
  pages={25478--25490},
  year={2022}
}

@inproceedings{chen2022unpaired,
  title={Unpaired Deep Image Deraining Using Dual Contrastive Learning},
  author={Chen, Xiang and Pan, Jinshan and Jiang, Kui and Li, Yufeng and Huang, Yufeng and Kong, Caihua and Dai, Longgang and Fan, Zhentao},
  booktitle={Proceedings of the IEEE/CVF Conference on Computer Vision and Pattern Recognition},
  pages={2017–2026},
  year={2022}
}

@inproceedings{chen2023learning,
  title={Learning A Sparse Transformer Network for Effective Image Deraining},
  author={Chen, Xiang and Li, Hao and Li, Mingqiang and Pan, Jinshan},
  booktitle={Proceedings of the IEEE/CVF Conference on Computer Vision and Pattern Recognition},
  pages={5896--5905},
  year={2023}
}

@inproceedings{chen2023masked,
  title={Masked Image Training for Generalizable Deep Image Denoising},
  author={Chen, Haoyu and Gu, Jinjin and Liu, Yihao and Magid, Salma Abdel and Dong, Chao and Wang, Qiong and Pfister, Hanspeter and Zhu, Lei},
  booktitle={Proceedings of the IEEE/CVF Conference on Computer Vision and Pattern Recognition},
  year={2023}
}

@inproceedings{chen2024low,
  title={Low-Res Leads the Way: Improving Generalization for Super-Resolution by Self-Supervised Learning},
  author={Chen, Haoyu and Li, Wenbo and Gu, Jinjin and Ren, Jingjing and Sun, Haoze and Zou, Xueyi and Zhang, Zhensong and Yan, Youliang and Zhu, Lei},
  booktitle={Proceedings of the IEEE/CVF Conference on Computer Vision and Pattern Recognition},
  pages={25857--25867},
  year={2024}
}

@article{du2020conditional,
  title={Conditional variational image deraining},
  author={Du, Yingjun and Xu, Jun and Zhen, Xiantong and Cheng, Ming-Ming and Shao, Ling},
  journal={IEEE Transactions on Image Processing},
  volume={29},
  pages={6288–6301},
  year={2020},
  publisher={IEEE}
}

@article{fu2017clearing,
  title={Clearing the skies: A deep network architecture for single-image rain removal},
  author={Fu, Xueyang and Huang, Jiabin and Ding, Xinghao and Liao, Yinghao and Paisley, John},
  journal={IEEE Transactions on Image Processing},
  volume={26},
  number={6},
  pages={2944–2956},
  year={2017},
  publisher={IEEE}
}

@inproceedings{fu2017removing,
  title={Removing rain from single images via a deep detail network},
  author={Fu, Xueyang and Huang, Jiabin and Zeng, Delu and Huang, Yue and Ding, Xinghao and Paisley, John},
  booktitle={Proceedings of the IEEE conference on computer vision and pattern recognition},
  pages={3855–3863},
  year={2017}
}

@article{fu2019lightweight,
  title={Lightweight pyramid networks for image deraining},
  author={Fu, Xueyang and Liang, Borong and Huang, Yue and Ding, Xinghao and Paisley, John},
  journal={IEEE transactions on neural networks and learning systems},
  volume={31},
  number={6},
  pages={1794–1807},
  year={2019},
  publisher={IEEE}
}

@inproceedings{fu2021rain,
  title={Rain streak removal via dual graph convolutional network},
  author={Fu, Xueyang and Qi, Qi and Zha, Zheng-Jun and Zhu, Yurui and Ding, Xinghao},
  booktitle={Proceedings of the AAAI Conference on Artificial Intelligence},
  volume={35},
  pages={1352–1360},
  year={2021}
}

@article{garg2006photorealistic,
  title={Photorealistic rendering of rain streaks},
  author={Garg, Kshitiz and Nayar, Shree K},
  journal={ACM Transactions on Graphics (TOG)},
  volume={25},
  number={3},
  pages={996--1002},
  year={2006},
  publisher={ACM New York, NY, USA}
}

@inproceedings{gu2017joint,
  title={Joint convolutional analysis and synthesis sparse representation for single image layer separation},
  author={Gu, Shuhang and Meng, Deyu and Zuo, Wangmeng and Zhang, Lei},
  booktitle={Proceedings of the IEEE International Conference on Computer Vision},
  pages={1708–1716},
  year={2017}
}

@inproceedings{gu2019blind,
  title={Blind super-resolution with iterative kernel correction},
  author={Gu, Jinjin and Lu, Hannan and Zuo, Wangmeng and Dong, Chao},
  booktitle={Proceedings of the IEEE/CVF Conference on Computer Vision and Pattern Recognition},
  pages={1604--1613},
  year={2019}
}

@inproceedings{gu2021interpreting,
  title={Interpreting super-resolution networks with local attribution maps},
  author={Gu, Jinjin and Dong, Chao},
  booktitle={Proceedings of the IEEE/CVF Conference on Computer Vision and Pattern Recognition},
  pages={9199--9208},
  year={2021}
}

@inproceedings{guo2019toward,
  title={Toward convolutional blind denoising of real photographs},
  author={Guo, Shi and Yan, Zifei and Zhang, Kai and Zuo, Wangmeng and Zhang, Lei},
  booktitle={Proceedings of the IEEE/CVF conference on computer vision and pattern recognition},
  pages={1712--1722},
  year={2019}
}

@article{hu2024interpreting,
  title={Interpreting Low-level Vision Models with Causal Effect Maps},
  author={Hu, Jinfan and Gu, Jinjin and Yu, Shiyao and Yu, Fanghua and Li, Zheyuan and You, Zhiyuan and Lu, Chaochao and Dong, Chao},
  journal={arXiv preprint arXiv:2407.19789},
  year={2024}
}

@inproceedings{huang2021memory,
  title={Memory oriented transfer learning for semi-supervised image deraining},
  author={Huang, Huaibo and Yu, Aijing and He, Ran},
  booktitle={Proceedings of the IEEE/CVF Conference on Computer Vision and Pattern Recognition},
  pages={7732--7741},
  year={2021}
}

@inproceedings{jiang2020multi,
  title={Multi-scale progressive fusion network for single image deraining},
  author={Jiang, Kui and Wang, Zhongyuan and Yi, Peng and Chen, Chen and Huang, Baojin and Luo, Yimin and Ma, Jiayi and Jiang, Junjun},
  booktitle={Proceedings of the IEEE/CVF conference on computer vision and pattern recognition},
  pages={8346–8355},
  year={2020}
}

@inproceedings{kong2022reflash,
  title={Reflash dropout in image super-resolution},
  author={Kong, Xiangtao and Liu, Xina and Gu, Jinjin and Qiao, Yu and Dong, Chao},
  booktitle={Proceedings of the IEEE/CVF Conference on Computer Vision and Pattern Recognition},
  pages={6002--6012},
  year={2022}
}

@inproceedings{li2019heavy,
  title={Heavy rain image restoration: Integrating physics model and conditional adversarial learning},
  author={Li, Ruoteng and Cheong, Loong-Fah and Tan, Robby T},
  booktitle={Proceedings of the IEEE/CVF Conference on Computer Vision and Pattern Recognition},
  pages={1633–1642},
  year={2019}
}

@inproceedings{liu2019dual,
  title={Dual residual networks leveraging the potential of paired operations for image restoration},
  author={Liu, Xing and Suganuma, Masanori and Sun, Zhun and Okatani, Takayuki},
  booktitle={Proceedings of the IEEE/CVF Conference on Computer Vision and Pattern Recognition},
  pages={7007–7016},
  year={2019}
}

@article{liu2021discovering,
  title={Discovering" Semantics" in Super-Resolution Networks},
  author={Liu, Yihao and Liu, Anran and Gu, Jinjin and Zhang, Zhipeng and Wu, Wenhao and Qiao, Yu and Dong, Chao},
  journal={arXiv preprint arXiv:2108.00406},
  year={2021}
}

@article{liu2022blind,
  title={Blind image super-resolution: A survey and beyond},
  author={Liu, Anran and Liu, Yihao and Gu, Jinjin and Qiao, Yu and Dong, Chao},
  journal={IEEE Transactions on Pattern Analysis and Machine Intelligence},
  year={2022},
  publisher={IEEE}
}

@article{liu2022evaluating,
  title={Evaluating the Generalization Ability of Super-Resolution Networks},
  author={Liu, Yihao and Zhao, Hengyuan and Gu, Jinjin and Qiao, Yu and Dong, Chao},
  journal={IEEE Transactions on pattern analysis and machine intelligence},
  year={2023},
  publisher={IEEE}
}

@article{lundberg2017unified,
  title={A unified approach to interpreting model predictions},
  author={Lundberg, Scott M and Lee, Su-In},
  journal={Advances in neural information processing systems},
  volume={30},
  year={2017}
}

@inproceedings{magid2022texture,
  title={Texture-Based Error Analysis for Image Super-Resolution},
  author={Magid, Salma Abdel and Lin, Zudi and Wei, Donglai and Zhang, Yulun and Gu, Jinjin and Pfister, Hanspeter},
  booktitle={Proceedings of the IEEE/CVF Conference on Computer Vision and Pattern Recognition},
  pages={2118--2127},
  year={2022}
}

@inproceedings{ren2019progressive,
  title={Progressive image deraining networks: A better and simpler baseline},
  author={Ren, Dongwei and Zuo, Wangmeng and Hu, Qinghua and Zhu, Pengfei and Meng, Deyu},
  booktitle={Proceedings of the IEEE/CVF Conference on Computer Vision and Pattern Recognition},
  pages={3937–3946},
  year={2019}
}

@article{shi2022rethinking,
  title={Rethinking Alignment in Video Super-Resolution Transformers},
  author={Shi, Shuwei and Gu, Jinjin and Xie, Liangbin and Wang, Xintao and Yang, Yujiu and Dong, Chao},
  journal={Advances in Neural Information Processing Systems},
  year={2022}
}

@inproceedings{shirethinking,
  title={Rethinking Alignment in Video Super-Resolution Transformers},
  author={Shi, Shuwei and Gu, Jinjin and Xie, Liangbin and Wang, Xintao and Yang, Yujiu and Dong, Chao},
  booktitle={Advances in Neural Information Processing Systems},
  year={2022}
}

@inproceedings{shrikumar2017learning,
  title={Learning important features through propagating activation differences},
  author={Shrikumar, Avanti and Greenside, Peyton and Kundaje, Anshul},
  booktitle={International conference on machine learning},
  pages={3145--3153},
  year={2017},
  organization={PMLR}
}

@article{simonyan2013deep,
  title={Deep inside convolutional networks: Visualising image classification models and saliency maps},
  author={Simonyan, Karen and Vedaldi, Andrea and Zisserman, Andrew},
  journal={arXiv preprint arXiv:1312.6034},
  year={2013}
}

@article{springenberg2014striving,
  title={Striving for simplicity: The all convolutional net},
  author={Springenberg, Jost Tobias and Dosovitskiy, Alexey and Brox, Thomas and Riedmiller, Martin},
  journal={arXiv preprint arXiv:1412.6806},
  year={2014}
}

@inproceedings{sundararajan2017axiomatic,
  title={Axiomatic attribution for deep networks},
  author={Sundararajan, Mukund and Taly, Ankur and Yan, Qiqi},
  booktitle={International conference on machine learning},
  pages={3319--3328},
  year={2017},
  organization={PMLR}
}

@inproceedings{wang2019dtdn,
  title={Dtdn: Dual-task de-raining network},
  author={Wang, Zheng and Li, Jianwu and Song, Ge},
  booktitle={Proceedings of the 27th ACM international conference on multimedia},
  pages={1833–1841},
  year={2019}
}

@inproceedings{wang2019erl,
  title={Erl-net: Entangled representation learning for single image de-raining},
  author={Wang, Guoqing and Sun, Changming and Sowmya, Arcot},
  booktitle={Proceedings of the IEEE/CVF International Conference on Computer Vision},
  pages={5644–5652},
  year={2019}
}

@inproceedings{wang2019spatial,
  title={Spatial attentive single-image deraining with a high quality real rain dataset},
  author={Wang, Tianyu and Yang, Xin and Xu, Ke and Chen, Shaozhe and Zhang, Qiang and Lau, Rynson WH},
  booktitle={Proceedings of the IEEE/CVF Conference on Computer Vision and Pattern Recognition},
  pages={12270–12279},
  year={2019}
}

@inproceedings{wang2020dcsfn,
  title={Dcsfn: Deep cross-scale fusion network for single image rain removal},
  author={Wang, Cong and Xing, Xiaoying and Wu, Yutong and Su, Zhixun and Chen, Junyang},
  booktitle={Proceedings of the 28th ACM international conference on multimedia},
  pages={1643–1651},
  year={2020}
}

@inproceedings{wang2020joint,
  title={Joint self-attention and scale-aggregation for self-calibrated deraining network},
  author={Wang, Cong and Wu, Yutong and Su, Zhixun and Chen, Junyang},
  booktitle={Proceedings of the 28th ACM International Conference on Multimedia},
  pages={2517–2525},
  year={2020}
}

@inproceedings{wang2020model,
  title={A model-driven deep neural network for single image rain removal},
  author={Wang, Hong and Xie, Qi and Zhao, Qian and Meng, Deyu},
  booktitle={Proceedings of the IEEE/CVF Conference on Computer Vision and Pattern Recognition},
  pages={3103–3112},
  year={2020}
}

@inproceedings{wang2020rethinking,
  title={Rethinking image deraining via rain streaks and vapors},
  author={Wang, Yinglong and Song, Yibing and Ma, Chao and Zeng, Bing},
  booktitle={European Conference on Computer Vision},
  pages={367–382},
  year={2020},
  organization={Springer}
}

@inproceedings{wei2019coarse,
  title={A coarse-to-fine multi-stream hybrid deraining network for single image deraining},
  author={Wei, Yanyan and Zhang, Zhao and Zhang, Haijun and Hong, Richang and Wang, Meng},
  booktitle={2019 IEEE international conference on data mining (ICDM)},
  pages={628–637},
  year={2019},
  organization={IEEE}
}

@inproceedings{wei2019semi,
  title={Semi-supervised transfer learning for image rain removal},
  author={Wei, Wei and Meng, Deyu and Zhao, Qian and Xu, Zongben and Wu, Ying},
  booktitle={Proceedings of the IEEE/CVF conference on computer vision and pattern recognition},
  pages={3877--3886},
  year={2019}
}

@inproceedings{xiao2021improving,
  title={Improving de-raining generalization via neural reorganization},
  author={Xiao, Jie and Zhou, Man and Fu, Xueyang and Liu, Aiping and Zha, Zheng-Jun},
  booktitle={Proceedings of the IEEE/CVF International Conference on Computer Vision},
  pages={4987–4996},
  year={2021}
}

@article{xie2021finding,
  title={Finding discriminative filters for specific degradations in blind super-resolution},
  author={Xie, Liangbin and Wang, Xintao and Dong, Chao and Qi, Zhongang and Shan, Ying},
  journal={Advances in Neural Information Processing Systems},
  volume={34},
  pages={51--61},
  year={2021}
}

@inproceedings{yang2017deep,
  title={Deep joint rain detection and removal from a single image},
  author={Yang, Wenhan and Tan, Robby T and Feng, Jiashi and Liu, Jiaying and Guo, Zongming and Yan, Shuicheng},
  booktitle={Proceedings of the IEEE conference on computer vision and pattern recognition},
  pages={1357–1366},
  year={2017}
}

@article{yang2019scale,
  title={Scale-free single image deraining via visibility-enhanced recurrent wavelet learning},
  author={Yang, Wenhan and Liu, Jiaying and Yang, Shuai and Guo, Zongming},
  journal={IEEE Transactions on Image Processing},
  volume={28},
  number={6},
  pages={2948–2961},
  year={2019},
  publisher={IEEE}
}

@inproceedings{yang2019single,
  title={Single image deraining via recurrent hierarchy enhancement network},
  author={Yang, Youzhao and Lu, Hong},
  booktitle={Proceedings of the 27th ACM International Conference on Multimedia},
  pages={1814–1822},
  year={2019}
}

@inproceedings{yasarla2019uncertainty,
  title={Uncertainty guided multi-scale residual learning-using a cycle spinning cnn for single image de-raining},
  author={Yasarla, Rajeev and Patel, Vishal M},
  booktitle={Proceedings of the IEEE/CVF conference on computer vision and pattern recognition},
  pages={8405–8414},
  year={2019}
}

@inproceedings{yasarla2020syn2real,
  title={Syn2real transfer learning for image deraining using gaussian processes},
  author={Yasarla, Rajeev and Sindagi, Vishwanath A and Patel, Vishal M},
  booktitle={Proceedings of the IEEE/CVF conference on computer vision and pattern recognition},
  pages={2726–2736},
  year={2020}
}

@article{yasarla2021semi,
  title={Semi-supervised image deraining using gaussian processes},
  author={Yasarla, Rajeev and Sindagi, Vishwanath A and Patel, Vishal M},
  journal={IEEE Transactions on Image Processing},
  volume={30},
  pages={6570--6582},
  year={2021},
  publisher={IEEE}
}

@inproceedings{yu2019gradual,
  title={Gradual network for single image de-raining},
  author={Yu, Weijiang and Huang, Zhe and Zhang, Wayne and Feng, Litong and Xiao, Nong},
  booktitle={Proceedings of the 27th ACM international conference on multimedia},
  pages={1795–1804},
  year={2019}
}

@inproceedings{zamir2021multi,
  title={Multi-stage progressive image restoration},
  author={Zamir, Syed Waqas and Arora, Aditya and Khan, Salman and Hayat, Munawar and Khan, Fahad Shahbaz and Yang, Ming-Hsuan and Shao, Ling},
  booktitle={Proceedings of the IEEE/CVF conference on computer vision and pattern recognition},
  pages={14821–14831},
  year={2021}
}

@inproceedings{zhang2018density,
  title={Density-aware single image de-raining using a multi-stream dense network},
  author={Zhang, He and Patel, Vishal M},
  booktitle={Proceedings of the IEEE conference on computer vision and pattern recognition},
  pages={695–704},
  year={2018}
}

@article{zhang2019image,
  title={Image de-raining using a conditional generative adversarial network},
  author={Zhang, He and Sindagi, Vishwanath and Patel, Vishal M},
  journal={IEEE transactions on circuits and systems for video technology},
  volume={30},
  number={11},
  pages={3943--3956},
  year={2019},
  publisher={IEEE}
}

@inproceedings{zhang2023crafting,
  title={Crafting training degradation distribution for the accuracy-generalization trade-off in real-world super-resolution},
  author={Zhang, Ruofan and Gu, Jinjin and Chen, Haoyu and Dong, Chao and Zhang, Yulun and Yang, Wenming},
  booktitle={International conference on machine learning},
  pages={41078--41091},
  year={2023},
  organization={PMLR}
}

@article{zhou2018interpreting,
  title={Interpreting deep visual representations via network dissection},
  author={Zhou, Bolei and Bau, David and Oliva, Aude and Torralba, Antonio},
  journal={IEEE transactions on pattern analysis and machine intelligence},
  volume={41},
  number={9},
  pages={2131--2145},
  year={2018},
  publisher={IEEE}
}

@inproceedings{zhou2021image,
  title={Image de-raining via continual learning},
  author={Zhou, Man and Xiao, Jie and Chang, Yifan and Fu, Xueyang and Liu, Aiping and Pan, Jinshan and Zha, Zheng-Jun},
  booktitle={Proceedings of the IEEE/CVF Conference on Computer Vision and Pattern Recognition},
  pages={4907–4916},
  year={2021}
}

@inproceedings{zhu2017joint,
  title={Joint bi-layer optimization for single-image rain streak removal},
  author={Zhu, Lei and Fu, Chi-Wing and Lischinski, Dani and Heng, Pheng-Ann},
  booktitle={Proceedings of the IEEE international conference on computer vision},
  pages={2526–2534},
  year={2017}
}

