@article{gu2023networks,
  title={Networks are slacking off: Understanding generalization problem in image deraining},
  author={Gu, Jinjin and Ma, Xianzheng and Kong, Xiangtao and Qiao, Yu and Dong, Chao},
  journal={Advances in Neural Information Processing Systems},
  volume={36},
  year={2023}
}

@article{liu2023evaluating,
  title={Evaluating the generalization ability of super-resolution networks},
  author={Liu, Yihao and Zhao, Hengyuan and Gu, Jinjin and Qiao, Yu and Dong, Chao},
  journal={IEEE Transactions on pattern analysis and machine intelligence},
  year={2023},
  publisher={IEEE}
}

@inproceedings{zhang2023crafting,
  title={Crafting training degradation distribution for the accuracy-generalization trade-off in real-world super-resolution},
  author={Zhang, Ruofan and Gu, Jinjin and Chen, Haoyu and Dong, Chao and Zhang, Yulun and Yang, Wenming},
  booktitle={International conference on machine learning},
  pages={41078--41091},
  year={2023},
  organization={PMLR}
}

@inproceedings{chen2024low,
  title={Low-Res Leads the Way: Improving Generalization for Super-Resolution by Self-Supervised Learning},
  author={Chen, Haoyu and Li, Wenbo and Gu, Jinjin and Ren, Jingjing and Sun, Haoze and Zou, Xueyi and Zhang, Zhensong and Yan, Youliang and Zhu, Lei},
  booktitle={Proceedings of the IEEE/CVF Conference on Computer Vision and Pattern Recognition},
  pages={25857--25867},
  year={2024}
}

@inproceedings{yu2024scaling,
  title={Scaling up to excellence: Practicing model scaling for photo-realistic image restoration in the wild},
  author={Yu, Fanghua and Gu, Jinjin and Li, Zheyuan and Hu, Jinfan and Kong, Xiangtao and Wang, Xintao and He, Jingwen and Qiao, Yu and Dong, Chao},
  booktitle={Proceedings of the IEEE/CVF Conference on Computer Vision and Pattern Recognition},
  pages={25669--25680},
  year={2024}
}

@article{chen2022cross,
  title={Cross aggregation transformer for image restoration},
  author={Chen, Zheng and Zhang, Yulun and Gu, Jinjin and Kong, Linghe and Yuan, Xin and others},
  journal={Advances in Neural Information Processing Systems},
  volume={35},
  pages={25478--25490},
  year={2022}
}

@inproceedings{koh2017understanding,
  title={Understanding black-box predictions via influence functions},
  author={Koh, Pang Wei and Liang, Percy},
  booktitle={International conference on machine learning},
  pages={1885--1894},
  year={2017},
  organization={PMLR}
}

@article{you2023depicting,
  title={Depicting beyond scores: Advancing image quality assessment through multi-modal language models},
  author={You, Zhiyuan and Li, Zheyuan and Gu, Jinjin and Yin, Zhenfei and Xue, Tianfan and Dong, Chao},
  journal={arXiv preprint arXiv:2312.08962},
  year={2023}
}

@article{you2024descriptive,
  title={Descriptive Image Quality Assessment in the Wild},
  author={You, Zhiyuan and Gu, Jinjin and Li, Zheyuan and Cai, Xin and Zhu, Kaiwen and Xue, Tianfan and Dong, Chao},
  journal={arXiv preprint arXiv:2405.18842},
  year={2024}
}

@article{zhu2024intelligent,
  title={An Intelligent Agentic System for Complex Image Restoration Problems},
  author={Zhu, Kaiwen and Gu, Jinjin and You, Zhiyuan and Qiao, Yu and Dong, Chao},
  journal={arXiv preprint arXiv:2410.17809},
  year={2024}
}


  title={Crafting Training Degradation Distribution for the Accuracy-Generalization Trade-off},
  author={Zhang, Ruofan and Gu, Jinjin and Chen, Haoyu and Dong, Chao and Zhang, Yulun and Yang, Wenming},
  booktitle={International conference on machine learning},
  year={2023},
  organization={PMLR}
}

@article{chaudhuri1993nonlinear,
  title={Nonlinear experiments: Optimal design and inference based on likelihood},
  author={Chaudhuri, Probal and Mykland, Per A},
  journal={Journal of the American Statistical Association},
  volume={88},
  number={422},
  pages={538--546},
  year={1993},
  publisher={Taylor \& Francis}
}

@inproceedings{schulam2019can,
  title={Can you trust this prediction? Auditing pointwise reliability after learning},
  author={Schulam, Peter and Saria, Suchi},
  booktitle={The 22nd International Conference on Artificial Intelligence and Statistics},
  pages={1022--1031},
  year={2019},
  organization={PMLR}
}

@inproceedings{brunet2019understanding,
  title={Understanding the origins of bias in word embeddings},
  author={Brunet, Marc-Etienne and Alkalay-Houlihan, Colleen and Anderson, Ashton and Zemel, Richard},
  booktitle={International conference on machine learning},
  pages={803--811},
  year={2019},
  organization={PMLR}
}

@article{koh2022stronger,
  title={Stronger data poisoning attacks break data sanitization defenses},
  author={Koh, Pang Wei and Steinhardt, Jacob and Liang, Percy},
  journal={Machine Learning},
  volume={111},
  number={1},
  pages={1--47},
  year={2022},
  publisher={Springer}
}

@article{simonyan2013deep,
  title={Deep inside convolutional networks: Visualising image classification models and saliency maps},
  author={Simonyan, Karen and Vedaldi, Andrea and Zisserman, Andrew},
  journal={arXiv preprint arXiv:1312.6034},
  year={2013}
}

@article{springenberg2014striving,
  title={Striving for simplicity: The all convolutional net},
  author={Springenberg, Jost Tobias and Dosovitskiy, Alexey and Brox, Thomas and Riedmiller, Martin},
  journal={arXiv preprint arXiv:1412.6806},
  year={2014}
}

@inproceedings{shrikumar2017learning,
  title={Learning important features through propagating activation differences},
  author={Shrikumar, Avanti and Greenside, Peyton and Kundaje, Anshul},
  booktitle={International conference on machine learning},
  pages={3145--3153},
  year={2017},
  organization={PMLR}
}

@inproceedings{sundararajan2017axiomatic,
  title={Axiomatic attribution for deep networks},
  author={Sundararajan, Mukund and Taly, Ankur and Yan, Qiqi},
  booktitle={International conference on machine learning},
  pages={3319--3328},
  year={2017},
  organization={PMLR}
}

@article{zhou2018interpreting,
  title={Interpreting deep visual representations via network dissection},
  author={Zhou, Bolei and Bau, David and Oliva, Aude and Torralba, Antonio},
  journal={IEEE transactions on pattern analysis and machine intelligence},
  volume={41},
  number={9},
  pages={2131--2145},
  year={2018},
  publisher={IEEE}
}

@article{lundberg2017unified,
  title={A unified approach to interpreting model predictions},
  author={Lundberg, Scott M and Lee, Su-In},
  journal={Advances in neural information processing systems},
  volume={30},
  year={2017}
}

@article{yeh2018representer,
  title={Representer point selection for explaining deep neural networks},
  author={Yeh, Chih-Kuan and Kim, Joon and Yen, Ian En-Hsu and Ravikumar, Pradeep K},
  journal={Advances in neural information processing systems},
  volume={31},
  year={2018}
}

@article{pruthi2020estimating,
  title={Estimating training data influence by tracing gradient descent},
  author={Pruthi, Garima and Liu, Frederick and Kale, Satyen and Sundararajan, Mukund},
  journal={Advances in Neural Information Processing Systems},
  volume={33},
  pages={19920--19930},
  year={2020}
}

@inproceedings{gu2021interpreting,
  title={Interpreting super-resolution networks with local attribution maps},
  author={Gu, Jinjin and Dong, Chao},
  booktitle={Proceedings of the IEEE/CVF Conference on Computer Vision and Pattern Recognition},
  pages={9199--9208},
  year={2021}
}

@article{hu2024interpreting,
  title={Interpreting Low-level Vision Models with Causal Effect Maps},
  author={Hu, Jinfan and Gu, Jinjin and Yu, Shiyao and Yu, Fanghua and Li, Zheyuan and You, Zhiyuan and Lu, Chaochao and Dong, Chao},
  journal={arXiv preprint arXiv:2407.19789},
  year={2024}
}

@article{xie2021finding,
  title={Finding discriminative filters for specific degradations in blind super-resolution},
  author={Xie, Liangbin and Wang, Xintao and Dong, Chao and Qi, Zhongang and Shan, Ying},
  journal={Advances in Neural Information Processing Systems},
  volume={34},
  pages={51--61},
  year={2021}
}

@inproceedings{yi2021structure,
  title={Structure-preserving deraining with residue channel prior guidance},
  author={Yi, Qiaosi and Li, Juncheng and Dai, Qinyan and Fang, Faming and Zhang, Guixu and Zeng, Tieyong},
  booktitle={Proceedings of the IEEE/CVF International Conference on Computer Vision},
  pages={4238--4247},
  year={2021}
}

@article{shi2022rethinking,
  title={Rethinking Alignment in Video Super-Resolution Transformers},
  author={Shi, Shuwei and Gu, Jinjin and Xie, Liangbin and Wang, Xintao and Yang, Yujiu and Dong, Chao},
  journal={Advances in Neural Information Processing Systems},
  year={2022}
}

@inproceedings{magid2022texture,
  title={Texture-Based Error Analysis for Image Super-Resolution},
  author={Magid, Salma Abdel and Lin, Zudi and Wei, Donglai and Zhang, Yulun and Gu, Jinjin and Pfister, Hanspeter},
  booktitle={Proceedings of the IEEE/CVF Conference on Computer Vision and Pattern Recognition},
  pages={2118--2127},
  year={2022}
}

@article{liu2021discovering,
  title={Discovering" Semantics" in Super-Resolution Networks},
  author={Liu, Yihao and Liu, Anran and Gu, Jinjin and Zhang, Zhipeng and Wu, Wenhao and Qiao, Yu and Dong, Chao},
  journal={arXiv preprint arXiv:2108.00406},
  year={2021}
}


@article{liu2020deep,
  title={Deep learning for generic object detection: A survey},
  author={Liu, Li and Ouyang, Wanli and Wang, Xiaogang and Fieguth, Paul and Chen, Jie and Liu, Xinwang and Pietik{\"a}inen, Matti},
  journal={International journal of computer vision},
  volume={128},
  number={2},
  pages={261--318},
  year={2020},
  publisher={Springer}
}


@article{wei2021deraincyclegan,
  title={Deraincyclegan: Rain attentive cyclegan for single image deraining and rainmaking},
  author={Wei, Yanyan and Zhang, Zhao and Wang, Yang and Xu, Mingliang and Yang, Yi and Yan, Shuicheng and Wang, Meng},
  journal={IEEE Transactions on Image Processing},
  volume={30},
  pages={4788--4801},
  year={2021},
  publisher={IEEE}
}

@inproceedings{sultani2018real,
  title={Real-world anomaly detection in surveillance videos},
  author={Sultani, Waqas and Chen, Chen and Shah, Mubarak},
  booktitle={Proceedings of the IEEE conference on computer vision and pattern recognition},
  pages={6479--6488},
  year={2018}
}

@inproceedings{liu2020open,
  title={Open compound domain adaptation},
  author={Liu, Ziwei and Miao, Zhongqi and Pan, Xingang and Zhan, Xiaohang and Lin, Dahua and Yu, Stella X and Gong, Boqing},
  booktitle={Proceedings of the IEEE/CVF Conference on Computer Vision and Pattern Recognition},
  pages={12406--12415},
  year={2020}
}

%====================Derain Start
@inproceedings{jiang2020multi,
  title={Multi-scale progressive fusion network for single image deraining},
  author={Jiang, Kui and Wang, Zhongyuan and Yi, Peng and Chen, Chen and Huang, Baojin and Luo, Yimin and Ma, Jiayi and Jiang, Junjun},
  booktitle={Proceedings of the IEEE/CVF conference on computer vision and pattern recognition},
  pages={8346–8355},
  year={2020}
}

@inproceedings{chen2022unpaired,
  title={Unpaired Deep Image Deraining Using Dual Contrastive Learning},
  author={Chen, Xiang and Pan, Jinshan and Jiang, Kui and Li, Yufeng and Huang, Yufeng and Kong, Caihua and Dai, Longgang and Fan, Zhentao},
  booktitle={Proceedings of the IEEE/CVF Conference on Computer Vision and Pattern Recognition},
  pages={2017–2026},
  year={2022}
}


@inproceedings{chen2021robust,
  title={Robust representation learning with feedback for single image deraining},
  author={Chen, Chenghao and Li, Hao},
  booktitle={Proceedings of the IEEE/CVF Conference on Computer Vision and Pattern Recognition},
  pages={7742–7751},
  year={2021}
}

@inproceedings{xiao2021improving,
  title={Improving de-raining generalization via neural reorganization},
  author={Xiao, Jie and Zhou, Man and Fu, Xueyang and Liu, Aiping and Zha, Zheng-Jun},
  booktitle={Proceedings of the IEEE/CVF International Conference on Computer Vision},
  pages={4987–4996},
  year={2021}
}

@inproceedings{wang2021rain,
  title={From rain generation to rain removal},
  author={Wang, Hong and Yue, Zongsheng and Xie, Qi and Zhao, Qian and Zheng, Yefeng and Meng, Deyu},
  booktitle={Proceedings of the IEEE/CVF Conference on Computer Vision and Pattern Recognition},
  pages={14791–14801},
  year={2021}
}

@inproceedings{zhou2021image,
  title={Image de-raining via continual learning},
  author={Zhou, Man and Xiao, Jie and Chang, Yifan and Fu, Xueyang and Liu, Aiping and Pan, Jinshan and Zha, Zheng-Jun},
  booktitle={Proceedings of the IEEE/CVF Conference on Computer Vision and Pattern Recognition},
  pages={4907–4916},
  year={2021}
}

@inproceedings{zamir2021multi,
  title={Multi-stage progressive image restoration},
  author={Zamir, Syed Waqas and Arora, Aditya and Khan, Salman and Hayat, Munawar and Khan, Fahad Shahbaz and Yang, Ming-Hsuan and Shao, Ling},
  booktitle={Proceedings of the IEEE/CVF conference on computer vision and pattern recognition},
  pages={14821–14831},
  year={2021}
}

@inproceedings{fu2021rain,
  title={Rain streak removal via dual graph convolutional network},
  author={Fu, Xueyang and Qi, Qi and Zha, Zheng-Jun and Zhu, Yurui and Ding, Xinghao},
  booktitle={Proceedings of the AAAI Conference on Artificial Intelligence},
  volume={35},
  pages={1352–1360},
  year={2021}
}

@inproceedings{chen2021pre,
  title={Pre-trained image processing transformer},
  author={Chen, Hanting and Wang, Yunhe and Guo, Tianyu and Xu, Chang and Deng, Yiping and Liu, Zhenhua and Ma, Siwei and Xu, Chunjing and Xu, Chao and Gao, Wen},
  booktitle={Proceedings of the IEEE/CVF Conference on Computer Vision and Pattern Recognition},
  pages={12299–12310},
  year={2021}
}

@inproceedings{wang2020rethinking,
  title={Rethinking image deraining via rain streaks and vapors},
  author={Wang, Yinglong and Song, Yibing and Ma, Chao and Zeng, Bing},
  booktitle={European Conference on Computer Vision},
  pages={367–382},
  year={2020},
  organization={Springer}
}

@inproceedings{wang2020joint,
  title={Joint self-attention and scale-aggregation for self-calibrated deraining network},
  author={Wang, Cong and Wu, Yutong and Su, Zhixun and Chen, Junyang},
  booktitle={Proceedings of the 28th ACM International Conference on Multimedia},
  pages={2517–2525},
  year={2020}
}

@inproceedings{wang2020dcsfn,
  title={Dcsfn: Deep cross-scale fusion network for single image rain removal},
  author={Wang, Cong and Xing, Xiaoying and Wu, Yutong and Su, Zhixun and Chen, Junyang},
  booktitle={Proceedings of the 28th ACM international conference on multimedia},
  pages={1643–1651},
  year={2020}
}

@article{du2020conditional,
  title={Conditional variational image deraining},
  author={Du, Yingjun and Xu, Jun and Zhen, Xiantong and Cheng, Ming-Ming and Shao, Ling},
  journal={IEEE Transactions on Image Processing},
  volume={29},
  pages={6288–6301},
  year={2020},
  publisher={IEEE}
}

@inproceedings{wang2020model,
  title={A model-driven deep neural network for single image rain removal},
  author={Wang, Hong and Xie, Qi and Zhao, Qian and Meng, Deyu},
  booktitle={Proceedings of the IEEE/CVF Conference on Computer Vision and Pattern Recognition},
  pages={3103–3112},
  year={2020}
}

@inproceedings{yasarla2020syn2real,
  title={Syn2real transfer learning for image deraining using gaussian processes},
  author={Yasarla, Rajeev and Sindagi, Vishwanath A and Patel, Vishal M},
  booktitle={Proceedings of the IEEE/CVF conference on computer vision and pattern recognition},
  pages={2726–2736},
  year={2020}
}

@article{kaplan2020scaling,
  title={Scaling laws for neural language models},
  author={Kaplan, Jared and McCandlish, Sam and Henighan, Tom and Brown, Tom B and Chess, Benjamin and Child, Rewon and Gray, Scott and Radford, Alec and Wu, Jeffrey and Amodei, Dario},
  journal={arXiv preprint arXiv:2001.08361},
  year={2020}
}

@article{brown2020language,
  title={Language models are few-shot learners},
  author={Brown, Tom and Mann, Benjamin and Ryder, Nick and Subbiah, Melanie and Kaplan, Jared D and Dhariwal, Prafulla and Neelakantan, Arvind and Shyam, Pranav and Sastry, Girish and Askell, Amanda and others},
  journal={Advances in neural information processing systems},
  volume={33},
  pages={1877--1901},
  year={2020}
}

@article{dong2015image,
  title={Image super-resolution using deep convolutional networks},
  author={Dong, Chao and Loy, Chen Change and He, Kaiming and Tang, Xiaoou},
  journal={IEEE transactions on pattern analysis and machine intelligence},
  volume={38},
  number={2},
  pages={295--307},
  year={2015},
  publisher={IEEE}
}

@inproceedings{rombach2022high,
  title={High-resolution image synthesis with latent diffusion models},
  author={Rombach, Robin and Blattmann, Andreas and Lorenz, Dominik and Esser, Patrick and Ommer, Bj{\"o}rn},
  booktitle={Proceedings of the IEEE/CVF conference on computer vision and pattern recognition},
  pages={10684--10695},
  year={2022}
}

@article{yang2020single,
  title={Single image deraining: From model-based to data-driven and beyond},
  author={Yang, Wenhan and Tan, Robby T and Wang, Shiqi and Fang, Yuming and Liu, Jiaying},
  journal={IEEE Transactions on pattern analysis and machine intelligence},
  volume={43},
  number={11},
  pages={4059–4077},
  year={2020},
  publisher={IEEE}
}

@article{liu2022evaluating,
  title={Evaluating the Generalization Ability of Super-Resolution Networks},
  author={Liu, Yihao and Zhao, Hengyuan and Gu, Jinjin and Qiao, Yu and Dong, Chao},
  journal={IEEE Transactions on pattern analysis and machine intelligence},
  year={2023},
  publisher={IEEE}
}


@article{yang2019scale,
  title={Scale-free single image deraining via visibility-enhanced recurrent wavelet learning},
  author={Yang, Wenhan and Liu, Jiaying and Yang, Shuai and Guo, Zongming},
  journal={IEEE Transactions on Image Processing},
  volume={28},
  number={6},
  pages={2948–2961},
  year={2019},
  publisher={IEEE}
}

@inproceedings{wei2019coarse,
  title={A coarse-to-fine multi-stream hybrid deraining network for single image deraining},
  author={Wei, Yanyan and Zhang, Zhao and Zhang, Haijun and Hong, Richang and Wang, Meng},
  booktitle={2019 IEEE international conference on data mining (ICDM)},
  pages={628–637},
  year={2019},
  organization={IEEE}
}

@inproceedings{wang2019erl,
  title={Erl-net: Entangled representation learning for single image de-raining},
  author={Wang, Guoqing and Sun, Changming and Sowmya, Arcot},
  booktitle={Proceedings of the IEEE/CVF International Conference on Computer Vision},
  pages={5644–5652},
  year={2019}
}

@inproceedings{yang2019single,
  title={Single image deraining via recurrent hierarchy enhancement network},
  author={Yang, Youzhao and Lu, Hong},
  booktitle={Proceedings of the 27th ACM International Conference on Multimedia},
  pages={1814–1822},
  year={2019}
}

@inproceedings{wang2019dtdn,
  title={Dtdn: Dual-task de-raining network},
  author={Wang, Zheng and Li, Jianwu and Song, Ge},
  booktitle={Proceedings of the 27th ACM international conference on multimedia},
  pages={1833–1841},
  year={2019}
}

@inproceedings{yu2019gradual,
  title={Gradual network for single image de-raining},
  author={Yu, Weijiang and Huang, Zhe and Zhang, Wayne and Feng, Litong and Xiao, Nong},
  booktitle={Proceedings of the 27th ACM international conference on multimedia},
  pages={1795–1804},
  year={2019}
}

@inproceedings{liu2019dual,
  title={Dual residual networks leveraging the potential of paired operations for image restoration},
  author={Liu, Xing and Suganuma, Masanori and Sun, Zhun and Okatani, Takayuki},
  booktitle={Proceedings of the IEEE/CVF Conference on Computer Vision and Pattern Recognition},
  pages={7007–7016},
  year={2019}
}

@inproceedings{li2019heavy,
  title={Heavy rain image restoration: Integrating physics model and conditional adversarial learning},
  author={Li, Ruoteng and Cheong, Loong-Fah and Tan, Robby T},
  booktitle={Proceedings of the IEEE/CVF Conference on Computer Vision and Pattern Recognition},
  pages={1633–1642},
  year={2019}
}

@inproceedings{wang2019spatial,
  title={Spatial attentive single-image deraining with a high quality real rain dataset},
  author={Wang, Tianyu and Yang, Xin and Xu, Ke and Chen, Shaozhe and Zhang, Qiang and Lau, Rynson WH},
  booktitle={Proceedings of the IEEE/CVF Conference on Computer Vision and Pattern Recognition},
  pages={12270–12279},
  year={2019}
}

@inproceedings{hu2019depth,
  title={Depth-attentional features for single-image rain removal},
  author={Hu, Xiaowei and Fu, Chi-Wing and Zhu, Lei and Heng, Pheng-Ann},
  booktitle={Proceedings of the IEEE/CVF Conference on Computer Vision and Pattern Recognition},
  pages={8022–8031},
  year={2019}
}

@inproceedings{ren2019progressive,
  title={Progressive image deraining networks: A better and simpler baseline},
  author={Ren, Dongwei and Zuo, Wangmeng and Hu, Qinghua and Zhu, Pengfei and Meng, Deyu},
  booktitle={Proceedings of the IEEE/CVF Conference on Computer Vision and Pattern Recognition},
  pages={3937–3946},
  year={2019}
}

@inproceedings{yasarla2019uncertainty,
  title={Uncertainty guided multi-scale residual learning-using a cycle spinning cnn for single image de-raining},
  author={Yasarla, Rajeev and Patel, Vishal M},
  booktitle={Proceedings of the IEEE/CVF conference on computer vision and pattern recognition},
  pages={8405–8414},
  year={2019}
}


@article{yu2015lsun,
  title={Lsun: Construction of a large-scale image dataset using deep learning with humans in the loop},
  author={Yu, Fisher and Seff, Ari and Zhang, Yinda and Song, Shuran and Funkhouser, Thomas and Xiao, Jianxiong},
  journal={arXiv preprint arXiv:1506.03365},
  year={2015}
}

@article{simonyan2014very,
  title={Very deep convolutional networks for large-scale image recognition},
  author={Simonyan, Karen and Zisserman, Andrew},
  journal={arXiv preprint arXiv:1409.1556},
  year={2014}
}

@article{fu2019lightweight,
  title={Lightweight pyramid networks for image deraining},
  author={Fu, Xueyang and Liang, Borong and Huang, Yue and Ding, Xinghao and Paisley, John},
  journal={IEEE transactions on neural networks and learning systems},
  volume={31},
  number={6},
  pages={1794–1807},
  year={2019},
  publisher={IEEE}
}

@inproceedings{zhang2018density,
  title={Density-aware single image de-raining using a multi-stream dense network},
  author={Zhang, He and Patel, Vishal M},
  booktitle={Proceedings of the IEEE conference on computer vision and pattern recognition},
  pages={695–704},
  year={2018}
}

@inproceedings{chang2017transformed,
  title={Transformed low-rank model for line pattern noise removal},
  author={Chang, Yi and Yan, Luxin and Zhong, Sheng},
  booktitle={Proceedings of the IEEE international conference on computer vision},
  pages={1726–1734},
  year={2017}
}

@inproceedings{zhu2017joint,
  title={Joint bi-layer optimization for single-image rain streak removal},
  author={Zhu, Lei and Fu, Chi-Wing and Lischinski, Dani and Heng, Pheng-Ann},
  booktitle={Proceedings of the IEEE international conference on computer vision},
  pages={2526–2534},
  year={2017}
}

@inproceedings{gu2017joint,
  title={Joint convolutional analysis and synthesis sparse representation for single image layer separation},
  author={Gu, Shuhang and Meng, Deyu and Zuo, Wangmeng and Zhang, Lei},
  booktitle={Proceedings of the IEEE International Conference on Computer Vision},
  pages={1708–1716},
  year={2017}
}

@inproceedings{fu2017removing,
  title={Removing rain from single images via a deep detail network},
  author={Fu, Xueyang and Huang, Jiabin and Zeng, Delu and Huang, Yue and Ding, Xinghao and Paisley, John},
  booktitle={Proceedings of the IEEE conference on computer vision and pattern recognition},
  pages={3855–3863},
  year={2017}
}

@article{kingma2014adam,
  title={Adam: A method for stochastic optimization},
  author={Kingma, Diederik P and Ba, Jimmy},
  journal={arXiv preprint arXiv:1412.6980},
  year={2014}
}

@article{paszke2017pytorch,
  title={Automatic differentiation in pytorch},
  author={Paszke, Adam and Gross, Sam and Chintala, Soumith and Chanan, Gregory and Yang, Edward and DeVito, Zachary and Lin, Zeming and Desmaison, Alban and Antiga, Luca and Lerer, Adam},
  year={2017}
}

@inproceedings{chen2023learning,
  title={Learning A Sparse Transformer Network for Effective Image Deraining},
  author={Chen, Xiang and Li, Hao and Li, Mingqiang and Pan, Jinshan},
  booktitle={Proceedings of the IEEE/CVF Conference on Computer Vision and Pattern Recognition},
  pages={5896--5905},
  year={2023}
}



@inproceedings{yang2017deep,
  title={Deep joint rain detection and removal from a single image},
  author={Yang, Wenhan and Tan, Robby T and Feng, Jiashi and Liu, Jiaying and Guo, Zongming and Yan, Shuicheng},
  booktitle={Proceedings of the IEEE conference on computer vision and pattern recognition},
  pages={1357–1366},
  year={2017}
}

@article{fu2017clearing,
  title={Clearing the skies: A deep network architecture for single-image rain removal},
  author={Fu, Xueyang and Huang, Jiabin and Ding, Xinghao and Liao, Yinghao and Paisley, John},
  journal={IEEE Transactions on Image Processing},
  volume={26},
  number={6},
  pages={2944–2956},
  year={2017},
  publisher={IEEE}
}

%====================Derain End


@article{garg2006photorealistic,
  title={Photorealistic rendering of rain streaks},
  author={Garg, Kshitiz and Nayar, Shree K},
  journal={ACM Transactions on Graphics (TOG)},
  volume={25},
  number={3},
  pages={996--1002},
  year={2006},
  publisher={ACM New York, NY, USA}
}

@incollection{wang2004rendering,
  title={Rendering falling rain and snow},
  author={Wang, Niniane and Wade, Bretton},
  booktitle={ACM SIGGRAPH 2004 Sketches},
  pages={14},
  year={2004}
}

@inproceedings{gu2020pipal,
  title={Pipal: a large-scale image quality assessment dataset for perceptual image restoration},
  author={Gu, Jinjin and Cai, Haoming and Chen, Haoyu and Ye, Xiaoxing and Ren, Jimmy and Dong, Chao},
  booktitle={European Conference on Computer Vision},
  pages={633--651},
  year={2020},
  organization={Springer}
}

@article{liu2022blind,
  title={Blind image super-resolution: A survey and beyond},
  author={Liu, Anran and Liu, Yihao and Gu, Jinjin and Qiao, Yu and Dong, Chao},
  journal={IEEE Transactions on Pattern Analysis and Machine Intelligence},
  year={2022},
  publisher={IEEE}
}

@inproceedings{guo2019toward,
  title={Toward convolutional blind denoising of real photographs},
  author={Guo, Shi and Yan, Zifei and Zhang, Kai and Zuo, Wangmeng and Zhang, Lei},
  booktitle={Proceedings of the IEEE/CVF conference on computer vision and pattern recognition},
  pages={1712--1722},
  year={2019}
}


@inproceedings{gu2019blind,
  title={Blind super-resolution with iterative kernel correction},
  author={Gu, Jinjin and Lu, Hannan and Zuo, Wangmeng and Dong, Chao},
  booktitle={Proceedings of the IEEE/CVF Conference on Computer Vision and Pattern Recognition},
  pages={1604--1613},
  year={2019}
}


@article{zhang2019image,
  title={Image de-raining using a conditional generative adversarial network},
  author={Zhang, He and Sindagi, Vishwanath and Patel, Vishal M},
  journal={IEEE transactions on circuits and systems for video technology},
  volume={30},
  number={11},
  pages={3943--3956},
  year={2019},
  publisher={IEEE}
}


@article{wang2004image,
  title={Image quality assessment: from error visibility to structural similarity},
  author={Wang, Zhou and Bovik, Alan C and Sheikh, Hamid R and Simoncelli, Eero P},
  journal={IEEE transactions on image processing},
  volume={13},
  number={4},
  pages={600--612},
  year={2004},
  publisher={IEEE}
}

@inproceedings{geiger2012we,
  title={Are we ready for autonomous driving? the kitti vision benchmark suite},
  author={Geiger, Andreas and Lenz, Philip and Urtasun, Raquel},
  booktitle={2012 IEEE conference on computer vision and pattern recognition},
  pages={3354--3361},
  year={2012},
  organization={IEEE}
}

@inproceedings{schaefer2003ucid,
  title={UCID: An uncompressed color image database},
  author={Schaefer, Gerald and Stich, Michal},
  booktitle={Storage and Retrieval Methods and Applications for Multimedia 2004},
  volume={5307},
  pages={472--480},
  year={2003},
  organization={SPIE}
}

@inproceedings{timofte2018ntire,
  title={Ntire 2018 challenge on single image super-resolution: Methods and results},
  author={Timofte, Radu and Gu, Shuhang and Wu, Jiqing and Van Gool, Luc},
  booktitle={Proceedings of the IEEE conference on computer vision and pattern recognition workshops},
  pages={852--863},
  year={2018}
}

@inproceedings{timofte2017ntire,
  title={Ntire 2017 challenge on single image super-resolution: Methods and results},
  author={Timofte, Radu and Agustsson, Eirikur and Van Gool, Luc and Yang, Ming-Hsuan and Zhang, Lei},
  booktitle={Proceedings of the IEEE conference on computer vision and pattern recognition workshops},
  pages={114--125},
  year={2017}
}

@inproceedings{liu2015deep,
  title={Deep learning face attributes in the wild},
  author={Liu, Ziwei and Luo, Ping and Wang, Xiaogang and Tang, Xiaoou},
  booktitle={Proceedings of the IEEE international conference on computer vision},
  pages={3730--3738},
  year={2015}
}


@article{bagrov2020multiscale,
  title={Multiscale structural complexity of natural patterns},
  author={Bagrov, Andrey A and Iakovlev, Ilia A and Iliasov, Askar A and Katsnelson, Mikhail I and Mazurenko, Vladimir V},
  journal={Proceedings of the National Academy of Sciences},
  volume={117},
  number={48},
  pages={30241--30251},
  year={2020},
  publisher={National Acad Sciences}
}

@article{arbelaez2010contour,
  title={Contour detection and hierarchical image segmentation},
  author={Arbelaez, Pablo and Maire, Michael and Fowlkes, Charless and Malik, Jitendra},
  journal={IEEE transactions on pattern analysis and machine intelligence},
  volume={33},
  number={5},
  pages={898--916},
  year={2010},
  publisher={IEEE}
}

@article{matsui2017sketch,
  title={Sketch-based manga retrieval using manga109 dataset},
  author={Matsui, Yusuke and Ito, Kota and Aramaki, Yuji and Fujimoto, Azuma and Ogawa, Toru and Yamasaki, Toshihiko and Aizawa, Kiyoharu},
  journal={Multimedia Tools and Applications},
  volume={76},
  number={20},
  pages={21811--21838},
  year={2017},
  publisher={Springer}
}

@inproceedings{liang2021swinir,
  title={Swinir: Image restoration using swin transformer},
  author={Liang, Jingyun and Cao, Jiezhang and Sun, Guolei and Zhang, Kai and Van Gool, Luc and Timofte, Radu},
  booktitle={Proceedings of the IEEE/CVF International Conference on Computer Vision},
  pages={1833--1844},
  year={2021}
}

@inproceedings{kong2022reflash,
  title={Reflash dropout in image super-resolution},
  author={Kong, Xiangtao and Liu, Xina and Gu, Jinjin and Qiao, Yu and Dong, Chao},
  booktitle={Proceedings of the IEEE/CVF Conference on Computer Vision and Pattern Recognition},
  pages={6002--6012},
  year={2022}
}

@inproceedings{kong2021classsr,
  title={Classsr: A general framework to accelerate super-resolution networks by data characteristic},
  author={Kong, Xiangtao and Zhao, Hengyuan and Qiao, Yu and Dong, Chao},
  booktitle={Proceedings of the IEEE/CVF Conference on Computer Vision and Pattern Recognition},
  pages={12016--12025},
  year={2021}
}

@inproceedings{ronneberger2015u,
  title={U-net: Convolutional networks for biomedical image segmentation},
  author={Ronneberger, Olaf and Fischer, Philipp and Brox, Thomas},
  booktitle={International Conference on Medical image computing and computer-assisted intervention},
  pages={234--241},
  year={2015},
  organization={Springer}
}


@inproceedings{ledig2017photo,
  title={Photo-realistic single image super-resolution using a generative adversarial network},
  author={Ledig, Christian and Theis, Lucas and Husz{\'a}r, Ferenc and Caballero, Jose and Cunningham, Andrew and Acosta, Alejandro and Aitken, Andrew and Tejani, Alykhan and Totz, Johannes and Wang, Zehan and others},
  booktitle={Proceedings of the IEEE conference on computer vision and pattern recognition},
  pages={4681--4690},
  year={2017}
}

@inproceedings{huang2015single,
  title={Single image super-resolution from transformed self-exemplars},
  author={Huang, Jia-Bin and Singh, Abhishek and Ahuja, Narendra},
  booktitle={Proceedings of the IEEE conference on computer vision and pattern recognition},
  pages={5197--5206},
  year={2015}
}


@inproceedings{wei2019semi,
  title={Semi-supervised transfer learning for image rain removal},
  author={Wei, Wei and Meng, Deyu and Zhao, Qian and Xu, Zongben and Wu, Ying},
  booktitle={Proceedings of the IEEE/CVF conference on computer vision and pattern recognition},
  pages={3877--3886},
  year={2019}
}

@inproceedings{huang2021memory,
  title={Memory oriented transfer learning for semi-supervised image deraining},
  author={Huang, Huaibo and Yu, Aijing and He, Ran},
  booktitle={Proceedings of the IEEE/CVF Conference on Computer Vision and Pattern Recognition},
  pages={7732--7741},
  year={2021}
}

@inproceedings{chen2023masked,
  title={Masked Image Training for Generalizable Deep Image Denoising},
  author={Chen, Haoyu and Gu, Jinjin and Liu, Yihao and Magid, Salma Abdel and Dong, Chao and Wang, Qiong and Pfister, Hanspeter and Zhu, Lei},
  booktitle={Proceedings of the IEEE/CVF Conference on Computer Vision and Pattern Recognition},
  year={2023}
}


@inproceedings{zhang2022accurate,
  title={Accurate image restoration with attention retractable transformer},
  author={Zhang, Jiale and Zhang, Yulun and Gu, Jinjin and Zhang, Yongbing and Kong, Linghe and Yuan, Xin},
  booktitle={International Conference on Learning Representations},
  year={2023}
}

@inproceedings{zheng2022cross,
  title={Cross Aggregation Transformer for Image Restoration},
  author={Zheng, Chen and Zhang, Yulun and Gu, Jinjin and Zhang, Yongbing and Kong, Linghe and Yuan, Xin},
  booktitle={Advances in Neural Information Processing Systems},
  year={2022}
}

@inproceedings{shirethinking,
  title={Rethinking Alignment in Video Super-Resolution Transformers},
  author={Shi, Shuwei and Gu, Jinjin and Xie, Liangbin and Wang, Xintao and Yang, Yujiu and Dong, Chao},
  booktitle={Advances in Neural Information Processing Systems},
  year={2022}
}

@article{yasarla2021semi,
  title={Semi-supervised image deraining using gaussian processes},
  author={Yasarla, Rajeev and Sindagi, Vishwanath A and Patel, Vishal M},
  journal={IEEE Transactions on Image Processing},
  volume={30},
  pages={6570--6582},
  year={2021},
  publisher={IEEE}
}

@article{stablesr,
  title={Exploiting Diffusion Prior for Real-World Image Super-Resolution},
  author={Wang, Jianyi and Yue, Zongsheng and Zhou, Shangchen and Chan, Kelvin CK and Loy, Chen Change},
  journal={arXiv preprint arXiv:2305.07015},
  year={2023}
}
@article{diffbir,
  title={DiffBIR: Towards Blind Image Restoration with Generative Diffusion Prior},
  author={Lin, Xinqi and He, Jingwen and Chen, Ziyan and Lyu, Zhaoyang and Fei, Ben and Dai, Bo and Ouyang, Wanli and Qiao, Yu and Dong, Chao},
  journal={arXiv preprint arXiv:2308.15070},
  year={2023}
}
@article{pasd,
  title={Pixel-Aware Stable Diffusion for Realistic Image Super-resolution and Personalized Stylization},
  author={Yang, Tao and Ren, Peiran and Xie, Xuansong and Zhang, Lei},
  journal={arXiv preprint arXiv:2308.14469},
  year={2023}
}

@article{supir,
  title={Scaling Up to Excellence: Practicing Model Scaling for Photo-Realistic Image Restoration In the Wild},
  author={Yu, Fanghua and Gu, Jinjin and Li, Zheyuan and Hu, Jinfan and Kong, Xiangtao and Wang, Xintao and He, Jingwen and Qiao, Yu and Dong, Chao},
  journal={arXiv preprint arXiv:2401.13627},
  year={2024}
}

@inproceedings{esser2021taming,
  title={Taming transformers for high-resolution image synthesis},
  author={Esser, Patrick and Rombach, Robin and Ommer, Bjorn},
  booktitle={Proceedings of the IEEE/CVF conference on computer vision and pattern recognition},
  pages={12873--12883},
  year={2021}
}