@inproceedings{Arnaldo2014,
  title={Multiple regression genetic programming},
  author={Arnaldo, Ignacio and Krawiec, Krzysztof and O'Reilly, Una-May},
  booktitle={Proceedings of the 2014 Annual Conference on Genetic and Evolutionary Computation},
  pages={879--886},
  year={2014}
}

@inproceedings{Bertschinger2023,
  title={The Metric is the Message: Benchmarking Challenges for Neural Symbolic Regression},
  author={Bertschinger, Amanda and Davis, Q Tyrell and Bagrow, James and Bongard, Joshua},
  booktitle={Joint European Conference on Machine Learning and Knowledge Discovery in Databases},
  pages={161--177},
  year={2023},
  organization={Springer}
}

@article{Bendinelli2023,
  title={Controllable Neural Symbolic Regression},
  author={Bendinelli, Tommaso and Biggio, Luca and Kamienny, Pierre-Alexandre},
  journal={arXiv preprint arXiv:2304.10336},
  year={2023}
}

@inproceedings{Biggio2020,
  title={A seq2seq approach to symbolic regression},
  author={Biggio, Luca and Bendinelli, Tommaso and Lucchi, Aurelien and Parascandolo, Giambattista},
  booktitle={Learning Meets Combinatorial Algorithms at NeurIPS2020},
  year={2020}
}

@inproceedings{Biggio2021,
  title={Neural symbolic regression that scales},
  author={Biggio, Luca and Bendinelli, Tommaso and Neitz, Alexander and Lucchi, Aurelien and Parascandolo, Giambattista},
  booktitle={International Conference on Machine Learning},
  pages={936--945},
  year={2021},
  organization={PMLR}
}

@inproceedings{Biswas2021,
  title={Improving differential evolution through Bayesian hyperparameter optimization},
  author={Biswas, Subhodip and Saha, Debanjan and De, Shuvodeep and Cobb, Adam D and Das, Swagatam and Jalaian, Brian A},
  booktitle={2021 IEEE Congress on evolutionary computation (CEC)},
  pages={832--840},
  year={2021},
  organization={IEEE}
}

@article{Boddupalli2023,
  title={Symbolic regression via neural networks},
  author={Boddupalli, N and Matchen, T and Moehlis, J},
  journal={Chaos: An Interdisciplinary Journal of Nonlinear Science},
  volume={33},
  number={8},
  year={2023},
  publisher={AIP Publishing}
}

@article{Clune2013,
  title={The evolutionary origins of modularity},
  author={Clune, Jeff and Mouret, Jean-Baptiste and Lipson, Hod},
  journal={Proceedings of the Royal Society b: Biological sciences},
  volume={280},
  number={1755},
  pages={20122863},
  year={2013},
  publisher={The Royal Society}
}

@article{Costa2020,
  title={Fast neural models for symbolic regression at scale},
  author={Costa, Allan and Dangovski, Rumen and Dugan, Owen and Kim, Samuel and Goyal, Pawan and Solja{\v{c}}i{\'c}, Marin and Jacobson, Joseph},
  journal={arXiv preprint arXiv:2007.10784},
  year={2020}
}

@article{Cranmer2023,
  title={Interpretable machine learning for science with PySR and SymbolicRegression. jl},
  author={Cranmer, Miles},
  journal={arXiv preprint arXiv:2305.01582},
  year={2023}
}

@article{Ding2013,
  title={Evolutionary artificial neural networks: a review},
  author={Ding, Shifei and Li, Hui and Su, Chunyang and Yu, Junzhao and Jin, Fengxiang},
  journal={Artificial Intelligence Review},
  volume={39},
  pages={251--260},
  year={2013},
  publisher={Springer}
}

@article{Ellefsen2015,
  title={Neural modularity helps organisms evolve to learn new skills without forgetting old skills},
  author={Ellefsen, Kai Olav and Mouret, Jean-Baptiste and Clune, Jeff},
  journal={PLoS computational biology},
  volume={11},
  number={4},
  pages={e1004128},
  year={2015},
  publisher={Public Library of Science San Francisco, CA USA}
}

@article{Feurer2019,
  title={Hyperparameter optimization},
  author={Feurer, Matthias and Hutter, Frank},
  journal={Automated machine learning: Methods, systems, challenges},
  pages={3--33},
  year={2019},
  publisher={Springer International Publishing}
}

@article{Fleck2024,
  title={Population Dynamics in Genetic Programming for Dynamic Symbolic Regression},
  author={Fleck, Philipp and Werth, Bernhard and Affenzeller, Michael},
  journal={Applied Sciences},
  volume={14},
  number={2},
  pages={596},
  year={2024},
  publisher={MDPI}
}

@article{Floreano2008,
  title={Neuroevolution: from architectures to learning},
  author={Floreano, Dario and D{\"u}rr, Peter and Mattiussi, Claudio},
  journal={Evolutionary intelligence},
  volume={1},
  pages={47--62},
  year={2008},
  publisher={Springer}
}

@article{Galvan2021,
  title={Neuroevolution in deep neural networks: Current trends and future challenges},
  author={Galv{\'a}n, Edgar and Mooney, Peter},
  journal={IEEE Transactions on Artificial Intelligence},
  volume={2},
  number={6},
  pages={476--493},
  year={2021},
  publisher={IEEE}
}

@article{Haider2023,
  title={Shape-constrained multi-objective genetic programming for symbolic regression},
  author={Haider, C and de Franca, FO and Burlacu, B and Kronberger, G},
  journal={Applied Soft Computing},
  volume={132},
  pages={109855},
  year={2023},
  publisher={Elsevier}
}

@article{Hendrycks2016,
  title={Gaussian error linear units (gelus)},
  author={Hendrycks, Dan and Gimpel, Kevin},
  journal={arXiv preprint arXiv:1606.08415},
  year={2016}
}

@article{Jin2009,
  title={A systems approach to evolutionary multiobjective structural optimization and beyond},
  author={Jin, Yaochu and Sendhoff, Bernhard},
  journal={IEEE Computational Intelligence Magazine},
  volume={4},
  number={3},
  pages={62--76},
  year={2009},
  publisher={IEEE}
}

@article{Kamienny2022,
  title={End-to-end symbolic regression with transformers},
  author={Kamienny, Pierre-Alexandre and d'Ascoli, St{\'e}phane and Lample, Guillaume and Charton, Fran{\c{c}}ois},
  journal={arXiv preprint arXiv:2204.10532},
  year={2022}
}

@inproceedings{Keijzer2003,
  title={Improving symbolic regression with interval arithmetic and linear scaling},
  author={Keijzer, Maarten},
  booktitle={European Conference on Genetic Programming},
  pages={70--82},
  year={2003},
  organization={Springer}
}

@article{Keijzer2004,
  title={Scaled symbolic regression},
  author={Keijzer, Maarten},
  journal={Genetic Programming and Evolvable Machines},
  volume={5},
  pages={259--269},
  year={2004},
  publisher={Springer}
}

@article{Keskar2019,
  title={Ctrl: A conditional transformer language model for controllable generation},
  author={Keskar, Nitish Shirish and McCann, Bryan and Varshney, Lav R and Xiong, Caiming and Socher, Richard},
  journal={arXiv preprint arXiv:1909.05858},
  year={2019}
}

@article{Kim2020,
  title={Integration of neural network-based symbolic regression in deep learning for scientific discovery},
  author={Kim, Samuel and Lu, Peter Y and Mukherjee, Srijon and Gilbert, Michael and Jing, Li and {\v{C}}eperi{\'c}, Vladimir and Solja{\v{c}}i{\'c}, Marin},
  journal={IEEE transactions on neural networks and learning systems},
  volume={32},
  number={9},
  pages={4166--4177},
  year={2020},
  publisher={IEEE}
}

@article{Kingma2014,
  title={Adam: A method for stochastic optimization},
  author={Kingma, Diederik P and Ba, Jimmy},
  journal={arXiv preprint arXiv:1412.6980},
  year={2014}
}

@article{Kingma2013,
  title={Auto-encoding variational bayes},
  author={Kingma, Diederik P and Welling, Max},
  journal={arXiv preprint arXiv:1312.6114},
  year={2013}
}

@article{Kommenda2020,
  title={Parameter identification for symbolic regression using nonlinear least squares},
  author={Kommenda, Michael and Burlacu, Bogdan and Kronberger, Gabriel and Affenzeller, Michael},
  journal={Genetic Programming and Evolvable Machines},
  volume={21},
  number={3},
  pages={471--501},
  year={2020},
  publisher={Springer}
}

@book{Koza1992,
  title={Genetic Programming: On the Programming of Computers by Means of Natural Selection},
  author={Koza, J.R.},
  isbn={9780262111706},
  lccn={92025785},
  series={A Bradford book},
  url={https://books.google.com/books?id=Bhtxo60BV0EC},
  year={1992},
  publisher={Bradford}
}

@book{Koza1994,
  title={Genetic programming II: automatic discovery of reusable programs},
  author={Koza, John R},
  year={1994},
  publisher={MIT press}
}

@article{LaCava2021,
  title={Contemporary symbolic regression methods and their relative performance},
  author={La Cava, William and Orzechowski, Patryk and Burlacu, Bogdan and de Fran{\c{c}}a, Fabr{\'\i}cio Olivetti and Virgolin, Marco and Jin, Ying and Kommenda, Michael and Moore, Jason H},
  journal={arXiv preprint arXiv:2107.14351},
  year={2021}
}

@article{LeCun1987,
  title={PhD thesis: Modeles connexionnistes de l'apprentissage (connectionist learning models)},
  author={LeCun, Yann},
  year={1987},
  publisher={Universite P. et M. Curie (Paris 6)}
}

@inproceedings{Li2022,
  title={Transformer-based model for symbolic regression via joint supervised learning},
  author={Li, Wenqiang and Li, Weijun and Sun, Linjun and Wu, Min and Yu, Lina and Liu, Jingyi and Li, Yanjie and Tian, Songsong},
  booktitle={The Eleventh International Conference on Learning Representations},
  year={2022}
}

@article{Mann1947,
issn = {0003-4851},
abstract = {Let x and y be two random variables with continuous cumulative distribution functions f and g. A statistic U depending on the relative ranks of the x's and y's is proposed for testing the hypothesis f = g. Wilcoxon proposed an equivalent test in the Biometrics Bulletin, December, 1945, but gave only a few points of the distribution of his statistic. Under the hypothesis f = g the probability of obtaining a given U in a sample of n x's and m y's is the solution of a certain recurrence relation involving n and m. Using this recurrence relation tables have been computed giving the probability of U for samples up to n = m = 8. At this point the distribution is almost normal. From the recurrence relation explicit expressions for the mean, variance, and fourth moment are obtained. The 2rth moment is shown to have a certain form which enabled us to prove that the limit distribution is normal if m, n go to infinity in any arbitrary manner. The test is shown to be consistent with respect to the class of alternatives$f(x) > g(x)$for every x.},
journal = {The Annals of mathematical statistics},
pages = {50--60},
volume = {18},
publisher = {Institute of Mathematical Statistics},
number = {1},
year = {1947},
title = {On a Test of Whether one of Two Random Variables is Stochastically Larger than the Other},
copyright = {Copyright 1947 Institute of Mathematical Statistics},
language = {eng},
author = {Mann, H. B. and Whitney, D. R.},
keywords = {Bacteria ; Coefficients ; Control groups ; Cumulative distribution functions ; Mathematical moments ; Null hypothesis ; Polynomials ; Probabilities ; Random variables ; Recurrence relations},
}

@article{Martius2016,
  title={Extrapolation and learning equations},
  author={Martius, Georg and Lampert, Christoph H},
  journal={arXiv preprint arXiv:1610.02995},
  year={2016}
}

@inproceedings{Montana1989,
  title={Training feedforward neural networks using genetic algorithms.},
  author={Montana, David J and Davis, Lawrence and others},
  booktitle={IJCAI},
  volume={89},
  pages={762--767},
  year={1989}
}

@article{Motulsky1987,
  title={Fitting curves to data using nonlinear regression: a practical and nonmathematical review},
  author={Motulsky, Harvey J and Ransnas, Lennart A},
  journal={The FASEB journal},
  volume={1},
  number={5},
  pages={365--374},
  year={1987},
  publisher={Wiley Online Library}
}

@article{Ng2011,
  title={Sparse autoencoder},
  author={Ng, Andrew and others},
  journal={CS294A Lecture notes},
  volume={72},
  number={2011},
  pages={1--19},
  year={2011}
}

@article{Petersen2019,
  title={Deep symbolic regression: Recovering mathematical expressions from data via risk-seeking policy gradients},
  author={Petersen, Brenden K and Landajuela, Mikel and Mundhenk, T Nathan and Santiago, Claudio P and Kim, Soo K and Kim, Joanne T},
  journal={arXiv preprint arXiv:1912.04871},
  year={2019}
}

@inproceedings{Qi2017,
  title={Pointnet: Deep learning on point sets for 3d classification and segmentation},
  author={Qi, Charles R and Su, Hao and Mo, Kaichun and Guibas, Leonidas J},
  booktitle={Proceedings of the IEEE conference on computer vision and pattern recognition},
  pages={652--660},
  year={2017}
}

@article{Radford2018,
  title={Improving language understanding by generative pre-training},
  author={Radford, Alec and Narasimhan, Karthik and Salimans, Tim and Sutskever, Ilya and others},
  year={2018},
  publisher={OpenAI}
}

@article{Rocha2007,
  title={Evolution of neural networks for classification and regression},
  author={Rocha, Miguel and Cortez, Paulo and Neves, Jos{\'e}},
  journal={Neurocomputing},
  volume={70},
  number={16-18},
  pages={2809--2816},
  year={2007},
  publisher={Elsevier}
}

@inproceedings{Sahoo2018,
  title={Learning equations for extrapolation and control},
  author={Sahoo, Subham and Lampert, Christoph and Martius, Georg},
  booktitle={International Conference on Machine Learning},
  pages={4442--4450},
  year={2018},
  organization={PMLR}
}

@article{Schmidt2008,
  title={Coevolution of fitness predictors},
  author={Schmidt, Michael D and Lipson, Hod},
  journal={IEEE Transactions on Evolutionary Computation},
  volume={12},
  number={6},
  pages={736--749},
  year={2008},
  publisher={IEEE}
}

@incollection{Schmidt2009,
  title={Symbolic regression of implicit equations},
  author={Schmidt, Michael and Lipson, Hod},
  booktitle={Genetic programming theory and practice VII},
  pages={73--85},
  year={2009},
  publisher={Springer}
}

@article{Smits2005,
  title={Pareto-front exploitation in symbolic regression},
  author={Smits, Guido F and Kotanchek, Mark},
  journal={Genetic programming theory and practice II},
  pages={283--299},
  year={2005},
  publisher={Springer}
}

@article{Stanley2002,
  title={Evolving neural networks through augmenting topologies},
  author={Stanley, Kenneth O and Miikkulainen, Risto},
  journal={Evolutionary computation},
  volume={10},
  number={2},
  pages={99--127},
  year={2002},
  publisher={MIT Press}
}

@article{Stanley2019,
  title={Designing neural networks through neuroevolution},
  author={Stanley, Kenneth O and Clune, Jeff and Lehman, Joel and Miikkulainen, Risto},
  journal={Nature Machine Intelligence},
  volume={1},
  number={1},
  pages={24--35},
  year={2019},
  publisher={Nature Publishing Group UK London}
}

@article{Tani2021,
  title={Evolutionary algorithms for hyperparameter optimization in machine learning for application in high energy physics},
  author={Tani, Laurits and Rand, Diana and Veelken, Christian and Kadastik, Mario},
  journal={The European Physical Journal C},
  volume={81},
  pages={1--9},
  year={2021},
  publisher={Springer}
}

@article{Valipour2021,
  title={{SymbolicGPT}: A generative transformer model for symbolic regression},
  author={Valipour, Mojtaba and You, Bowen and Panju, Maysum and Ghodsi, Ali},
  journal={arXiv preprint arXiv:2106.14131},
  year={2021}
}

@article{Vastl2022,
  title={{SymFormer}: End-to-end symbolic regression using transformer-based architecture.},
  author={Vastl, Martin and Kulh{\'a}nek, Jon{\'a}{\v{s}} and Kubal{\'\i}k, Jir{\'\i} and Derner, Erik and Babu{\v{s}}ka, Robert},
  journal={arXiv preprint arXiv:2205.15764},
  year={2022}
}

@article{Vaswani2017,
  title={Attention is all you need},
  author={Vaswani, Ashish and Shazeer, Noam and Parmar, Niki and Uszkoreit, Jakob and Jones, Llion and Gomez, Aidan N and Kaiser, {\L}ukasz and Polosukhin, Illia},
  journal={Advances in neural information processing systems},
  volume={30},
  year={2017}
}

@article{Virgolin2021,
  title={Improving model-based genetic programming for symbolic regression of small expressions},
  author={Virgolin, Marco and Alderliesten, Tanja and Witteveen, Cees and Bosman, Peter AN},
  journal={Evolutionary computation},
  volume={29},
  number={2},
  pages={211--237},
  year={2021},
  publisher={MIT Press One Rogers Street, Cambridge, MA 02142-1209, USA journals-info~…}
}

@article{Vladislavleva2009,
  title={On the importance of data balancing for symbolic regression},
  author={Vladislavleva, Ekaterina and Smits, Guido and Den Hertog, Dick},
  journal={IEEE Transactions on Evolutionary Computation},
  volume={14},
  number={2},
  pages={252--277},
  year={2009},
  publisher={IEEE}
}

@article{Wang2019,
  title={Symbolic regression in materials science},
  author={Wang, Yiqun and Wagner, Nicholas and Rondinelli, James M},
  journal={MRS Communications},
  volume={9},
  number={3},
  pages={793--805},
  year={2019},
  publisher={Cambridge University Press}
}

@article{Wang2019language,
  title={Language models with transformers},
  author={Wang, Chenguang and Li, Mu and Smola, Alexander J},
  journal={arXiv preprint arXiv:1904.09408},
  year={2019}
}

@book{Weisberg2005,
  title={Applied linear regression},
  author={Weisberg, Sanford},
  volume={528},
  year={2005},
  publisher={John Wiley \& Sons}
}

@inproceedings{Yang2023,
  title={Surrogate-assisted Multi-objective Optimization via Genetic Programming Based Symbolic Regression},
  author={Yang, Kaifeng and Affenzeller, Michael},
  booktitle={International Conference on Evolutionary Multi-Criterion Optimization},
  pages={176--190},
  year={2023},
  organization={Springer}
}

@article{Zhang2023,
  title={Deep learning and symbolic regression for discovering parametric equations},
  author={Zhang, Michael and Kim, Samuel and Lu, Peter Y and Solja{\v{c}}i{\'c}, Marin},
  journal={IEEE Transactions on Neural Networks and Learning Systems},
  year={2023},
  publisher={IEEE}
}

@inproceedings{Zhai2018,
  title={Autoencoder and its various variants},
  author={Zhai, Junhai and Zhang, Sufang and Chen, Junfen and He, Qiang},
  booktitle={2018 IEEE international conference on systems, man, and cybernetics (SMC)},
  pages={415--419},
  year={2018},
  organization={IEEE}
}

@article{Zojaji2022,
  title={Semantic schema based genetic programming for symbolic regression},
  author={Zojaji, Zahra and Ebadzadeh, Mohammad Mehdi and Nasiri, Hamid},
  journal={Applied Soft Computing},
  volume={122},
  pages={108825},
  year={2022},
  publisher={Elsevier}
}