@inproceedings{Devlin2019BERTPO,
  title={BERT: Pre-training of Deep Bidirectional Transformers for Language Understanding},
  author={Jacob Devlin and Ming-Wei Chang and Kenton Lee and Kristina Toutanova},
  booktitle={North American Chapter of the Association for Computational Linguistics},
  year={2019},
  url={https://api.semanticscholar.org/CorpusID:52967399}
}

@article{chithrananda2020chemberta,
  title={ChemBERTa: large-scale self-supervised pretraining for molecular property prediction},
  author={Chithrananda, Seyone and Grand, Gabriel and Ramsundar, Bharath},
  journal={arXiv preprint arXiv:2010.09885},
  year={2020}
}

@article{dong2022survey,
  title={A survey on in-context learning},
  author={Dong, Qingxiu and Li, Lei and Dai, Damai and Zheng, Ce and Ma, Jingyuan and Li, Rui and Xia, Heming and Xu, Jingjing and Wu, Zhiyong and Liu, Tianyu and others},
  journal={arXiv preprint arXiv:2301.00234},
  year={2022}
}

@inproceedings{edwards_translation_2022,
	title = {Translation between {Molecules} and {Natural} {Language}},
	author = {Edwards, Carl and Lai, Tuan and Ros, Kevin and Honke, Garrett and Cho, Kyunghyun and Ji, Heng},
	month = nov,
	year = {2022},
	booktitle = "EMNLP",
}

@inproceedings{gong2024text,
  title={Text-guided molecule generation with diffusion language model},
  author={Gong, Haisong and Liu, Qiang and Wu, Shu and Wang, Liang},
  booktitle={AAAI},
  volume={38},
  number={1},
  pages={109--117},
  year={2024}
}

@inproceedings{guo2021few,
  title={Few-shot graph learning for molecular property prediction},
  author={Guo, Zhichun and Zhang, Chuxu and Yu, Wenhao and Herr, John and Wiest, Olaf and Jiang, Meng and Chawla, Nitesh V},
  booktitle={Proceedings of the web conference 2021},
  pages={2559--2567},
  year={2021}
}

@article{guo_what_2023,
  title={What can large language models do in chemistry? a comprehensive benchmark on eight tasks},
  author={Guo, Taicheng and Nan, Bozhao and Liang, Zhenwen and Guo, Zhichun and Chawla, Nitesh and Wiest, Olaf and Zhang, Xiangliang and others},
  journal={Advances in Neural Information Processing Systems},
  volume={36},
  pages={59662--59688},
  year={2023}
}

@article{kim2024data,
  title={Data-efficient molecular generation with hierarchical textual inversion},
  author={Kim, Seojin and Nam, Jaehyun and Yu, Sihyun and Shin, Younghoon and Shin, Jinwoo},
  journal={arXiv preprint arXiv:2405.02845},
  year={2024}
}

@article{li2021mol,
  title={Mol-BERT: An Effective Molecular Representation with BERT for Molecular Property Prediction},
  author={Li, Juncai and Jiang, Xiaofei},
  journal={Wireless Communications and Mobile Computing},
  volume={2021},
  number={1},
  pages={7181815},
  year={2021},
  publisher={Wiley Online Library}
}

@article{li_empowering_2024,
  title={Empowering molecule discovery for molecule-caption translation with large language models: A chatgpt perspective},
  author={Li, Jiatong and Liu, Yunqing and Fan, Wenqi and Wei, Xiao-Yong and Liu, Hui and Tang, Jiliang and Li, Qing},
  journal={IEEE Transactions on Knowledge and Data Engineering},
  year={2024},
  publisher={IEEE}
}

@article{liu2024reactxt,
    title={ReactXT: Understanding Molecular “Reaction-ship” via Reaction-Contextualized Molecule-Text Pretraining},
    author={Liu, Zhiyuan and Shi, Yaorui and Zhang, An and Li, Sihang and Zhang, Enzhi and Wang, Xiang and Kawaguchi, Kenji and Chua, Tat-Seng},
    booktitle={Findings of the Association for Computational Linguistics: {ACL} 2024},
    publisher={Association for Computational Linguistics},
    year={2024},
    url={https://openreview.net/forum?id=V-ejDfLiwe}
}

@inproceedings{liu_molca_2023,
    title={MolCA: Molecular Graph-Language Modeling with Cross-Modal Projector and Uni-Modal Adapter},
    author={Liu, Zhiyuan and Li, Sihang and Luo, Yanchen and Fei, Hao and Cao, Yixin and Kawaguchi, Kenji and Wang, Xiang and Chua, Tat-Seng},
    booktitle={EMNLP},
    year={2023},
    url={https://openreview.net/forum?id=14WRhMNq7H}
}

@inproceedings{stark20223d,
  title={3d infomax improves gnns for molecular property prediction},
  author={St{\"a}rk, Hannes and Beaini, Dominique and Corso, Gabriele and Tossou, Prudencio and Dallago, Christian and G{\"u}nnemann, Stephan and Li{\`o}, Pietro},
  booktitle={International Conference on Machine Learning},
  pages={20479--20502},
  year={2022},
  organization={PMLR}
}

@article{vaswani2017attention,
  title={Attention is all you need},
  author={Vaswani, A},
  journal={Advances in Neural Information Processing Systems},
  year={2017}
}

@article{weininger1988smiles,
  title={SMILES, a chemical language and information system. 1. Introduction to methodology and encoding rules},
  author={Weininger, David},
  journal={Journal of chemical information and computer sciences},
  volume={28},
  number={1},
  pages={31--36},
  year={1988},
  publisher={ACS Publications}
}

