@article{mao2024poster++,
  title={Poster++: A simpler and stronger facial expression recognition network},
  author={Mao, Jiawei and Xu, Rui and Yin, Xuesong and Chang, Yuanqi and Nie, Binling and Huang, Aibin and Wang, Yigang},
  journal={Pattern Recognition},
  pages={110951},
  year={2024},
  publisher={Elsevier}
}

@inproceedings{zheng2023poster,
  title={Poster: A pyramid cross-fusion transformer network for facial expression recognition},
  author={Zheng, Ce and Mendieta, Matias and Chen, Chen},
  booktitle={Proceedings of the IEEE/CVF International Conference on Computer Vision},
  pages={3146--3155},
  year={2023}
}

@article{wang2020region_RAN,
  title={Region attention networks for pose and occlusion robust facial expression recognition},
  author={Wang, Kai and Peng, Xiaojiang and Yang, Jianfei and Meng, Debin and Qiao, Yu},
  journal={IEEE Transactions on Image Processing},
  volume={29},
  pages={4057--4069},
  year={2020},
  publisher={IEEE}
}

@article{li2021adaptively,
  title={Adaptively learning facial expression representation via cf labels and distillation},
  author={Li, Hangyu and Wang, Nannan and Ding, Xinpeng and Yang, Xi and Gao, Xinbo},
  journal={IEEE Transactions on Image Processing},
  volume={30},
  pages={2016--2028},
  year={2021},
  publisher={IEEE}
}

@inproceedings{xue2021transfer,
  title={Transfer: Learning relation-aware facial expression representations with transformers},
  author={Xue, Fanglei and Wang, Qiangchang and Guo, Guodong},
  booktitle={Proceedings of the IEEE/CVF International Conference on Computer Vision},
  pages={3601--3610},
  year={2021}
}

@article{xue2022vision,
  title={Vision transformer with attentive pooling for robust facial expression recognition},
  author={Xue, Fanglei and Wang, Qiangchang and Tan, Zichang and Ma, Zhongsong and Guo, Guodong},
  journal={IEEE Transactions on Affective Computing},
  year={2022},
  publisher={IEEE}
}

@article{mao2023poster++,
  title={POSTER++: A simpler and stronger facial expression recognition network},
  author={Mao, Jiawei and Xu, Rui and Yin, Xuesong and Chang, Yuanqi and Nie, Binling and Huang, Aibin},
  journal={arXiv preprint arXiv:2301.12149},
  year={2023}
}


@inproceedings{kanade2000comprehensive,
  title={Comprehensive database for facial expression analysis},
  author={Kanade, Takeo and Cohn, Jeffrey F and Tian, Yingli},
  booktitle={Proceedings fourth IEEE international conference on automatic face and gesture recognition (cat. No. PR00580)},
  pages={46--53},
  year={2000},
  organization={IEEE}
}

@inproceedings{barsoum2016training_fer+,
  title={Training deep networks for facial expression recognition with crowd-sourced label distribution},
  author={Barsoum, Emad and Zhang, Cha and Ferrer, Cristian Canton and Zhang, Zhengyou},
  booktitle={Proceedings of the 18th ACM international conference on multimodal interaction},
  pages={279--283},
  year={2016}
}


%%% 
@inproceedings{li2017reliable_rafdb,
  title={Reliable crowdsourcing and deep locality-preserving learning for expression recognition in the wild},
  author={Li, Shan and Deng, Weihong and Du, JunPing},
  booktitle={Proceedings of the IEEE conference on computer vision and pattern recognition},
  pages={2852--2861},
  year={2017}
}


@inproceedings{lucey2010extended,
  title={The extended cohn-kanade dataset (ck+): A complete dataset for action unit and emotion-specified expression},
  author={Lucey, Patrick and Cohn, Jeffrey F and Kanade, Takeo and Saragih, Jason and Ambadar, Zara and Matthews, Iain},
  booktitle={2010 ieee computer society conference on computer vision and pattern recognition-workshops},
  pages={94--101},
  year={2010},
  organization={IEEE}
}

@article{mollahosseini2017affectnet,
  title={Affectnet: A database for facial expression, valence, and arousal computing in the wild},
  author={Mollahosseini, Ali and Hasani, Behzad and Mahoor, Mohammad H},
  journal={IEEE Transactions on Affective Computing},
  volume={10},
  number={1},
  pages={18--31},
  year={2017},
  publisher={IEEE}
}

@inproceedings{wang2020suppressing,
  title={Suppressing uncertainties for large-scale facial expression recognition},
  author={Wang, Kai and Peng, Xiaojiang and Yang, Jianfei and Lu, Shijian and Qiao, Yu},
  booktitle={Proceedings of the IEEE/CVF conference on computer vision and pattern recognition},
  pages={6897--6906},
  year={2020}
}


@inproceedings{zhang2022learn_EAC,
  title={Learn from all: Erasing attention consistency for noisy label facial expression recognition},
  author={Zhang, Yuhang and Wang, Chengrui and Ling, Xu and Deng, Weihong},
  booktitle={European Conference on Computer Vision},
  pages={418--434},
  year={2022},
  organization={Springer}
}

@inproceedings{jiang2018mentornet,
  title={Mentornet: Learning data-driven curriculum for very deep neural networks on corrupted labels},
  author={Jiang, Lu and Zhou, Zhengyuan and Leung, Thomas and Li, Li-Jia and Fei-Fei, Li},
  booktitle={International conference on machine learning},
  pages={2304--2313},
  year={2018},
  organization={PMLR}
}

@article{han2018co_Co-teaching,
  title={Co-teaching: Robust training of deep neural networks with extremely noisy labels},
  author={Han, Bo and Yao, Quanming and Yu, Xingrui and Niu, Gang and Xu, Miao and Hu, Weihua and Tsang, Ivor and Sugiyama, Masashi},
  journal={Advances in neural information processing systems},
  volume={31},
  year={2018}
}

@article{malach2017decoupling,
  title={Decoupling" when to update" from" how to update"},
  author={Malach, Eran and Shalev-Shwartz, Shai},
  journal={Advances in neural information processing systems},
  volume={30},
  year={2017}
}

@inproceedings{wei2020combating_JoCoR,
  title={Combating noisy labels by agreement: A joint training method with co-regularization},
  author={Wei, Hongxin and Feng, Lei and Chen, Xiangyu and An, Bo},
  booktitle={Proceedings of the IEEE/CVF conference on computer vision and pattern recognition},
  pages={13726--13735},
  year={2020}
}

@inproceedings{wang2020suppressing_SCN,
  title={Suppressing uncertainties for large-scale facial expression recognition},
  author={Wang, Kai and Peng, Xiaojiang and Yang, Jianfei and Lu, Shijian and Qiao, Yu},
  booktitle={Proceedings of the IEEE/CVF conference on computer vision and pattern recognition},
  pages={6897--6906},
  year={2020}
}

@inproceedings{zeng2018facial_IPA2LT,
  title={Facial expression recognition with inconsistently annotated datasets},
  author={Zeng, Jiabei and Shan, Shiguang and Chen, Xilin},
  booktitle={Proceedings of the European conference on computer vision (ECCV)},
  pages={222--237},
  year={2018}
}

@inproceedings{arpit2017closer,
  title={A closer look at memorization in deep networks},
  author={Arpit, Devansh and Jastrz{\k{e}}bski, Stanis{\l}aw and Ballas, Nicolas and Krueger, David and Bengio, Emmanuel and Kanwal, Maxinder S and Maharaj, Tegan and Fischer, Asja and Courville, Aaron and Bengio, Yoshua and others},
  booktitle={International conference on machine learning},
  pages={233--242},
  year={2017},
  organization={PMLR}
}


@inproceedings{she2021dive_DMUE,
  title={Dive into ambiguity: Latent distribution mining and pairwise uncertainty estimation for facial expression recognition},
  author={She, Jiahui and Hu, Yibo and Shi, Hailin and Wang, Jun and Shen, Qiu and Mei, Tao},
  booktitle={Proceedings of the IEEE/CVF conference on computer vision and pattern recognition},
  pages={6248--6257},
  year={2021}
}

@inproceedings{wu2023net_LA-Net,
  title={LA-Net: Landmark-Aware Learning for Reliable Facial Expression Recognition under Label Noise},
  author={Wu, Zhiyu and Cui, Jinshi},
  booktitle={Proceedings of the IEEE/CVF International Conference on Computer Vision},
  pages={20698--20707},
  year={2023}
}

@article{zhang2021relative_RUL,
  title={Relative uncertainty learning for facial expression recognition},
  author={Zhang, Yuhang and Wang, Chengrui and Deng, Weihong},
  journal={Advances in Neural Information Processing Systems},
  volume={34},
  pages={17616--17627},
  year={2021}
}


@inproceedings{zeng2022face2exp,
  title={Face2exp: Combating data biases for facial expression recognition},
  author={Zeng, Dan and Lin, Zhiyuan and Yan, Xiao and Liu, Yuting and Wang, Fei and Tang, Bo},
  booktitle={Proceedings of the IEEE/CVF Conference on Computer Vision and Pattern Recognition},
  pages={20291--20300},
  year={2022}
}

@article{zhang2024leave_MEK,
  title={Leave No Stone Unturned: Mine Extra Knowledge for Imbalanced Facial Expression Recognition},
  author={Zhang, Yuhang and Li, Yaqi and Liu, Xuannan and Deng, Weihong and others},
  journal={Advances in Neural Information Processing Systems},
  volume={36},
  year={2024}
}

@inproceedings{zhao2021robust_LDL,
  title={Robust lightweight facial expression recognition network with label distribution training},
  author={Zhao, Zengqun and Liu, Qingshan and Zhou, Feng},
  booktitle={Proceedings of the AAAI conference on artificial intelligence},
  volume={35},
  number={4},
  pages={3510--3519},
  year={2021}
}


@article{li2021adaptively_KTN,
  title={Adaptively learning facial expression representation via cf labels and distillation},
  author={Li, Hangyu and Wang, Nannan and Ding, Xinpeng and Yang, Xi and Gao, Xinbo},
  journal={IEEE Transactions on Image Processing},
  volume={30},
  pages={2016--2028},
  year={2021},
  publisher={IEEE}
}

@article{xue2022vision_APViT,
  title={Vision transformer with attentive pooling for robust facial expression recognition},
  author={Xue, Fanglei and Wang, Qiangchang and Tan, Zichang and Ma, Zhongsong and Guo, Guodong},
  journal={IEEE Transactions on Affective Computing},
  year={2022},
  publisher={IEEE}
}


@inproceedings{farzaneh2021facial_DACL,
  title={Facial expression recognition in the wild via deep attentive center loss},
  author={Farzaneh, Amir Hossein and Qi, Xiaojun},
  booktitle={Proceedings of the IEEE/CVF winter conference on applications of computer vision},
  pages={2402--2411},
  year={2021}
}

@inproceedings{yu2019does_coteaching+,
  title={How does disagreement help generalization against label corruption?},
  author={Yu, Xingrui and Han, Bo and Yao, Jiangchao and Niu, Gang and Tsang, Ivor and Sugiyama, Masashi},
  booktitle={International conference on machine learning},
  pages={7164--7173},
  year={2019},
  organization={PMLR}
}

@article{zhang2018generalized_GCE,
  title={Generalized cross entropy loss for training deep neural networks with noisy labels},
  author={Zhang, Zhilu and Sabuncu, Mert},
  journal={Advances in neural information processing systems},
  volume={31},
  year={2018}
}

@inproceedings{wang2019symmetric_SCE,
  title={Symmetric cross entropy for robust learning with noisy labels},
  author={Wang, Yisen and Ma, Xingjun and Chen, Zaiyi and Luo, Yuan and Yi, Jinfeng and Bailey, James},
  booktitle={Proceedings of the IEEE/CVF international conference on computer vision},
  pages={322--330},
  year={2019}
}


@article{englesson2021generalized_GJS,
  title={Generalized jensen-shannon divergence loss for learning with noisy labels},
  author={Englesson, Erik and Azizpour, Hossein},
  journal={Advances in Neural Information Processing Systems},
  volume={34},
  pages={30284--30297},
  year={2021}
}


@inproceedings{zhou2016learning_CAM,
  title={Learning deep features for discriminative localization},
  author={Zhou, Bolei and Khosla, Aditya and Lapedriza, Agata and Oliva, Aude and Torralba, Antonio},
  booktitle={Proceedings of the IEEE conference on computer vision and pattern recognition},
  pages={2921--2929},
  year={2016}
}

@inproceedings{arpit2017closer_small_loss,
  title={A closer look at memorization in deep networks},
  author={Arpit, Devansh and Jastrz{\k{e}}bski, Stanis{\l}aw and Ballas, Nicolas and Krueger, David and Bengio, Emmanuel and Kanwal, Maxinder S and Maharaj, Tegan and Fischer, Asja and Courville, Aaron and Bengio, Yoshua and others},
  booktitle={International conference on machine learning},
  pages={233--242},
  year={2017},
  organization={PMLR}
}

@article{dosovitskiy2020image_vit,
  title={An image is worth 16x16 words: Transformers for image recognition at scale},
  author={Dosovitskiy, Alexey and Beyer, Lucas and Kolesnikov, Alexander and Weissenborn, Dirk and Zhai, Xiaohua and Unterthiner, Thomas and Dehghani, Mostafa and Minderer, Matthias and Heigold, Georg and Gelly, Sylvain and others},
  journal={arXiv preprint arXiv:2010.11929},
  year={2020}
}



@inproceedings{zhou2020bbn,
  title={Bbn: Bilateral-branch network with cumulative learning for long-tailed visual recognition},
  author={Zhou, Boyan and Cui, Quan and Wei, Xiu-Shen and Chen, Zhao-Min},
  booktitle={Proceedings of the IEEE/CVF conference on computer vision and pattern recognition},
  pages={9719--9728},
  year={2020}
}

@inproceedings{cui2019class_CB,
  title={Class-balanced loss based on effective number of samples},
  author={Cui, Yin and Jia, Menglin and Lin, Tsung-Yi and Song, Yang and Belongie, Serge},
  booktitle={Proceedings of the IEEE/CVF conference on computer vision and pattern recognition},
  pages={9268--9277},
  year={2019}
}

@inproceedings{goodfellow2013challenges_fer2013,
  title={Challenges in representation learning: A report on three machine learning contests},
  author={Goodfellow, Ian J and Erhan, Dumitru and Carrier, Pierre Luc and Courville, Aaron and Mirza, Mehdi and Hamner, Ben and Cukierski, Will and Tang, Yichuan and Thaler, David and Lee, Dong-Hyun and others},
  booktitle={Neural Information Processing: 20th International Conference, ICONIP 2013, Daegu, Korea, November 3-7, 2013. Proceedings, Part III 20},
  pages={117--124},
  year={2013},
  organization={Springer}
}

@inproceedings{guo2016ms_msceleb,
  title={Ms-celeb-1m: A dataset and benchmark for large-scale face recognition},
  author={Guo, Yandong and Zhang, Lei and Hu, Yuxiao and He, Xiaodong and Gao, Jianfeng},
  booktitle={Computer Vision--ECCV 2016: 14th European Conference, Amsterdam, The Netherlands, October 11-14, 2016, Proceedings, Part III 14},
  pages={87--102},
  year={2016},
  organization={Springer}
}
@inproceedings{he2016deep_resnet18,
  title={Deep residual learning for image recognition},
  author={He, Kaiming and Zhang, Xiangyu and Ren, Shaoqing and Sun, Jiazhao2021robustn},
  booktitle={Proceedings of the IEEE conference on computer vision and pattern recognition},
  pages={770--778},
  year={2016}
}

@inproceedings{li2023disc,
  title={Disc: Learning from noisy labels via dynamic instance-specific selection and correction},
  author={Li, Yifan and Han, Hu and Shan, Shiguang and Chen, Xilin},
  booktitle={Proceedings of the IEEE/CVF Conference on Computer Vision and Pattern Recognition},
  pages={24070--24079},
  year={2023}
}


@article{kini2021label_VC,
  title={Label-imbalanced and group-sensitive classification under overparameterization},
  author={Kini, Ganesh Ramachandra and Paraskevas, Orestis and Oymak, Samet and Thrampoulidis, Christos},
  journal={Advances in Neural Information Processing Systems},
  volume={34},
  pages={18970--18983},
  year={2021}
}

@inproceedings{lin2017focal,
  title={Focal loss for dense object detection},
  author={Lin, Tsung-Yi and Goyal, Priya and Girshick, Ross and He, Kaiming and Doll{\'a}r, Piotr},
  booktitle={Proceedings of the IEEE international conference on computer vision},
  pages={2980--2988},
  year={2017}
}

@article{kang2019decoupling_imbalanced,
  title={Decoupling representation and classifier for long-tailed recognition},
  author={Kang, Bingyi and Xie, Saining and Rohrbach, Marcus and Yan, Zhicheng and Gordo, Albert and Feng, Jiashi and Kalantidis, Yannis},
  journal={arXiv preprint arXiv:1910.09217},
  year={2019}
}

@inproceedings{wang2019dynamic_DCL,
  title={Dynamic curriculum learning for imbalanced data classification},
  author={Wang, Yiru and Gan, Weihao and Yang, Jie and Wu, Wei and Yan, Junjie},
  booktitle={Proceedings of the IEEE/CVF international conference on computer vision},
  pages={5017--5026},
  year={2019}
}

@inproceedings{feng2021exploring_LOCE,
  title={Exploring classification equilibrium in long-tailed object detection},
  author={Feng, Chengjian and Zhong, Yujie and Huang, Weilin},
  booktitle={Proceedings of the IEEE/CVF International conference on computer vision},
  pages={3417--3426},
  year={2021}
}

@inproceedings{han2005borderline_smote,
  title={Borderline-SMOTE: a new over-sampling method in imbalanced data sets learning},
  author={Han, Hui and Wang, Wen-Yuan and Mao, Bing-Huan},
  booktitle={International conference on intelligent computing},
  pages={878--887},
  year={2005},
  organization={Springer}
}


@inproceedings{chou2020remix,
  title={Remix: rebalanced mixup},
  author={Chou, Hsin-Ping and Chang, Shih-Chieh and Pan, Jia-Yu and Wei, Wei and Juan, Da-Cheng},
  booktitle={Computer Vision--ECCV 2020 Workshops: Glasgow, UK, August 23--28, 2020, Proceedings, Part VI 16},
  pages={95--110},
  year={2020},
  organization={Springer}
}

@inproceedings{zang2021fasa,
  title={Fasa: Feature augmentation and sampling adaptation for long-tailed instance segmentation},
  author={Zang, Yuhang and Huang, Chen and Loy, Chen Change},
  booktitle={Proceedings of the IEEE/CVF international conference on computer vision},
  pages={3457--3466},
  year={2021}
}

@inproceedings{khan2019striking_UML,
  title={Striking the right balance with uncertainty},
  author={Khan, Salman and Hayat, Munawar and Zamir, Syed Waqas and Shen, Jianbing and Shao, Ling},
  booktitle={Proceedings of the IEEE/CVF Conference on Computer Vision and Pattern Recognition},
  pages={103--112},
  year={2019}
}

@inproceedings{feng2021exploring_LOCE,
  title={Exploring classification equilibrium in long-tailed object detection},
  author={Feng, Chengjian and Zhong, Yujie and Huang, Weilin},
  booktitle={Proceedings of the IEEE/CVF International conference on computer vision},
  pages={3417--3426},
  year={2021}
}

@inproceedings{wu2021adversarial_RoBal,
  title={Adversarial robustness under long-tailed distribution},
  author={Wu, Tong and Liu, Ziwei and Huang, Qingqiu and Wang, Yu and Lin, Dahua},
  booktitle={Proceedings of the IEEE/CVF conference on computer vision and pattern recognition},
  pages={8659--8668},
  year={2021}
}

@article{cao2019learning_LDAM,
  title={Learning imbalanced datasets with label-distribution-aware margin loss},
  author={Cao, Kaidi and Wei, Colin and Gaidon, Adrien and Arechiga, Nikos and Ma, Tengyu},
  journal={Advances in neural information processing systems},
  volume={32},
  year={2019}
}

@article{cao2019learning_im1,
  title={Learning imbalanced datasets with label-distribution-aware margin loss},
  author={Cao, Kaidi and Wei, Colin and Gaidon, Adrien and Arechiga, Nikos and Ma, Tengyu},
  journal={Advances in neural information processing systems},
  volume={32},
  year={2019}
}

@inproceedings{cui2019class_im2,
  title={Class-balanced loss based on effective number of samples},
  author={Cui, Yin and Jia, Menglin and Lin, Tsung-Yi and Song, Yang and Belongie, Serge},
  booktitle={Proceedings of the IEEE/CVF conference on computer vision and pattern recognition},
  pages={9268--9277},
  year={2019}
}

@inproceedings{schroff2015facenet_tri,
  title={Facenet: A unified embedding for face recognition and clustering},
  author={Schroff, Florian and Kalenichenko, Dmitry and Philbin, James},
  booktitle={Proceedings of the IEEE conference on computer vision and pattern recognition},
  pages={815--823},
  year={2015}
}

@inproceedings{liu2017adaptive_tri2,
  title={Adaptive deep metric learning for identity-aware facial expression recognition},
  author={Liu, Xiaofeng and Vijaya Kumar, BVK and You, Jane and Jia, Ping},
  booktitle={Proceedings of the IEEE conference on computer vision and pattern recognition workshops},
  pages={20--29},
  year={2017}
}

@article{kingma2014adam,
  title={Adam: A method for stochastic optimization},
  author={Kingma, Diederik P and Ba, Jimmy},
  journal={arXiv preprint arXiv:1412.6980},
  year={2014}
}

@article{li2019exponential,
  title={An exponential learning rate schedule for deep learning},
  author={Li, Zhiyuan and Arora, Sanjeev},
  journal={arXiv preprint arXiv:1910.07454},
  year={2019}
}

@article{zhang2022man,
  title={MAN: Mining ambiguity and noise for facial expression recognition in the wild},
  author={Zhang, Ziyang and Sun, Xiao and Li, Jia and Wang, Meng},
  journal={Pattern Recognition Letters},
  volume={164},
  pages={23--29},
  year={2022},
  publisher={Elsevier}
}

@article{northcutt2021confident,
  title={Confident learning: Estimating uncertainty in dataset labels},
  author={Northcutt, Curtis and Jiang, Lu and Chuang, Isaac},
  journal={Journal of Artificial Intelligence Research},
  volume={70},
  pages={1373--1411},
  year={2021}
}

@inproceedings{chen2020label_ldl,
  title={Label distribution learning on auxiliary label space graphs for facial expression recognition},
  author={Chen, Shikai and Wang, Jianfeng and Chen, Yuedong and Shi, Zhongchao and Geng, Xin and Rui, Yong},
  booktitle={Proceedings of the IEEE/CVF conference on computer vision and pattern recognition},
  pages={13984--13993},
  year={2020}
}

@article{shu2019meta,
  title={Meta-weight-net: Learning an explicit mapping for sample weighting},
  author={Shu, Jun and Xie, Qi and Yi, Lixuan and Zhao, Qian and Zhou, Sanping and Xu, Zongben and Meng, Deyu},
  journal={Advances in neural information processing systems},
  volume={32},
  year={2019}
}

@inproceedings{han2019deep_noisy,
  title={Deep self-learning from noisy labels},
  author={Han, Jiangfan and Luo, Ping and Wang, Xiaogang},
  booktitle={Proceedings of the IEEE/CVF international conference on computer vision},
  pages={5138--5147},
  year={2019}
}

@article{li2020dividemix,
  title={Dividemix: Learning with noisy labels as semi-supervised learning},
  author={Li, Junnan and Socher, Richard and Hoi, Steven CH},
  journal={arXiv preprint arXiv:2002.07394},
  year={2020}
}

@inproceedings{chen2020label_ambi,
  title={Label distribution learning on auxiliary label space graphs for facial expression recognition},
  author={Chen, Shikai and Wang, Jianfeng and Chen, Yuedong and Shi, Zhongchao and Geng, Xin and Rui, Yong},
  booktitle={Proceedings of the IEEE/CVF conference on computer vision and pattern recognition},
  pages={13984--13993},
  year={2020}
}

@inproceedings{shrivastava2016training_disagree,
  title={Training region-based object detectors with online hard example mining},
  author={Shrivastava, Abhinav and Gupta, Abhinav and Girshick, Ross},
  booktitle={Proceedings of the IEEE conference on computer vision and pattern recognition},
  pages={761--769},
  year={2016}
}

@inproceedings{wang2019adaptive_crop,
  title={Adaptive wing loss for robust face alignment via heatmap regression},
  author={Wang, Xinyao and Bo, Liefeng and Fuxin, Li},
  booktitle={Proceedings of the IEEE/CVF international conference on computer vision},
  pages={6971--6981},
  year={2019}
}

@inproceedings{wang2019adaptive_class_im,
  title={Adaptive wing loss for robust face alignment via heatmap regression},
  author={Wang, Xinyao and Bo, Liefeng and Fuxin, Li},
  booktitle={Proceedings of the IEEE/CVF international conference on computer vision},
  pages={6971--6981},
  year={2019}
}

@inproceedings{zhang2024open,
  title={Open-set facial expression recognition},
  author={Zhang, Yuhang and Yao, Yue and Liu, Xuannan and Qin, Lixiong and Wang, Wenjing and Deng, Weihong},
  booktitle={Proceedings of the AAAI Conference on Artificial Intelligence},
  volume={38},
  number={1},
  pages={646--654},
  year={2024}
}


@article{ren2020balanced,
  title={Balanced meta-softmax for long-tailed visual recognition},
  author={Ren, Jiawei and Yu, Cunjun and Ma, Xiao and Zhao, Haiyu and Yi, Shuai and others},
  journal={Advances in neural information processing systems},
  volume={33},
  pages={4175--4186},
  year={2020}
}

@inproceedings{ghosh2017robust,
  title={Robust loss functions under label noise for deep neural networks},
  author={Ghosh, Aritra and Kumar, Himanshu and Sastry, P Shanti},
  booktitle={Proceedings of the AAAI conference on artificial intelligence},
  volume={31},
  number={1},
  year={2017}
}