@inproceedings{arpit2017closer_small_loss,
  title={A closer look at memorization in deep networks},
  author={Arpit, Devansh and Jastrz{\k{e}}bski, Stanis{\l}aw and Ballas, Nicolas and Krueger, David and Bengio, Emmanuel and Kanwal, Maxinder S and Maharaj, Tegan and Fischer, Asja and Courville, Aaron and Bengio, Yoshua and others},
  booktitle={International conference on machine learning},
  pages={233--242},
  year={2017},
  organization={PMLR}
}

@inproceedings{cui2019class_CB,
  title={Class-balanced loss based on effective number of samples},
  author={Cui, Yin and Jia, Menglin and Lin, Tsung-Yi and Song, Yang and Belongie, Serge},
  booktitle={Proceedings of the IEEE/CVF conference on computer vision and pattern recognition},
  pages={9268--9277},
  year={2019}
}

@article{han2018co_Co-teaching,
  title={Co-teaching: Robust training of deep neural networks with extremely noisy labels},
  author={Han, Bo and Yao, Quanming and Yu, Xingrui and Niu, Gang and Xu, Miao and Hu, Weihua and Tsang, Ivor and Sugiyama, Masashi},
  journal={Advances in neural information processing systems},
  volume={31},
  year={2018}
}

@inproceedings{jiang2018mentornet,
  title={Mentornet: Learning data-driven curriculum for very deep neural networks on corrupted labels},
  author={Jiang, Lu and Zhou, Zhengyuan and Leung, Thomas and Li, Li-Jia and Fei-Fei, Li},
  booktitle={International conference on machine learning},
  pages={2304--2313},
  year={2018},
  organization={PMLR}
}

@article{kang2019decoupling_imbalanced,
  title={Decoupling representation and classifier for long-tailed recognition},
  author={Kang, Bingyi and Xie, Saining and Rohrbach, Marcus and Yan, Zhicheng and Gordo, Albert and Feng, Jiashi and Kalantidis, Yannis},
  journal={arXiv preprint arXiv:1910.09217},
  year={2019}
}

@article{malach2017decoupling,
  title={Decoupling" when to update" from" how to update"},
  author={Malach, Eran and Shalev-Shwartz, Shai},
  journal={Advances in neural information processing systems},
  volume={30},
  year={2017}
}

@article{ren2020balanced,
  title={Balanced meta-softmax for long-tailed visual recognition},
  author={Ren, Jiawei and Yu, Cunjun and Ma, Xiao and Zhao, Haiyu and Yi, Shuai and others},
  journal={Advances in neural information processing systems},
  volume={33},
  pages={4175--4186},
  year={2020}
}

@inproceedings{she2021dive_DMUE,
  title={Dive into ambiguity: Latent distribution mining and pairwise uncertainty estimation for facial expression recognition},
  author={She, Jiahui and Hu, Yibo and Shi, Hailin and Wang, Jun and Shen, Qiu and Mei, Tao},
  booktitle={Proceedings of the IEEE/CVF conference on computer vision and pattern recognition},
  pages={6248--6257},
  year={2021}
}

@inproceedings{wang2019dynamic_DCL,
  title={Dynamic curriculum learning for imbalanced data classification},
  author={Wang, Yiru and Gan, Weihao and Yang, Jie and Wu, Wei and Yan, Junjie},
  booktitle={Proceedings of the IEEE/CVF international conference on computer vision},
  pages={5017--5026},
  year={2019}
}

@inproceedings{wang2020suppressing_SCN,
  title={Suppressing uncertainties for large-scale facial expression recognition},
  author={Wang, Kai and Peng, Xiaojiang and Yang, Jianfei and Lu, Shijian and Qiao, Yu},
  booktitle={Proceedings of the IEEE/CVF conference on computer vision and pattern recognition},
  pages={6897--6906},
  year={2020}
}

@inproceedings{wei2020combating_JoCoR,
  title={Combating noisy labels by agreement: A joint training method with co-regularization},
  author={Wei, Hongxin and Feng, Lei and Chen, Xiangyu and An, Bo},
  booktitle={Proceedings of the IEEE/CVF conference on computer vision and pattern recognition},
  pages={13726--13735},
  year={2020}
}

@inproceedings{wu2023net_LA-Net,
  title={LA-Net: Landmark-Aware Learning for Reliable Facial Expression Recognition under Label Noise},
  author={Wu, Zhiyu and Cui, Jinshi},
  booktitle={Proceedings of the IEEE/CVF International Conference on Computer Vision},
  pages={20698--20707},
  year={2023}
}

@inproceedings{yu2019does_coteaching+,
  title={How does disagreement help generalization against label corruption?},
  author={Yu, Xingrui and Han, Bo and Yao, Jiangchao and Niu, Gang and Tsang, Ivor and Sugiyama, Masashi},
  booktitle={International conference on machine learning},
  pages={7164--7173},
  year={2019},
  organization={PMLR}
}

@inproceedings{zeng2022face2exp,
  title={Face2exp: Combating data biases for facial expression recognition},
  author={Zeng, Dan and Lin, Zhiyuan and Yan, Xiao and Liu, Yuting and Wang, Fei and Tang, Bo},
  booktitle={Proceedings of the IEEE/CVF Conference on Computer Vision and Pattern Recognition},
  pages={20291--20300},
  year={2022}
}

@article{zhang2021relative_RUL,
  title={Relative uncertainty learning for facial expression recognition},
  author={Zhang, Yuhang and Wang, Chengrui and Deng, Weihong},
  journal={Advances in Neural Information Processing Systems},
  volume={34},
  pages={17616--17627},
  year={2021}
}

@inproceedings{zhang2022learn_EAC,
  title={Learn from all: Erasing attention consistency for noisy label facial expression recognition},
  author={Zhang, Yuhang and Wang, Chengrui and Ling, Xu and Deng, Weihong},
  booktitle={European Conference on Computer Vision},
  pages={418--434},
  year={2022},
  organization={Springer}
}

@article{zhang2022man,
  title={MAN: Mining ambiguity and noise for facial expression recognition in the wild},
  author={Zhang, Ziyang and Sun, Xiao and Li, Jia and Wang, Meng},
  journal={Pattern Recognition Letters},
  volume={164},
  pages={23--29},
  year={2022},
  publisher={Elsevier}
}

@article{zhang2024leave_MEK,
  title={Leave No Stone Unturned: Mine Extra Knowledge for Imbalanced Facial Expression Recognition},
  author={Zhang, Yuhang and Li, Yaqi and Liu, Xuannan and Deng, Weihong and others},
  journal={Advances in Neural Information Processing Systems},
  volume={36},
  year={2024}
}

@inproceedings{zhou2016learning_CAM,
  title={Learning deep features for discriminative localization},
  author={Zhou, Bolei and Khosla, Aditya and Lapedriza, Agata and Oliva, Aude and Torralba, Antonio},
  booktitle={Proceedings of the IEEE conference on computer vision and pattern recognition},
  pages={2921--2929},
  year={2016}
}

