@article{ahn2022can,
  title={Do as i can, not as i say: Grounding language in robotic affordances},
  author={Ahn, Michael and Brohan, Anthony and Brown, Noah and Chebotar, Yevgen and Cortes, Omar and David, Byron and Finn, Chelsea and Fu, Chuyuan and Gopalakrishnan, Keerthana and Hausman, Karol and others},
  journal={arXiv preprint arXiv:2204.01691},
  year={2022}
}

@incollection{baptiste2006constraint,
  title={Constraint-based scheduling and planning},
  author={Baptiste, Philippe and Laborie, Philippe and Le Pape, Claude and Nuijten, Wim},
  booktitle={Foundations of artificial intelligence},
  volume={2},
  pages={761--799},
  year={2006},
  publisher={Elsevier}
}

@article{beck2023survey,
  title={A survey of meta-reinforcement learning},
  author={Beck, Jacob and Vuorio, Risto and Liu, Evan Zheran and Xiong, Zheng and Zintgraf, Luisa and Finn, Chelsea and Whiteson, Shimon},
  journal={arXiv preprint arXiv:2301.08028},
  year={2023}
}

@inproceedings{blake2001rule,
  title={Rule-driven coordination agents: A self-configurable agent architecture for distributed control},
  author={Blake, M Brian},
  booktitle={Proceedings 5th International Symposium on Autonomous Decentralized Systems},
  pages={271--277},
  year={2001},
  organization={IEEE}
}

@article{burgess2002human,
  title={The human hippocampus and spatial and episodic memory},
  author={Burgess, Neil and Maguire, Eleanor A and O'Keefe, John},
  journal={Neuron},
  volume={35},
  number={4},
  pages={625--641},
  year={2002},
  publisher={Elsevier}
}

@article{chan2023chateval,
  title={Chateval: Towards better llm-based evaluators through multi-agent debate},
  author={Chan, Chi-Min and Chen, Weize and Su, Yusheng and Yu, Jianxuan and Xue, Wei and Zhang, Shanghang and Fu, Jie and Liu, Zhiyuan},
  journal={arXiv preprint arXiv:2308.07201},
  year={2023}
}

@article{chen2020review,
  title={A review: Knowledge reasoning over knowledge graph},
  author={Chen, Xiaojun and Jia, Shengbin and Xiang, Yang},
  journal={Expert systems with applications},
  volume={141},
  pages={112948},
  year={2020},
  publisher={Elsevier}
}

@inproceedings{finn2017model,
  title={Model-agnostic meta-learning for fast adaptation of deep networks},
  author={Finn, Chelsea and Abbeel, Pieter and Levine, Sergey},
  booktitle={International conference on machine learning},
  pages={1126--1135},
  year={2017},
  organization={PMLR}
}

@article{frankish2010dual,
  title={Dual-process and dual-system theories of reasoning},
  author={Frankish, Keith},
  journal={Philosophy Compass},
  volume={5},
  number={10},
  pages={914--926},
  year={2010},
  publisher={Wiley Online Library}
}

@book{ghallab2004automated,
  title={Automated Planning: theory and practice},
  author={Ghallab, Malik and Nau, Dana and Traverso, Paolo},
  year={2004},
  publisher={Elsevier}
}

@article{gutierrez2024hipporag,
  title={HippoRAG: Neurobiologically Inspired Long-Term Memory for Large Language Models},
  author={Guti{\'e}rrez, Bernal Jim{\'e}nez and Shu, Yiheng and Gu, Yu and Yasunaga, Michihiro and Su, Yu},
  journal={arXiv preprint arXiv:2405.14831},
  year={2024}
}

@article{horgan2018distributed,
  title={Distributed prioritized experience replay},
  author={Horgan, Dan and Quan, John and Budden, David and Barth-Maron, Gabriel and Hessel, Matteo and Van Hasselt, Hado and Silver, David},
  journal={arXiv preprint arXiv:1803.00933},
  year={2018}
}

@article{hurst2024gpt,
  title={Gpt-4o system card},
  author={Hurst, Aaron and Lerer, Adam and Goucher, Adam P and Perelman, Adam and Ramesh, Aditya and Clark, Aidan and Ostrow, AJ and Welihinda, Akila and Hayes, Alan and Radford, Alec and others},
  journal={arXiv preprint arXiv:2410.21276},
  year={2024}
}

@article{kahneman2011thinking,
  title={Thinking, Fast and Slow/Farrar},
  author={Kahneman, Daniel},
  journal={Straus and Giroux},
  year={2011}
}

@article{kaiser2019model,
  title={Model-based reinforcement learning for atari},
  author={Kaiser, Lukasz and Babaeizadeh, Mohammad and Milos, Piotr and Osinski, Blazej and Campbell, Roy H and Czechowski, Konrad and Erhan, Dumitru and Finn, Chelsea and Kozakowski, Piotr and Levine, Sergey and others},
  journal={arXiv preprint arXiv:1903.00374},
  year={2019}
}

@inproceedings{kannan2024smart,
  title={Smart-llm: Smart multi-agent robot task planning using large language models},
  author={Kannan, Shyam Sundar and Venkatesh, Vishnunandan LN and Min, Byung-Cheol},
  booktitle={2024 IEEE/RSJ International Conference on Intelligent Robots and Systems (IROS)},
  pages={12140--12147},
  year={2024},
  organization={IEEE}
}

@article{li2019deep,
  title={Deep reinforcement learning (DRL): Another perspective for unsupervised wireless localization},
  author={Li, You and Hu, Xin and Zhuang, Yuan and Gao, Zhouzheng and Zhang, Peng and El-Sheimy, Naser},
  journal={ieee internet of things journal},
  volume={7},
  number={7},
  pages={6279--6287},
  year={2019},
  publisher={IEEE}
}

@article{lin2024swiftsage,
  title={Swiftsage: A generative agent with fast and slow thinking for complex interactive tasks},
  author={Lin, Bill Yuchen and Fu, Yicheng and Yang, Karina and Brahman, Faeze and Huang, Shiyu and Bhagavatula, Chandra and Ammanabrolu, Prithviraj and Choi, Yejin and Ren, Xiang},
  journal={Advances in Neural Information Processing Systems},
  volume={36},
  year={2024}
}

@inproceedings{liu2011comparative,
  title={A comparative study of A-star algorithms for search and rescue in perfect maze},
  author={Liu, Xiang and Gong, Daoxiong},
  booktitle={2011 international conference on electric information and control engineering},
  pages={24--27},
  year={2011},
  organization={IEEE}
}

@article{mnih2015human,
  title={Human-level control through deep reinforcement learning},
  author={Mnih, Volodymyr and Kavukcuoglu, Koray and Silver, David and Rusu, Andrei A and Veness, Joel and Bellemare, Marc G and Graves, Alex and Riedmiller, Martin and Fidjeland, Andreas K and Ostrovski, Georg and others},
  journal={nature},
  volume={518},
  number={7540},
  pages={529--533},
  year={2015},
  publisher={Nature Publishing Group UK London}
}

@article{moerland2023model,
  title={Model-based reinforcement learning: A survey},
  author={Moerland, Thomas M and Broekens, Joost and Plaat, Aske and Jonker, Catholijn M and others},
  journal={Foundations and Trends{\textregistered} in Machine Learning},
  volume={16},
  number={1},
  pages={1--118},
  year={2023},
  publisher={Now Publishers, Inc.}
}

@article{mohanan2018survey,
  title={A survey of robotic motion planning in dynamic environments},
  author={Mohanan, MG and Salgoankar, Ambuja},
  journal={Robotics and Autonomous Systems},
  volume={100},
  pages={171--185},
  year={2018},
  publisher={Elsevier}
}

@article{nguyen2020deep,
  title={Deep reinforcement learning for multiagent systems: A review of challenges, solutions, and applications},
  author={Nguyen, Thanh Thi and Nguyen, Ngoc Duy and Nahavandi, Saeid},
  journal={IEEE transactions on cybernetics},
  volume={50},
  number={9},
  pages={3826--3839},
  year={2020},
  publisher={IEEE}
}

@article{pateria2021hierarchical,
  title={Hierarchical reinforcement learning: A comprehensive survey},
  author={Pateria, Shubham and Subagdja, Budhitama and Tan, Ah-hwee and Quek, Chai},
  journal={ACM Computing Surveys (CSUR)},
  volume={54},
  number={5},
  pages={1--35},
  year={2021},
  publisher={ACM New York, NY, USA}
}

@article{raffel2020exploring,
  title={Exploring the limits of transfer learning with a unified text-to-text transformer},
  author={Raffel, Colin and Shazeer, Noam and Roberts, Adam and Lee, Katherine and Narang, Sharan and Matena, Michael and Zhou, Yanqi and Li, Wei and Liu, Peter J},
  journal={Journal of machine learning research},
  volume={21},
  number={140},
  pages={1--67},
  year={2020}
}

@article{reed2022generalist,
  title={A generalist agent},
  author={Reed, Scott and Zolna, Konrad and Parisotto, Emilio and Colmenarejo, Sergio Gomez and Novikov, Alexander and Barth-Maron, Gabriel and Gimenez, Mai and Sulsky, Yury and Kay, Jackie and Springenberg, Jost Tobias and others},
  journal={arXiv preprint arXiv:2205.06175},
  year={2022}
}

@inproceedings{russell2003q,
  title={Q-decomposition for reinforcement learning agents},
  author={Russell, Stuart J and Zimdars, Andrew},
  booktitle={Proceedings of the 20th international conference on machine learning (ICML-03)},
  pages={656--663},
  year={2003}
}

@article{rusu2016progressive,
  title={Progressive neural networks},
  author={Rusu, Andrei A and Rabinowitz, Neil C and Desjardins, Guillaume and Soyer, Hubert and Kirkpatrick, James and Kavukcuoglu, Koray and Pascanu, Razvan and Hadsell, Raia},
  journal={arXiv preprint arXiv:1606.04671},
  year={2016}
}

@article{shinn2024reflexion,
  title={Reflexion: Language agents with verbal reinforcement learning},
  author={Shinn, Noah and Cassano, Federico and Gopinath, Ashwin and Narasimhan, Karthik and Yao, Shunyu},
  journal={Advances in Neural Information Processing Systems},
  volume={36},
  year={2024}
}

@article{silver2018general,
  title={A general reinforcement learning algorithm that masters chess, shogi, and Go through self-play},
  author={Silver, David and Hubert, Thomas and Schrittwieser, Julian and Antonoglou, Ioannis and Lai, Matthew and Guez, Arthur and Lanctot, Marc and Sifre, Laurent and Kumaran, Dharshan and Graepel, Thore and others},
  journal={Science},
  volume={362},
  number={6419},
  pages={1140--1144},
  year={2018},
  publisher={American Association for the Advancement of Science}
}

@article{sun2024adaplanner,
  title={Adaplanner: Adaptive planning from feedback with language models},
  author={Sun, Haotian and Zhuang, Yuchen and Kong, Lingkai and Dai, Bo and Zhang, Chao},
  journal={Advances in Neural Information Processing Systems},
  volume={36},
  year={2024}
}

@article{sun2024llm,
  title={LLM-based Multi-Agent Reinforcement Learning: Current and Future Directions},
  author={Sun, Chuanneng and Huang, Songjun and Pompili, Dario},
  journal={arXiv preprint arXiv:2405.11106},
  year={2024}
}

@article{vecerik2017leveraging,
  title={Leveraging demonstrations for deep reinforcement learning on robotics problems with sparse rewards},
  author={Vecerik, Mel and Hester, Todd and Scholz, Jonathan and Wang, Fumin and Pietquin, Olivier and Piot, Bilal and Heess, Nicolas and Roth{\"o}rl, Thomas and Lampe, Thomas and Riedmiller, Martin},
  journal={arXiv preprint arXiv:1707.08817},
  year={2017}
}

@article{yao2022react,
  title={React: Synergizing reasoning and acting in language models},
  author={Yao, Shunyu and Zhao, Jeffrey and Yu, Dian and Du, Nan and Shafran, Izhak and Narasimhan, Karthik and Cao, Yuan},
  journal={arXiv preprint arXiv:2210.03629},
  year={2022}
}

@inproceedings{zhao2024expel,
  title={Expel: Llm agents are experiential learners},
  author={Zhao, Andrew and Huang, Daniel and Xu, Quentin and Lin, Matthieu and Liu, Yong-Jin and Huang, Gao},
  booktitle={Proceedings of the AAAI Conference on Artificial Intelligence},
  volume={38},
  number={17},
  pages={19632--19642},
  year={2024}
}

@inproceedings{zhu2021overview,
  title={An overview of the action space for deep reinforcement learning},
  author={Zhu, Jie and Wu, Fengge and Zhao, Junsuo},
  booktitle={Proceedings of the 2021 4th International Conference on Algorithms, Computing and Artificial Intelligence},
  pages={1--10},
  year={2021}
}

