@article{sun2024adaplanner,
  title={Adaplanner: Adaptive planning from feedback with language models},
  author={Sun, Haotian and Zhuang, Yuchen and Kong, Lingkai and Dai, Bo and Zhang, Chao},
  journal={Advances in Neural Information Processing Systems},
  volume={36},
  year={2024}
}

@inproceedings{cote2019textworld,
  title={Textworld: A learning environment for text-based games},
  author={C{\^o}t{\'e}, Marc-Alexandre and K{\'a}d{\'a}r, Akos and Yuan, Xingdi and Kybartas, Ben and Barnes, Tavian and Fine, Emery and Moore, James and Hausknecht, Matthew and El Asri, Layla and Adada, Mahmoud and others},
  booktitle={Computer Games: 7th Workshop, CGW 2018, Held in Conjunction with the 27th International Conference on Artificial Intelligence, IJCAI 2018, Stockholm, Sweden, July 13, 2018, Revised Selected Papers 7},
  pages={41--75},
  year={2019},
  organization={Springer}
}

@misc{qwen2.5,
    title = {Qwen2.5: A Party of Foundation Models},
    url = {https://qwenlm.github.io/blog/qwen2.5/},
    author = {Qwen Team},
    month = {September},
    year = {2024}
}

@article{shinn2024reflexion,
  title={Reflexion: Language agents with verbal reinforcement learning},
  author={Shinn, Noah and Cassano, Federico and Gopinath, Ashwin and Narasimhan, Karthik and Yao, Shunyu},
  journal={Advances in Neural Information Processing Systems},
  volume={36},
  year={2024}
}

@misc{nussbaum2024nomic,
      title={Nomic Embed: Training a Reproducible Long Context Text Embedder}, 
      author={Zach Nussbaum and John X. Morris and Brandon Duderstadt and Andriy Mulyar},
      year={2024},
      eprint={2402.01613},
      archivePrefix={arXiv},
      primaryClass={cs.CL}
}

@article{hurst2024gpt,
  title={Gpt-4o system card},
  author={Hurst, Aaron and Lerer, Adam and Goucher, Adam P and Perelman, Adam and Ramesh, Aditya and Clark, Aidan and Ostrow, AJ and Welihinda, Akila and Hayes, Alan and Radford, Alec and others},
  journal={arXiv preprint arXiv:2410.21276},
  year={2024}
}

@article{yao2022react,
  title={React: Synergizing reasoning and acting in language models},
  author={Yao, Shunyu and Zhao, Jeffrey and Yu, Dian and Du, Nan and Shafran, Izhak and Narasimhan, Karthik and Cao, Yuan},
  journal={arXiv preprint arXiv:2210.03629},
  year={2022}
}

@article{yao2024survey,
  title={A survey on large language model (llm) security and privacy: The good, the bad, and the ugly},
  author={Yao, Yifan and Duan, Jinhao and Xu, Kaidi and Cai, Yuanfang and Sun, Zhibo and Zhang, Yue},
  journal={High-Confidence Computing},
  pages={100211},
  year={2024},
  publisher={Elsevier}
}

@article{castelfranchi1998modelling,
  title={Modelling social action for AI agents},
  author={Castelfranchi, Cristiano},
  journal={Artificial intelligence},
  volume={103},
  number={1-2},
  pages={157--182},
  year={1998},
  publisher={Elsevier}
}

@article{yan2023larp,
  title={Larp: Language-agent role play for open-world games},
  author={Yan, Ming and Li, Ruihao and Zhang, Hao and Wang, Hao and Yang, Zhilan and Yan, Ji},
  journal={arXiv preprint arXiv:2312.17653},
  year={2023}
}

@article{yi2024survey,
  title={A Survey on Recent Advances in LLM-Based Multi-turn Dialogue Systems},
  author={Yi, Zihao and Ouyang, Jiarui and Liu, Yuwen and Liao, Tianhao and Xu, Zhe and Shen, Ying},
  journal={arXiv preprint arXiv:2402.18013},
  year={2024}
}

@article{lyu2023llm,
  title={Llm-rec: Personalized recommendation via prompting large language models},
  author={Lyu, Hanjia and Jiang, Song and Zeng, Hanqing and Xia, Yinglong and Wang, Qifan and Zhang, Si and Chen, Ren and Leung, Christopher and Tang, Jiajie and Luo, Jiebo},
  journal={arXiv preprint arXiv:2307.15780},
  year={2023}
}

@article{duan2022survey,
  title={A survey of embodied ai: From simulators to research tasks},
  author={Duan, Jiafei and Yu, Samson and Tan, Hui Li and Zhu, Hongyuan and Tan, Cheston},
  journal={IEEE Transactions on Emerging Topics in Computational Intelligence},
  volume={6},
  number={2},
  pages={230--244},
  year={2022},
  publisher={IEEE}
}

@article{pfeifer2004embodied,
  title={Embodied artificial intelligence: Trends and challenges},
  author={Pfeifer, Rolf and Iida, Fumiya},
  journal={Lecture notes in computer science},
  pages={1--26},
  year={2004},
  publisher={Springer}
}

@inproceedings{hatalis2023memory,
  title={Memory Matters: The Need to Improve Long-Term Memory in LLM-Agents},
  author={Hatalis, Kostas and Christou, Despina and Myers, Joshua and Jones, Steven and Lambert, Keith and Amos-Binks, Adam and Dannenhauer, Zohreh and Dannenhauer, Dustin},
  booktitle={Proceedings of the AAAI Symposium Series},
  volume={2},
  number={1},
  pages={277--280},
  year={2023}
}

@inproceedings{fang2019scene,
  title={Scene memory transformer for embodied agents in long-horizon tasks},
  author={Fang, Kuan and Toshev, Alexander and Fei-Fei, Li and Savarese, Silvio},
  booktitle={Proceedings of the IEEE/CVF conference on computer vision and pattern recognition},
  pages={538--547},
  year={2019}
}

@inproceedings{Nilsson1984ShakeyTR,
  title={Shakey the Robot},
  author={Nils J. Nilsson},
  year={1984},
  url={https://api.semanticscholar.org/CorpusID:106973706}
}

@article{mnih2015human,
  title={Human-level control through deep reinforcement learning},
  author={Mnih, Volodymyr and Kavukcuoglu, Koray and Silver, David and Rusu, Andrei A and Veness, Joel and Bellemare, Marc G and Graves, Alex and Riedmiller, Martin and Fidjeland, Andreas K and Ostrovski, Georg and others},
  journal={nature},
  volume={518},
  number={7540},
  pages={529--533},
  year={2015},
  publisher={Nature Publishing Group UK London}
}

@article{levine2016end,
  title={End-to-end training of deep visuomotor policies},
  author={Levine, Sergey and Finn, Chelsea and Darrell, Trevor and Abbeel, Pieter},
  journal={Journal of Machine Learning Research},
  volume={17},
  number={39},
  pages={1--40},
  year={2016}
}

@inproceedings{parisotto2020stabilizing,
  title={Stabilizing transformers for reinforcement learning},
  author={Parisotto, Emilio and Song, Francis and Rae, Jack and Pascanu, Razvan and Gulcehre, Caglar and Jayakumar, Siddhant and Jaderberg, Max and Kaufman, Raphael Lopez and Clark, Aidan and Noury, Seb and others},
  booktitle={International conference on machine learning},
  pages={7487--7498},
  year={2020},
  organization={PMLR}
}

@article{hafner2019dream,
  title={Dream to control: Learning behaviors by latent imagination},
  author={Hafner, Danijar and Lillicrap, Timothy and Ba, Jimmy and Norouzi, Mohammad},
  journal={arXiv preprint arXiv:1912.01603},
  year={2019}
}

@article{ha2018world,
  title={World models},
  author={Ha, David and Schmidhuber, J{\"u}rgen},
  journal={arXiv preprint arXiv:1803.10122},
  year={2018}
}

@article{kandel2014molecular,
  title={The molecular and systems biology of memory},
  author={Kandel, Eric R and Dudai, Yadin and Mayford, Mark R},
  journal={Cell},
  volume={157},
  number={1},
  pages={163--186},
  year={2014},
  publisher={Elsevier}
}

@book{ashcraft1989human,
  title={Human memory and cognition.},
  author={Ashcraft, Mark H},
  year={1989},
  publisher={Scott, Foresman \& Co}
}

@article{koechlin2007anterior,
  title={Anterior prefrontal function and the limits of human decision-making},
  author={Koechlin, Etienne and Hyafil, Alexandre},
  journal={Science},
  volume={318},
  number={5850},
  pages={594--598},
  year={2007},
  publisher={American Association for the Advancement of Science}
}

@book{padgham2005developing,
  title={Developing intelligent agent systems: A practical guide},
  author={Padgham, Lin and Winikoff, Michael},
  year={2005},
  publisher={John Wiley \& Sons}
}

@inproceedings{blake2001rule,
  title={Rule-driven coordination agents: A self-configurable agent architecture for distributed control},
  author={Blake, M Brian},
  booktitle={Proceedings 5th International Symposium on Autonomous Decentralized Systems},
  pages={271--277},
  year={2001},
  organization={IEEE}
}

@inproceedings{russell2003q,
  title={Q-decomposition for reinforcement learning agents},
  author={Russell, Stuart J and Zimdars, Andrew},
  booktitle={Proceedings of the 20th international conference on machine learning (ICML-03)},
  pages={656--663},
  year={2003}
}

@inproceedings{zhao2024expel,
  title={Expel: Llm agents are experiential learners},
  author={Zhao, Andrew and Huang, Daniel and Xu, Quentin and Lin, Matthieu and Liu, Yong-Jin and Huang, Gao},
  booktitle={Proceedings of the AAAI Conference on Artificial Intelligence},
  volume={38},
  number={17},
  pages={19632--19642},
  year={2024}
}

@article{zikky2016review,
  title={Review of A*(A star) navigation mesh pathfinding as the alternative of artificial intelligent for ghosts agent on the Pacman game},
  author={Zikky, Moh},
  journal={EMITTER International journal of engineering technology},
  volume={4},
  number={1},
  pages={141--149},
  year={2016}
}

@article{chowdhury2017fast,
  title={Fast consensus in multi-agent systems with star topology using high gain observers},
  author={Chowdhury, Dhrubajit and Khalil, Hassan K},
  journal={IEEE Control Systems Letters},
  volume={1},
  number={1},
  pages={188--193},
  year={2017},
  publisher={IEEE}
}

@article{silver2018general,
  title={A general reinforcement learning algorithm that masters chess, shogi, and Go through self-play},
  author={Silver, David and Hubert, Thomas and Schrittwieser, Julian and Antonoglou, Ioannis and Lai, Matthew and Guez, Arthur and Lanctot, Marc and Sifre, Laurent and Kumaran, Dharshan and Graepel, Thore and others},
  journal={Science},
  volume={362},
  number={6419},
  pages={1140--1144},
  year={2018},
  publisher={American Association for the Advancement of Science}
}

@article{goecks2019integrating,
  title={Integrating behavior cloning and reinforcement learning for improved performance in dense and sparse reward environments},
  author={Goecks, Vinicius G and Gremillion, Gregory M and Lawhern, Vernon J and Valasek, John and Waytowich, Nicholas R},
  journal={arXiv preprint arXiv:1910.04281},
  year={2019}
}

@article{kim2020automatic,
  title={Automatic P2P energy trading model based on reinforcement learning using long short-term delayed reward},
  author={Kim, Jin-Gyeom and Lee, Bowon},
  journal={Energies},
  volume={13},
  number={20},
  pages={5359},
  year={2020},
  publisher={MDPI}
}

@article{chan2023chateval,
  title={Chateval: Towards better llm-based evaluators through multi-agent debate},
  author={Chan, Chi-Min and Chen, Weize and Su, Yusheng and Yu, Jianxuan and Xue, Wei and Zhang, Shanghang and Fu, Jie and Liu, Zhiyuan},
  journal={arXiv preprint arXiv:2308.07201},
  year={2023}
}

@inproceedings{kannan2024smart,
  title={Smart-llm: Smart multi-agent robot task planning using large language models},
  author={Kannan, Shyam Sundar and Venkatesh, Vishnunandan LN and Min, Byung-Cheol},
  booktitle={2024 IEEE/RSJ International Conference on Intelligent Robots and Systems (IROS)},
  pages={12140--12147},
  year={2024},
  organization={IEEE}
}

@article{sun2024llm,
  title={LLM-based Multi-Agent Reinforcement Learning: Current and Future Directions},
  author={Sun, Chuanneng and Huang, Songjun and Pompili, Dario},
  journal={arXiv preprint arXiv:2405.11106},
  year={2024}
}

@article{reed2022generalist,
  title={A generalist agent},
  author={Reed, Scott and Zolna, Konrad and Parisotto, Emilio and Colmenarejo, Sergio Gomez and Novikov, Alexander and Barth-Maron, Gabriel and Gimenez, Mai and Sulsky, Yury and Kay, Jackie and Springenberg, Jost Tobias and others},
  journal={arXiv preprint arXiv:2205.06175},
  year={2022}
}

@article{raffel2020exploring,
  title={Exploring the limits of transfer learning with a unified text-to-text transformer},
  author={Raffel, Colin and Shazeer, Noam and Roberts, Adam and Lee, Katherine and Narang, Sharan and Matena, Michael and Zhou, Yanqi and Li, Wei and Liu, Peter J},
  journal={Journal of machine learning research},
  volume={21},
  number={140},
  pages={1--67},
  year={2020}
}

@article{ahn2022can,
  title={Do as i can, not as i say: Grounding language in robotic affordances},
  author={Ahn, Michael and Brohan, Anthony and Brown, Noah and Chebotar, Yevgen and Cortes, Omar and David, Byron and Finn, Chelsea and Fu, Chuyuan and Gopalakrishnan, Keerthana and Hausman, Karol and others},
  journal={arXiv preprint arXiv:2204.01691},
  year={2022}
}

@article{lin2024swiftsage,
  title={Swiftsage: A generative agent with fast and slow thinking for complex interactive tasks},
  author={Lin, Bill Yuchen and Fu, Yicheng and Yang, Karina and Brahman, Faeze and Huang, Shiyu and Bhagavatula, Chandra and Ammanabrolu, Prithviraj and Choi, Yejin and Ren, Xiang},
  journal={Advances in Neural Information Processing Systems},
  volume={36},
  year={2024}
}

@article{frankish2010dual,
  title={Dual-process and dual-system theories of reasoning},
  author={Frankish, Keith},
  journal={Philosophy Compass},
  volume={5},
  number={10},
  pages={914--926},
  year={2010},
  publisher={Wiley Online Library}
}

@article{kahneman2011thinking,
  title={Thinking, Fast and Slow/Farrar},
  author={Kahneman, Daniel},
  journal={Straus and Giroux},
  year={2011}
}

@article{gutierrez2024hipporag,
  title={HippoRAG: Neurobiologically Inspired Long-Term Memory for Large Language Models},
  author={Guti{\'e}rrez, Bernal Jim{\'e}nez and Shu, Yiheng and Gu, Yu and Yasunaga, Michihiro and Su, Yu},
  journal={arXiv preprint arXiv:2405.14831},
  year={2024}
}

@article{burgess2002human,
  title={The human hippocampus and spatial and episodic memory},
  author={Burgess, Neil and Maguire, Eleanor A and O'Keefe, John},
  journal={Neuron},
  volume={35},
  number={4},
  pages={625--641},
  year={2002},
  publisher={Elsevier}
}

@article{chen2020review,
  title={A review: Knowledge reasoning over knowledge graph},
  author={Chen, Xiaojun and Jia, Shengbin and Xiang, Yang},
  journal={Expert systems with applications},
  volume={141},
  pages={112948},
  year={2020},
  publisher={Elsevier}
}

@article{smallwood1973optimal,
  title={The optimal control of partially observable Markov processes over a finite horizon},
  author={Smallwood, Richard D and Sondik, Edward J},
  journal={Operations research},
  volume={21},
  number={5},
  pages={1071--1088},
  year={1973},
  publisher={INFORMS}
}

@article{valmeekam2024llms,
  title={LLMs Still Can't Plan; Can LRMs? A Preliminary Evaluation of OpenAI's o1 on PlanBench},
  author={Valmeekam, Karthik and Stechly, Kaya and Kambhampati, Subbarao},
  journal={arXiv preprint arXiv:2409.13373},
  year={2024}
}

@article{parisotto2017neural,
  title={Neural map: Structured memory for deep reinforcement learning},
  author={Parisotto, Emilio and Salakhutdinov, Ruslan},
  journal={arXiv preprint arXiv:1702.08360},
  year={2017}
}

@article{kumar2021prediction,
  title={Prediction of temporal atmospheric boundary layer height using long short-term memory network},
  author={Kumar, Nishant and Soni, Kirti and Agarwal, Ravinder},
  journal={Tellus A: Dynamic Meteorology and Oceanography},
  volume={73},
  number={1},
  pages={1--14},
  year={2021},
  publisher={Taylor \& Francis}
}

@article{zhou2020graph,
  title={Graph neural networks: A review of methods and applications},
  author={Zhou, Jie and Cui, Ganqu and Hu, Shengding and Zhang, Zhengyan and Yang, Cheng and Liu, Zhiyuan and Wang, Lifeng and Li, Changcheng and Sun, Maosong},
  journal={AI open},
  volume={1},
  pages={57--81},
  year={2020},
  publisher={Elsevier}
}

@article{wei2022chain,
  title={Chain-of-thought prompting elicits reasoning in large language models},
  author={Wei, Jason and Wang, Xuezhi and Schuurmans, Dale and Bosma, Maarten and Xia, Fei and Chi, Ed and Le, Quoc V and Zhou, Denny and others},
  journal={Advances in neural information processing systems},
  volume={35},
  pages={24824--24837},
  year={2022}
}

@inproceedings{santoro2016meta,
  title={Meta-learning with memory-augmented neural networks},
  author={Santoro, Adam and Bartunov, Sergey and Botvinick, Matthew and Wierstra, Daan and Lillicrap, Timothy},
  booktitle={International conference on machine learning},
  pages={1842--1850},
  year={2016},
  organization={PMLR}
}

@inproceedings{liu2011comparative,
  title={A comparative study of A-star algorithms for search and rescue in perfect maze},
  author={Liu, Xiang and Gong, Daoxiong},
  booktitle={2011 international conference on electric information and control engineering},
  pages={24--27},
  year={2011},
  organization={IEEE}
}

@techreport{hagberg2008exploring,
  title={Exploring network structure, dynamics, and function using NetworkX},
  author={Hagberg, Aric and Swart, Pieter J and Schult, Daniel A},
  year={2008},
  institution={Los Alamos National Laboratory (LANL), Los Alamos, NM (United States)}
}

@article{mohanan2018survey,
  title={A survey of robotic motion planning in dynamic environments},
  author={Mohanan, MG and Salgoankar, Ambuja},
  journal={Robotics and Autonomous Systems},
  volume={100},
  pages={171--185},
  year={2018},
  publisher={Elsevier}
}

@article{bertsekas1996dynamic,
  title={Dynamic programming and optimal control},
  author={Bertsekas, Dimitri P},
  journal={Journal of the Operational Research Society},
  volume={47},
  number={6},
  pages={833--833},
  year={1996}
}

@book{ghallab2004automated,
  title={Automated Planning: theory and practice},
  author={Ghallab, Malik and Nau, Dana and Traverso, Paolo},
  year={2004},
  publisher={Elsevier}
}

@incollection{baptiste2006constraint,
  title={Constraint-based scheduling and planning},
  author={Baptiste, Philippe and Laborie, Philippe and Le Pape, Claude and Nuijten, Wim},
  booktitle={Foundations of artificial intelligence},
  volume={2},
  pages={761--799},
  year={2006},
  publisher={Elsevier}
}

@inproceedings{kartal2019action,
  title={Action guidance with MCTS for deep reinforcement learning},
  author={Kartal, Bilal and Hernandez-Leal, Pablo and Taylor, Matthew E},
  booktitle={Proceedings of the AAAI conference on artificial intelligence and interactive digital entertainment},
  volume={15},
  number={1},
  pages={153--159},
  year={2019}
}

@article{guo2014deep,
  title={Deep learning for real-time Atari game play using offline Monte-Carlo tree search planning},
  author={Guo, Xiaoxiao and Singh, Satinder and Lee, Honglak and Lewis, Richard L and Wang, Xiaoshi},
  journal={Advances in neural information processing systems},
  volume={27},
  year={2014}
}

@article{swiechowski2023monte,
  title={Monte Carlo tree search: A review of recent modifications and applications},
  author={{\'S}wiechowski, Maciej and Godlewski, Konrad and Sawicki, Bartosz and Ma{\'n}dziuk, Jacek},
  journal={Artificial Intelligence Review},
  volume={56},
  number={3},
  pages={2497--2562},
  year={2023},
  publisher={Springer}
}

@article{lin2020comparison,
  title={Comparison of deep reinforcement learning and model predictive control for adaptive cruise control},
  author={Lin, Yuan and McPhee, John and Azad, Nasser L},
  journal={IEEE Transactions on Intelligent Vehicles},
  volume={6},
  number={2},
  pages={221--231},
  year={2020},
  publisher={IEEE}
}

@article{xue2021multi,
  title={Multi-agent path planning based on MPC and DDPG},
  author={Xue, Junxiao and Kong, Xiangyan and Dong, Bowei and Xu, Mingliang},
  journal={arXiv preprint arXiv:2102.13283},
  year={2021}
}

@article{sun2024novel,
  title={A Novel Framework Combining MPC and Deep Reinforcement Learning With Application to Freeway Traffic Control},
  author={Sun, Dingshan and Jamshidnejad, Anahita and De Schutter, Bart},
  journal={IEEE Transactions on Intelligent Transportation Systems},
  year={2024},
  publisher={IEEE}
}

@article{kurutach2018model,
  title={Model-ensemble trust-region policy optimization},
  author={Kurutach, Thanard and Clavera, Ignasi and Duan, Yan and Tamar, Aviv and Abbeel, Pieter},
  journal={arXiv preprint arXiv:1802.10592},
  year={2018}
}

@article{vecerik2017leveraging,
  title={Leveraging demonstrations for deep reinforcement learning on robotics problems with sparse rewards},
  author={Vecerik, Mel and Hester, Todd and Scholz, Jonathan and Wang, Fumin and Pietquin, Olivier and Piot, Bilal and Heess, Nicolas and Roth{\"o}rl, Thomas and Lampe, Thomas and Riedmiller, Martin},
  journal={arXiv preprint arXiv:1707.08817},
  year={2017}
}

@article{horgan2018distributed,
  title={Distributed prioritized experience replay},
  author={Horgan, Dan and Quan, John and Budden, David and Barth-Maron, Gabriel and Hessel, Matteo and Van Hasselt, Hado and Silver, David},
  journal={arXiv preprint arXiv:1803.00933},
  year={2018}
}

@article{nguyen2020deep,
  title={Deep reinforcement learning for multiagent systems: A review of challenges, solutions, and applications},
  author={Nguyen, Thanh Thi and Nguyen, Ngoc Duy and Nahavandi, Saeid},
  journal={IEEE transactions on cybernetics},
  volume={50},
  number={9},
  pages={3826--3839},
  year={2020},
  publisher={IEEE}
}

@article{rusu2016progressive,
  title={Progressive neural networks},
  author={Rusu, Andrei A and Rabinowitz, Neil C and Desjardins, Guillaume and Soyer, Hubert and Kirkpatrick, James and Kavukcuoglu, Koray and Pascanu, Razvan and Hadsell, Raia},
  journal={arXiv preprint arXiv:1606.04671},
  year={2016}
}

@article{kaiser2019model,
  title={Model-based reinforcement learning for atari},
  author={Kaiser, Lukasz and Babaeizadeh, Mohammad and Milos, Piotr and Osinski, Blazej and Campbell, Roy H and Czechowski, Konrad and Erhan, Dumitru and Finn, Chelsea and Kozakowski, Piotr and Levine, Sergey and others},
  journal={arXiv preprint arXiv:1903.00374},
  year={2019}
}

@article{moerland2023model,
  title={Model-based reinforcement learning: A survey},
  author={Moerland, Thomas M and Broekens, Joost and Plaat, Aske and Jonker, Catholijn M and others},
  journal={Foundations and Trends{\textregistered} in Machine Learning},
  volume={16},
  number={1},
  pages={1--118},
  year={2023},
  publisher={Now Publishers, Inc.}
}

@article{li2019deep,
  title={Deep reinforcement learning (DRL): Another perspective for unsupervised wireless localization},
  author={Li, You and Hu, Xin and Zhuang, Yuan and Gao, Zhouzheng and Zhang, Peng and El-Sheimy, Naser},
  journal={ieee internet of things journal},
  volume={7},
  number={7},
  pages={6279--6287},
  year={2019},
  publisher={IEEE}
}

@inproceedings{zhu2021overview,
  title={An overview of the action space for deep reinforcement learning},
  author={Zhu, Jie and Wu, Fengge and Zhao, Junsuo},
  booktitle={Proceedings of the 2021 4th International Conference on Algorithms, Computing and Artificial Intelligence},
  pages={1--10},
  year={2021}
}

@article{pateria2021hierarchical,
  title={Hierarchical reinforcement learning: A comprehensive survey},
  author={Pateria, Shubham and Subagdja, Budhitama and Tan, Ah-hwee and Quek, Chai},
  journal={ACM Computing Surveys (CSUR)},
  volume={54},
  number={5},
  pages={1--35},
  year={2021},
  publisher={ACM New York, NY, USA}
}

@article{beck2023survey,
  title={A survey of meta-reinforcement learning},
  author={Beck, Jacob and Vuorio, Risto and Liu, Evan Zheran and Xiong, Zheng and Zintgraf, Luisa and Finn, Chelsea and Whiteson, Shimon},
  journal={arXiv preprint arXiv:2301.08028},
  year={2023}
}

@inproceedings{finn2017model,
  title={Model-agnostic meta-learning for fast adaptation of deep networks},
  author={Finn, Chelsea and Abbeel, Pieter and Levine, Sergey},
  booktitle={International conference on machine learning},
  pages={1126--1135},
  year={2017},
  organization={PMLR}
}

@article{white2024livebench,
  title={Livebench: A challenging, contamination-free llm benchmark},
  author={White, Colin and Dooley, Samuel and Roberts, Manley and Pal, Arka and Feuer, Ben and Jain, Siddhartha and Shwartz-Ziv, Ravid and Jain, Neel and Saifullah, Khalid and Naidu, Siddartha and others},
  journal={arXiv preprint arXiv:2406.19314},
  year={2024}
}

@article{kaelbling1998planning,
  title={Planning and acting in partially observable stochastic domains},
  author={Kaelbling, Leslie Pack and Littman, Michael L and Cassandra, Anthony R},
  journal={Artificial intelligence},
  volume={101},
  number={1-2},
  pages={99--134},
  year={1998},
  publisher={Elsevier}
}

@article{friston2008hierarchical,
  title={Hierarchical models in the brain},
  author={Friston, Karl},
  journal={PLoS computational biology},
  volume={4},
  number={11},
  pages={e1000211},
  year={2008},
  publisher={Public Library of Science San Francisco, USA}
}