@inproceedings{yang2018mean,
  title={Mean field multi-agent reinforcement learning},
  author={Yang, Yaodong and Luo, Rui and Li, Minne and Zhou, Ming and Zhang, Weinan and Wang, Jun},
  booktitle={International conference on machine learning},
  pages={5571--5580},
  year={2018},
  organization={PMLR}
}

@article{ding2020learning,
  title={Learning individually inferred communication for multi-agent cooperation},
  author={Ding, Ziluo and Huang, Tiejun and Lu, Zongqing},
  journal={Advances in Neural Information Processing Systems},
  volume={33},
  pages={22069--22079},
  year={2020}
}

@article{xia2021causal,
  title={The causal-neural connection: Expressiveness, learnability, and inference},
  author={Xia, Kevin and Lee, Kai-Zhan and Bengio, Yoshua and Bareinboim, Elias},
  journal={Advances in Neural Information Processing Systems},
  volume={34},
  pages={10823--10836},
  year={2021}
}

@article{zevcevic2021relating,
  title={Relating Graph Neural Networks to Structural Causal Models},
  author={Ze{\v{c}}evi{\'c}, Matej and Dhami, Devendra Singh and Veli{\v{c}}kovi{\'c}, Petar and Kersting, Kristian},
  journal={arXiv preprint arXiv:2109.04173},
  year={2021}
}

@article{pearl2019seven,
  title={The seven tools of causal inference, with reflections on machine learning},
  author={Pearl, Judea},
  journal={Communications of the ACM},
  volume={62},
  number={3},
  pages={54--60},
  year={2019},
  publisher={ACM New York, NY, USA}
}

@article{wang2022weighted,
  title={Weighted mean field reinforcement learning for large-scale UAV swarm confrontation},
  author={Wang, Baolai and Li, Shengang and Gao, Xianzhong and Xie, Tao},
  journal={Applied Intelligence},
  pages={1--16},
  year={2022},
  publisher={Springer}
}

@inproceedings{wu2022weighted,
  title={Weighted Mean-Field Multi-Agent Reinforcement Learning via Reward Attribution Decomposition},
  author={Wu, Tingyu and Li, Wenhao and Jin, Bo and Zhang, Wei and Wang, Xiangfeng},
  booktitle={International Conference on Database Systems for Advanced Applications},
  pages={301--316},
  year={2022},
  organization={Springer}
}

@article{guo2019learning,
  title={Learning mean-field games},
  author={Guo, Xin and Hu, Anran and Xu, Renyuan and Zhang, Junzi},
  journal={Advances in Neural Information Processing Systems},
  volume={32},
  year={2019}
}

@article{subramanian2020multi,
  title={Multi type mean field reinforcement learning},
  author={Subramanian, Sriram Ganapathi and Poupart, Pascal and Taylor, Matthew E and Hegde, Nidhi},
  journal={arXiv preprint arXiv:2002.02513},
  year={2020}
}

@article{perrin2021mean,
  title={Mean field games flock! the reinforcement learning way},
  author={Perrin, Sarah and Lauri{\`e}re, Mathieu and P{\'e}rolat, Julien and Geist, Matthieu and {\'E}lie, Romuald and Pietquin, Olivier},
  journal={arXiv preprint arXiv:2105.07933},
  year={2021}
}

@article{vanneste2020learning,
  title={Learning to communicate using counterfactual reasoning},
  author={Vanneste, Simon and Vanneste, Astrid and Mets, Kevin and Anwar, Ali and Mercelis, Siegfried and Latr{\'e}, Steven and Hellinckx, Peter},
  journal={arXiv preprint arXiv:2006.07200},
  year={2020}
}

@article{long2020evolutionary,
  title={Evolutionary population curriculum for scaling multi-agent reinforcement learning},
  author={Long, Qian and Zhou, Zihan and Gupta, Abhibav and Fang, Fei and Wu, Yi and Wang, Xiaolong},
  journal={arXiv preprint arXiv:2003.10423},
  year={2020}
}

@article{melnychuk2022causal,
  title={Causal Transformer for Estimating Counterfactual Outcomes},
  author={Melnychuk, Valentyn and Frauen, Dennis and Feuerriegel, Stefan},
  journal={arXiv preprint arXiv:2204.07258},
  year={2022}
}

@book{peters2017elements,
  title={Elements of causal inference: foundations and learning algorithms},
  author={Peters, Jonas and Janzing, Dominik and Sch{\"o}lkopf, Bernhard},
  year={2017},
  publisher={The MIT Press}
}

@inproceedings{jaques2019social,
  title={Social influence as intrinsic motivation for multi-agent deep reinforcement learning},
  author={Jaques, Natasha and Lazaridou, Angeliki and Hughes, Edward and Gulcehre, Caglar and Ortega, Pedro and Strouse, DJ and Leibo, Joel Z and De Freitas, Nando},
  booktitle={International conference on machine learning},
  pages={3040--3049},
  year={2019},
  organization={PMLR}
}

@article{pearl2001direct,
  title={Direct and Indirect Effects},
  author={Pearl, Judea},
  journal={Probabilistic and Causal Inference: The Works of Judea Pearl},
  pages={373},
  year={2001}
}

@inproceedings{omidshafiei2019learning,
  title={Learning to teach in cooperative multiagent reinforcement learning},
  author={Omidshafiei, Shayegan and Kim, Dong-Ki and Liu, Miao and Tesauro, Gerald and Riemer, Matthew and Amato, Christopher and Campbell, Murray and How, Jonathan P},
  booktitle={Proceedings of the AAAI Conference on Artificial Intelligence},
  volume={33},
  number={01},
  pages={6128--6136},
  year={2019}
}

@article{guo2022general,
  title={A general framework for learning mean-field games},
  author={Guo, Xin and Hu, Anran and Xu, Renyuan and Zhang, Junzi},
  journal={Mathematics of Operations Research},
  year={2022},
  publisher={INFORMS}
}

@inproceedings{elie2020convergence,
  title={On the convergence of model free learning in mean field games},
  author={Elie, Romuald and Perolat, Julien and Lauri{\`e}re, Mathieu and Geist, Matthieu and Pietquin, Olivier},
  booktitle={Proceedings of the AAAI Conference on Artificial Intelligence},
  volume={34},
  number={05},
  pages={7143--7150},
  year={2020}
}

@article{lasry2007mean,
  title={Mean field games},
  author={Lasry, Jean-Michel and Lions, Pierre-Louis},
  journal={Japanese journal of mathematics},
  volume={2},
  number={1},
  pages={229--260},
  year={2007},
  publisher={Springer}
}

@article{zhang2021multi,
  title={Multi-agent reinforcement learning: A selective overview of theories and algorithms},
  author={Zhang, Kaiqing and Yang, Zhuoran and Ba{\c{s}}ar, Tamer},
  journal={Handbook of reinforcement learning and control},
  pages={321--384},
  year={2021},
  publisher={Springer}
}

@ARTICLE{Gronauer2021-ii,
  title   = "Multi-agent deep reinforcement learning: a survey",
  author  = "Gronauer, Sven and Diepold, Klaus",
  journal = "Artificial Intelligence Review",
  month   =  apr,
  year    =  2021,
  issn    = "1573-7462",
  doi     = "10.1007/s10462-021-09996-w"
}

@article{sycara1998multiagent,
  title={Multiagent systems},
  author={Sycara, Katia P},
  journal={AI magazine},
  volume={19},
  number={2},
  pages={79--79},
  year={1998}
}

@book{stanley1971phase,
  title={Phase transitions and critical phenomena},
  author={Stanley, H Eugene},
  volume={7},
  year={1971},
  publisher={Clarendon Press, Oxford}
}

@inproceedings{rashid2018qmix,
  title={Qmix: Monotonic value function factorisation for deep multi-agent reinforcement learning},
  author={Rashid, Tabish and Samvelyan, Mikayel and Schroeder, Christian and Farquhar, Gregory and Foerster, Jakob and Whiteson, Shimon},
  booktitle={International conference on machine learning},
  pages={4295--4304},
  year={2018},
  organization={PMLR}
}

@inproceedings{foerster2018counterfactual,
  title={Counterfactual multi-agent policy gradients},
  author={Foerster, Jakob and Farquhar, Gregory and Afouras, Triantafyllos and Nardelli, Nantas and Whiteson, Shimon},
  booktitle={Proceedings of the AAAI conference on artificial intelligence},
  volume={32},
  number={1},
  year={2018}
}

@article{vinyals2019grandmaster,
  title={Grandmaster level in StarCraft II using multi-agent reinforcement learning},
  author={Vinyals, Oriol and Babuschkin, Igor and Czarnecki, Wojciech M and Mathieu, Micha{\"e}l and Dudzik, Andrew and Chung, Junyoung and Choi, David H and Powell, Richard and Ewalds, Timo and Georgiev, Petko and others},
  journal={Nature},
  volume={575},
  number={7782},
  pages={350--354},
  year={2019},
  publisher={Nature Publishing Group}
}

@inproceedings{wu2019hierarchical,
  title={Hierarchical macro strategy model for moba game ai},
  author={Wu, Bin},
  booktitle={Proceedings of the AAAI Conference on Artificial Intelligence},
  volume={33},
  number={01},
  pages={1206--1213},
  year={2019}
}

@article{lowe2017multi,
  title={Multi-agent actor-critic for mixed cooperative-competitive environments},
  author={Lowe, Ryan and Wu, Yi I and Tamar, Aviv and Harb, Jean and Pieter Abbeel, OpenAI and Mordatch, Igor},
  journal={Advances in neural information processing systems},
  volume={30},
  year={2017}
}

@article{sunehag2017value,
  title={Value-decomposition networks for cooperative multi-agent learning},
  author={Sunehag, Peter and Lever, Guy and Gruslys, Audrunas and Czarnecki, Wojciech Marian and Zambaldi, Vinicius and Jaderberg, Max and Lanctot, Marc and Sonnerat, Nicolas and Leibo, Joel Z and Tuyls, Karl and others},
  journal={arXiv preprint arXiv:1706.05296},
  year={2017}
}


@inproceedings{Long*2020Evolutionary, 
title={Evolutionary Population Curriculum for Scaling Multi-Agent Reinforcement Learning}, 
author={Qian Long* and Zihan Zhou* and Abhinav Gupta and Fei Fang and Yi Wu† and Xiaolong Wang†}, 
booktitle={International Conference on Learning Representations}, 
year={2020}, 
url={https://openreview.net/forum?id=SJxbHkrKDH}
}

@inproceedings{iqbal2019actor,
  title={Actor-attention-critic for multi-agent reinforcement learning},
  author={Iqbal, Shariq and Sha, Fei},
  booktitle={International conference on machine learning},
  pages={2961--2970},
  year={2019},
  organization={PMLR}
}

@article{blume1993statistical,
  title={The statistical mechanics of strategic interaction},
  author={Blume, Lawrence E},
  journal={Games and economic behavior},
  volume={5},
  number={3},
  pages={387--424},
  year={1993},
  publisher={Elsevier}
}

@article{sloman2015causality,
  title={Causality in thought},
  author={Sloman, Steven A and Lagnado, David},
  journal={Annual review of psychology},
  volume={66},
  pages={223--247},
  year={2015},
  publisher={Annual Reviews}
}


@INPROCEEDINGS{Perrin2021-qr,
  title           = "Mean field games flock! The reinforcement learning way",
  booktitle       = "Proceedings of the Thirtieth International Joint
                     Conference on Artificial Intelligence",
  author          = "Perrin, Sarah and Lauri{\`e}re, Mathieu and P{\'e}rolat,
                     Julien and Geist, Matthieu and {\'E}lie, Romuald and
                     Pietquin, Olivier",
  publisher       = "International Joint Conferences on Artificial Intelligence
                     Organization",
  month           =  aug,
  year            =  2021,
  address         = "California",
  conference      = "Thirtieth International Joint Conference on Artificial
                     Intelligence \{IJCAI-21\}",
  location        = "Montreal, Canada",
  isbn            = "9780999241196",
  doi             = "10.24963/ijcai.2021/50"
}

@incollection{bareinboim2022pearl,
  title={On pearl’s hierarchy and the foundations of causal inference},
  author={Bareinboim, Elias and Correa, Juan D and Ibeling, Duligur and Icard, Thomas},
  booktitle={Probabilistic and Causal Inference: The Works of Judea Pearl},
  pages={507--556},
  year={2022}
}


@InProceedings{pmlr-v6-pearl10a,
  title = 	 {Causal Inference},
  author = 	 {Pearl, Judea},
  booktitle = 	 {Proceedings of Workshop on Causality: Objectives and Assessment at NIPS 2008},
  pages = 	 {39--58},
  year = 	 {2010},
  editor = 	 {Guyon, Isabelle and Janzing, Dominik and Schölkopf, Bernhard},
  volume = 	 {6},
  series = 	 {Proceedings of Machine Learning Research},
  address = 	 {Whistler, Canada},
  month = 	 {12 Dec},
  publisher =    {PMLR},
  pdf = 	 {http://proceedings.mlr.press/v6/pearl10a/pearl10a.pdf},
  url = 	 {https://proceedings.mlr.press/v6/pearl10a.html},
  abstract = 	 {This paper reviews a theory of causal inference based on the Structural Causal Model (SCM) described in Pearl (2000a). The theory unifies the graphical, potential-outcome (Neyman-Rubin), decision analytical, and structural equation approaches to causation, and provides both a mathematical foundation and a friendly calculus for the analysis of causes and counterfactuals. In particular, the paper establishes a methodology for inferring (from a combination of data and assumptions) the answers to three types of causal queries: (1) queries about the effect of potential interventions, (2) queries about counterfactuals, and (3) queries about the direct (or indirect) effect of one event on another.}
}

@article{tampuu2017multiagent,
  title={Multiagent cooperation and competition with deep reinforcement learning},
  author={Tampuu, Ardi and Matiisen, Tambet and Kodelja, Dorian and Kuzovkin, Ilya and Korjus, Kristjan and Aru, Juhan and Aru, Jaan and Vicente, Raul},
  journal={PloS one},
  volume={12},
  number={4},
  pages={e0172395},
  year={2017},
  publisher={Public Library of Science San Francisco, CA USA}
}

@book{uzunov1993introduction,
  title={Introduction to the theory of critical phenomena: mean field, fluctuations and renormalization},
  author={Uzunov, Dimo I},
  year={1993},
  publisher={World Scientific}
}

@inproceedings{zheng2018magent,
  title={Magent: A many-agent reinforcement learning platform for artificial collective intelligence},
  author={Zheng, Lianmin and Yang, Jiacheng and Cai, Han and Zhou, Ming and Zhang, Weinan and Wang, Jun and Yu, Yong},
  booktitle={Proceedings of the AAAI conference on artificial intelligence},
  volume={32},
  number={1},
  year={2018}
}

@article{mordatch2017emergence,
  title={Emergence of Grounded Compositional Language in Multi-Agent Populations},
  author={Mordatch, Igor and Abbeel, Pieter},
  journal={arXiv preprint arXiv:1703.04908},
  year={2017}
}