@INPROCEEDINGS{Perrin2021-qr,
  title           = "Mean field games flock! The reinforcement learning way",
  booktitle       = "Proceedings of the Thirtieth International Joint
                     Conference on Artificial Intelligence",
  author          = "Perrin, Sarah and Lauri{\`e}re, Mathieu and P{\'e}rolat,
                     Julien and Geist, Matthieu and {\'E}lie, Romuald and
                     Pietquin, Olivier",
  publisher       = "International Joint Conferences on Artificial Intelligence
                     Organization",
  month           =  aug,
  year            =  2021,
  address         = "California",
  conference      = "Thirtieth International Joint Conference on Artificial
                     Intelligence \{IJCAI-21\}",
  location        = "Montreal, Canada",
  isbn            = "9780999241196",
  doi             = "10.24963/ijcai.2021/50"
}

@article{ding2020learning,
  title={Learning individually inferred communication for multi-agent cooperation},
  author={Ding, Ziluo and Huang, Tiejun and Lu, Zongqing},
  journal={Advances in Neural Information Processing Systems},
  volume={33},
  pages={22069--22079},
  year={2020}
}

@inproceedings{foerster2018counterfactual,
  title={Counterfactual multi-agent policy gradients},
  author={Foerster, Jakob and Farquhar, Gregory and Afouras, Triantafyllos and Nardelli, Nantas and Whiteson, Shimon},
  booktitle={Proceedings of the AAAI conference on artificial intelligence},
  volume={32},
  number={1},
  year={2018}
}

@article{guo2019learning,
  title={Learning mean-field games},
  author={Guo, Xin and Hu, Anran and Xu, Renyuan and Zhang, Junzi},
  journal={Advances in Neural Information Processing Systems},
  volume={32},
  year={2019}
}

@inproceedings{omidshafiei2019learning,
  title={Learning to teach in cooperative multiagent reinforcement learning},
  author={Omidshafiei, Shayegan and Kim, Dong-Ki and Liu, Miao and Tesauro, Gerald and Riemer, Matthew and Amato, Christopher and Campbell, Murray and How, Jonathan P},
  booktitle={Proceedings of the AAAI Conference on Artificial Intelligence},
  volume={33},
  number={01},
  pages={6128--6136},
  year={2019}
}

@article{pearl2001direct,
  title={Direct and Indirect Effects},
  author={Pearl, Judea},
  journal={Probabilistic and Causal Inference: The Works of Judea Pearl},
  pages={373},
  year={2001}
}

@article{pearl2019seven,
  title={The seven tools of causal inference, with reflections on machine learning},
  author={Pearl, Judea},
  journal={Communications of the ACM},
  volume={62},
  number={3},
  pages={54--60},
  year={2019},
  publisher={ACM New York, NY, USA}
}

@book{peters2017elements,
  title={Elements of causal inference: foundations and learning algorithms},
  author={Peters, Jonas and Janzing, Dominik and Sch{\"o}lkopf, Bernhard},
  year={2017},
  publisher={The MIT Press}
}

@article{wang2022weighted,
  title={Weighted mean field reinforcement learning for large-scale UAV swarm confrontation},
  author={Wang, Baolai and Li, Shengang and Gao, Xianzhong and Xie, Tao},
  journal={Applied Intelligence},
  pages={1--16},
  year={2022},
  publisher={Springer}
}

@inproceedings{wu2022weighted,
  title={Weighted Mean-Field Multi-Agent Reinforcement Learning via Reward Attribution Decomposition},
  author={Wu, Tingyu and Li, Wenhao and Jin, Bo and Zhang, Wei and Wang, Xiangfeng},
  booktitle={International Conference on Database Systems for Advanced Applications},
  pages={301--316},
  year={2022},
  organization={Springer}
}

@article{xia2021causal,
  title={The causal-neural connection: Expressiveness, learnability, and inference},
  author={Xia, Kevin and Lee, Kai-Zhan and Bengio, Yoshua and Bareinboim, Elias},
  journal={Advances in Neural Information Processing Systems},
  volume={34},
  pages={10823--10836},
  year={2021}
}

@inproceedings{yang2018mean,
  title={Mean field multi-agent reinforcement learning},
  author={Yang, Yaodong and Luo, Rui and Li, Minne and Zhou, Ming and Zhang, Weinan and Wang, Jun},
  booktitle={International conference on machine learning},
  pages={5571--5580},
  year={2018},
  organization={PMLR}
}

@article{zevcevic2021relating,
  title={Relating Graph Neural Networks to Structural Causal Models},
  author={Ze{\v{c}}evi{\'c}, Matej and Dhami, Devendra Singh and Veli{\v{c}}kovi{\'c}, Petar and Kersting, Kristian},
  journal={arXiv preprint arXiv:2109.04173},
  year={2021}
}

