@inproceedings{anaby2020not,
  title={Do not have enough data? Deep learning to the rescue!},
  author={Anaby-Tavor, Ateret and Carmeli, Boaz and Goldbraich, Esther and Kantor, Amir and Kour, George and Shlomov, Segev and Tepper, Naama and Zwerdling, Naama},
  booktitle={Proceedings of the AAAI Conference on Artificial Intelligence},
  volume={34},
  number={05},
  pages={7383--7390},
  year={2020}
}

@inproceedings{belinkov2018synthetic,
  title={Synthetic and Natural Noise Both Break Neural Machine Translation},
  author={Belinkov, Yonatan and Bisk, Yonatan},
  booktitle={International Conference on Learning Representations},
  year={2018}
}

@inproceedings{cai2023resolving,
  title={Resolving the imbalance issue in hierarchical disciplinary topic inference via llm-based data augmentation},
  author={Cai, Xunxin and Xiao, Meng and Ning, Zhiyuan and Zhou, Yuanchun},
  booktitle={2023 IEEE International Conference on Data Mining Workshops (ICDMW)},
  pages={1424--1429},
  year={2023},
  organization={IEEE}
}

@article{cegin2023chatgpt,
  title={Chatgpt to replace crowdsourcing of paraphrases for intent classification: Higher diversity and comparable model robustness},
  author={Cegin, Jan and Simko, Jakub and Brusilovsky, Peter},
  journal={arXiv preprint arXiv:2305.12947},
  year={2023}
}

@article{cegin2024effects,
  title={Effects of diversity incentives on sample diversity and downstream model performance in LLM-based text augmentation},
  author={Cegin, Jan and Pecher, Branislav and Simko, Jakub and Srba, Ivan and Bielikova, Maria and Brusilovsky, Peter},
  journal={arXiv preprint arXiv:2401.06643},
  year={2024}
}

@article{dai2025auggpt,
  title={Auggpt: Leveraging chatgpt for text data augmentation},
  author={Dai, Haixing and Liu, Zhengliang and Liao, Wenxiong and Huang, Xiaoke and Cao, Yihan and Wu, Zihao and Zhao, Lin and Xu, Shaochen and Zeng, Fang and Liu, Wei and others},
  journal={IEEE Transactions on Big Data},
  year={2025},
  publisher={IEEE}
}

@inproceedings{ding2024data,
  title={Data augmentation using llms: Data perspectives, learning paradigms and challenges},
  author={Ding, Bosheng and Qin, Chengwei and Zhao, Ruochen and Luo, Tianze and Li, Xinze and Chen, Guizhen and Xia, Wenhan and Hu, Junjie and Tuan, Luu Anh and Joty, Shafiq},
  booktitle={Findings of the Association for Computational Linguistics ACL 2024},
  pages={1679--1705},
  year={2024}
}

@article{gontijo2020affinity,
  title={Affinity and diversity: Quantifying mechanisms of data augmentation},
  author={Gontijo-Lopes, Raphael and Smullin, Sylvia J and Cubuk, Ekin D and Dyer, Ethan},
  journal={arXiv preprint arXiv:2002.08973},
  year={2020}
}

@article{kumar2020data,
  title={Data augmentation using pre-trained transformer models},
  author={Kumar, Varun and Choudhary, Ashutosh and Cho, Eunah},
  journal={arXiv preprint arXiv:2003.02245},
  year={2020}
}

@inproceedings{lai2020diversity,
  title={Diversity, Density, and Homogeneity: Quantitative Characteristic Metrics for Text Collections},
  author={Lai, Yi-An and Zhu, Xuan and Zhang, Yi and Diab, Mona},
  booktitle={Proceedings of the Twelfth Language Resources and Evaluation Conference},
  pages={1739--1746},
  year={2020}
}

@inproceedings{li2024empowering,
    title = "Empowering Large Language Models for Textual Data Augmentation",
    author = "Li, Yichuan  and
      Ding, Kaize  and
      Wang, Jianling  and
      Lee, Kyumin",
    booktitle = "Findings of the Association for Computational Linguistics: ACL 2024",
    month = aug,
    year = "2024",
    address = "Bangkok, Thailand",
    publisher = "Association for Computational Linguistics",
    url = "https://aclanthology.org/2024.findings-acl.756/",
    doi = "10.18653/v1/2024.findings-acl.756",
    pages = "12734--12751",
}

@inproceedings{liu2021divaug,
  title={Divaug: Plug-in automated data augmentation with explicit diversity maximization},
  author={Liu, Zirui and Jin, Haifeng and Wang, Ting-Hsiang and Zhou, Kaixiong and Hu, Xia},
  booktitle={Proceedings of the IEEE/CVF international conference on computer vision},
  pages={4762--4770},
  year={2021}
}

@inproceedings{malandrakis2019controlled,
  title={Controlled Text Generation for Data Augmentation in Intelligent Artificial Agents},
  author={Malandrakis, Nikolaos and Shen, Minmin and Goyal, Anuj and Gao, Shuyang and Sethi, Abhishek and Metallinou, Angeliki},
  booktitle={Proceedings of the 3rd Workshop on Neural Generation and Translation},
  pages={90--98},
  year={2019}
}

@inproceedings{min2020syntactic,
  title={Syntactic Data Augmentation Increases Robustness to Inference Heuristics},
  author={Min, Junghyun and McCoy, R Thomas and Das, Dipanjan and Pitler, Emily and Linzen, Tal},
  booktitle={Proceedings of the 58th Annual Meeting of the Association for Computational Linguistics},
  pages={2339--2352},
  year={2020}
}

@article{sennrich2015improving,
  title={Improving neural machine translation models with monolingual data},
  author={Sennrich, Rico},
  journal={arXiv preprint arXiv:1511.06709},
  year={2015}
}

@inproceedings{tevet2021evaluating,
  title={Evaluating the Evaluation of Diversity in Natural Language Generation},
  author={Tevet, Guy and Berant, Jonathan},
  booktitle={Proceedings of the 16th Conference of the European Chapter of the Association for Computational Linguistics: Main Volume},
  pages={326--346},
  year={2021}
}

@article{wang2024survey,
  title={A survey on data synthesis and augmentation for large language models},
  author={Wang, Ke and Zhu, Jiahui and Ren, Minjie and Liu, Zeming and Li, Shiwei and Zhang, Zongye and Zhang, Chenkai and Wu, Xiaoyu and Zhan, Qiqi and Liu, Qingjie and others},
  journal={arXiv preprint arXiv:2410.12896},
  year={2024}
}

@inproceedings{wei2019eda,
  title={EDA: Easy Data Augmentation Techniques for Boosting Performance on Text Classification Tasks},
  author={Wei, Jason and Zou, Kai},
  booktitle={Proceedings of the 2019 Conference on Empirical Methods in Natural Language Processing and the 9th International Joint Conference on Natural Language Processing (EMNLP-IJCNLP)},
  pages={6382--6388},
  year={2019}
}

@inproceedings{yu2022can,
  title={Can data diversity enhance learning generalization?},
  author={Yu, Yu and Khadivi, Shahram and Xu, Jia},
  booktitle={Proceedings of the 29th international conference on computational linguistics},
  pages={4933--4945},
  year={2022}
}

