@article{wang2024comprehensive,
      title={A Comprehensive Survey on Data Augmentation}, 
      author={Zaitian Wang and Pengfei Wang and Kunpeng Liu and Pengyang Wang and Yanjie Fu and Chang-Tien Lu and Charu C. Aggarwal and Jian Pei and Yuanchun Zhou},
      year={2024},
      journal={arXiv preprint arXiv:2405.09591},
      eprint={2405.09591},
      archivePrefix={arXiv},
      primaryClass={cs.LG}
}
@inproceedings{wang2019glue,
  title={Glue: A multi-task benchmark and analysis platform for natural language understanding},
  author={Wang, Alex and Singh, Amanpreet and Michael, Julian and Hill, Felix and Levy, Omer and Bowman, Samuel R},
  booktitle={7th International Conference on Learning Representations, ICLR 2019},
  year={2019}
}
@article{warstadt2019neural,
  title={Neural Network Acceptability Judgments},
  author={Warstadt, A},
  journal={arXiv preprint arXiv:1805.12471},
  year={2019}
}
@inproceedings{dolan2005automatically,
  title={Automatically constructing a corpus of sentential paraphrases},
  author={Dolan, Bill and Brockett, Chris},
  booktitle={Third international workshop on paraphrasing (IWP2005)},
  year={2005}
}
@incollection{dagan2006pascal,
  title={The {PASCAL} recognising textual entailment challenge},
  author={Dagan, Ido and Glickman, Oren and Magnini, Bernardo},
  booktitle={Machine learning challenges. evaluating predictive uncertainty, visual object classification, and recognising tectual entailment},
  pages={177--190},
  year={2006},
  publisher={Springer}
}
@inproceedings{bar2006second,
  title={The second pascal recognising textual entailment challenge},
  author={Bar-Haim, Roy and Dagan, Ido and Dolan, Bill and Ferro, Lisa and Giampiccolo, Danilo and Magnini, Bernardo and Szpektor, Idan},
  booktitle={Proceedings of the second PASCAL challenges workshop on recognising textual entailment},
  volume={1},
  year={2006},
  organization={Citeseer}
}
@inproceedings{giampiccolo2007third,
  title={The third {PASCAL} recognizing textual entailment challenge},
  author={Giampiccolo, Danilo and Magnini, Bernardo and Dagan, Ido and Dolan, Bill},
  booktitle={Proceedings of the ACL-PASCAL workshop on textual entailment and paraphrasing},
  pages={1--9},
  year={2007},
  organization={Association for Computational Linguistics},
}
@article{bentivogli2009fifth,
  title={The Fifth PASCAL Recognizing Textual Entailment Challenge.},
  author={Bentivogli, Luisa and Clark, Peter and Dagan, Ido and Giampiccolo, Danilo},
  journal={TAC},
  volume={7},
  number={8},
  pages={1},
  year={2009},
  publisher={Citeseer}
}
@inproceedings{williams2018broad,
  title={A Broad-Coverage Challenge Corpus for Sentence Understanding through Inference},
  author={Williams, Adina and Nangia, Nikita and Bowman, Samuel},
  booktitle={Proceedings of the 2018 Conference of the North American Chapter of the Association for Computational Linguistics: Human Language Technologies, Volume 1 (Long Papers)},
  pages={1112--1122},
  year={2018}
}
@inproceedings{socher2013recursive,
  title={Recursive deep models for semantic compositionality over a sentiment treebank},
  author={Socher, Richard and Perelygin, Alex and Wu, Jean and Chuang, Jason and Manning, Christopher D and Ng, Andrew Y and Potts, Christopher},
  booktitle={Proceedings of the 2013 conference on empirical methods in natural language processing},
  pages={1631--1642},
  year={2013}
}
@inproceedings{nie2020adversarial,
  title={Adversarial NLI: A New Benchmark for Natural Language Understanding},
  author={Nie, Yixin and Williams, Adina and Dinan, Emily and Bansal, Mohit and Weston, Jason and Kiela, Douwe},
  booktitle={Proceedings of the 58th Annual Meeting of the Association for Computational Linguistics},
  pages={4885--4901},
  year={2020}
}
@article{kringelum2016chemprot,
  title={ChemProt-3.0: a global chemical biology diseases mapping},
  author={Kringelum, Jens and Kjaerulff, Sonny Kim and Brunak, S{\o}ren and Lund, Ole and Oprea, Tudor I and Taboureau, Olivier},
  journal={Database},
  volume={2016},
  pages={bav123},
  year={2016},
  publisher={Oxford University Press}
}
@article{dernoncourt2017pubmed,
  title={Pubmed 200k rct: a dataset for sequential sentence classification in medical abstracts},
  author={Dernoncourt, Franck and Lee, Ji Young},
  journal={arXiv preprint arXiv:1710.06071},
  year={2017}
}
@article{wiebe2005annotating,
  title={Annotating expressions of opinions and emotions in language},
  author={Wiebe, Janyce and Wilson, Theresa and Cardie, Claire},
  journal={Language resources and evaluation},
  volume={39},
  pages={165--210},
  year={2005},
  publisher={Springer}
}
@article{zhang2015character,
  title={Character-level convolutional networks for text classification},
  author={Zhang, Xiang and Zhao, Junbo and LeCun, Yann},
  journal={Advances in neural information processing systems},
  volume={28},
  year={2015}
}
@article{pang2004sentimental,
  title={A sentimental education: Sentiment analysis using subjectivity summarization based on minimum cuts},
  author={Pang, Bo and Lee, Lillian},
  journal={arXiv preprint cs/0409058},
  year={2004}
}





@inproceedings{tevet2021evaluating,
  title={Evaluating the Evaluation of Diversity in Natural Language Generation},
  author={Tevet, Guy and Berant, Jonathan},
  booktitle={Proceedings of the 16th Conference of the European Chapter of the Association for Computational Linguistics: Main Volume},
  pages={326--346},
  year={2021}
}
@article{magurran2021measuring,
  title={Measuring biological diversity},
  author={Magurran, Anne E},
  journal={Current Biology},
  volume={31},
  number={19},
  pages={R1174--R1177},
  year={2021},
  publisher={Elsevier}
}
@inproceedings{bradley2023quality,
  title={Quality-Diversity through AI Feedback},
  author={Bradley, Herbie and Dai, Andrew and Teufel, Hannah Benita and Zhang, Jenny and Oostermeijer, Koen and Bellagente, Marco and Clune, Jeff and Stanley, Kenneth and Schott, Gregory and Lehman, Joel},
  booktitle={The Twelfth International Conference on Learning Representations},
  year={2023}
}
@inproceedings{lai2020diversity,
  title={Diversity, Density, and Homogeneity: Quantitative Characteristic Metrics for Text Collections},
  author={Lai, Yi-An and Zhu, Xuan and Zhang, Yi and Diab, Mona},
  booktitle={Proceedings of the Twelfth Language Resources and Evaluation Conference},
  pages={1739--1746},
  year={2020}
}
@article{vaswani2017attention,
  title={Attention is all you need},
  author={Vaswani, Ashish and Shazeer, Noam and Parmar, Niki and Uszkoreit, Jakob and Jones, Llion and Gomez, Aidan N and Kaiser, {\L}ukasz and Polosukhin, Illia},
  journal={Advances in neural information processing systems},
  volume={30},
  year={2017}
}
@article{brown2020language,
  title={Language models are few-shot learners},
  author={Brown, Tom and Mann, Benjamin and Ryder, Nick and Subbiah, Melanie and Kaplan, Jared D and Dhariwal, Prafulla and Neelakantan, Arvind and Shyam, Pranav and Sastry, Girish and Askell, Amanda and others},
  journal={Advances in neural information processing systems},
  volume={33},
  pages={1877--1901},
  year={2020}
}
@article{dai2025auggpt,
  title={Auggpt: Leveraging chatgpt for text data augmentation},
  author={Dai, Haixing and Liu, Zhengliang and Liao, Wenxiong and Huang, Xiaoke and Cao, Yihan and Wu, Zihao and Zhao, Lin and Xu, Shaochen and Zeng, Fang and Liu, Wei and others},
  journal={IEEE Transactions on Big Data},
  year={2025},
  publisher={IEEE}
}
@inproceedings{yoo2021gpt3mix,
  title={GPT3Mix: Leveraging Large-scale Language Models for Text Augmentation},
  author={Yoo, Kang Min and Park, Dongju and Kang, Jaewook and Lee, Sang-Woo and Park, Woomyoung},
  booktitle={Findings of the Association for Computational Linguistics: EMNLP 2021},
  pages={2225--2239},
  year={2021}
}
@inproceedings{cai2023resolving,
  title={Resolving the imbalance issue in hierarchical disciplinary topic inference via llm-based data augmentation},
  author={Cai, Xunxin and Xiao, Meng and Ning, Zhiyuan and Zhou, Yuanchun},
  booktitle={2023 IEEE International Conference on Data Mining Workshops (ICDMW)},
  pages={1424--1429},
  year={2023},
  organization={IEEE}
}

@article{ouyang2022training,
  title={Training language models to follow instructions with human feedback},
  author={Ouyang, Long and Wu, Jeffrey and Jiang, Xu and Almeida, Diogo and Wainwright, Carroll and Mishkin, Pamela and Zhang, Chong and Agarwal, Sandhini and Slama, Katarina and Ray, Alex and others},
  journal={Advances in neural information processing systems},
  volume={35},
  pages={27730--27744},
  year={2022}
}

@article{christiano2017deep,
  title={Deep reinforcement learning from human preferences},
  author={Christiano, Paul F and Leike, Jan and Brown, Tom and Martic, Miljan and Legg, Shane and Amodei, Dario},
  journal={Advances in neural information processing systems},
  volume={30},
  year={2017}
}
@article{schulman2017proximal,
  title={Proximal policy optimization algorithms},
  author={Schulman, John and Wolski, Filip and Dhariwal, Prafulla and Radford, Alec and Klimov, Oleg},
  journal={arXiv preprint arXiv:1707.06347},
  year={2017}
}
@misc{chatgpt_paraphraser,
  author={Vladimir Vorobev, Maxim Kuznetsov},
  title={A paraphrasing model based on ChatGPT paraphrases},
  year={2023}
}
@article{raffel2020exploring,
  title={Exploring the limits of transfer learning with a unified text-to-text transformer},
  author={Raffel, Colin and Shazeer, Noam and Roberts, Adam and Lee, Katherine and Narang, Sharan and Matena, Michael and Zhou, Yanqi and Li, Wei and Liu, Peter J},
  journal={Journal of machine learning research},
  volume={21},
  number={140},
  pages={1--67},
  year={2020}
}
@misc{nidula2024emotions,
    title = {Emotions},
    author = {Nidula Elgiriyewithana},
    year = {2024},
}

@misc{joakim2023restaurant,
    title = {10000 Restaurant Reviews},
    author = {Joakim Arvidsson},
    year = {2023}
}
@misc{passionate2021twitter,
    title = {Twitter Sentiment Analysis},
    author = {passionate-nlp},
    year = {2021}
}
@inproceedings{kenton2019bert,
  title={BERT: Pre-training of Deep Bidirectional Transformers for Language Understanding},
  author={Kenton, Jacob Devlin Ming-Wei Chang and Toutanova, Lee Kristina},
  booktitle={Proceedings of NAACL-HLT},
  pages={4171--4186},
  year={2019}
}
@article{merrick2024arctic,
  title={Arctic-Embed: Scalable, Efficient, and Accurate Text Embedding Models},
  author={Merrick, Luke and Xu, Danmei and Nuti, Gaurav and Campos, Daniel},
  journal={arXiv preprint arXiv:2405.05374},
  year={2024}
}
@inproceedings{malandrakis2019controlled,
  title={Controlled Text Generation for Data Augmentation in Intelligent Artificial Agents},
  author={Malandrakis, Nikolaos and Shen, Minmin and Goyal, Anuj and Gao, Shuyang and Sethi, Abhishek and Metallinou, Angeliki},
  booktitle={Proceedings of the 3rd Workshop on Neural Generation and Translation},
  pages={90--98},
  year={2019}
}
@article{gontijo2020affinity,
  title={Affinity and diversity: Quantifying mechanisms of data augmentation},
  author={Gontijo-Lopes, Raphael and Smullin, Sylvia J and Cubuk, Ekin D and Dyer, Ethan},
  journal={arXiv preprint arXiv:2002.08973},
  year={2020}
}
@inproceedings{liu2021diversity,
  title={A Diversity-Enhanced and Constraints-Relaxed Augmentation for Low-Resource Classification},
  author={Liu, Guang and Huang, Hailong and Mao, Yuzhao and Gao, Weiguo and Li, Xuan and Shen, Jianping},
  booktitle={International Conference on Database Systems for Advanced Applications},
  pages={262--270},
  year={2021},
  organization={Springer}
}
@inproceedings{liu2021divaug,
  title={Divaug: Plug-in automated data augmentation with explicit diversity maximization},
  author={Liu, Zirui and Jin, Haifeng and Wang, Ting-Hsiang and Zhou, Kaixiong and Hu, Xia},
  booktitle={Proceedings of the IEEE/CVF international conference on computer vision},
  pages={4762--4770},
  year={2021}
}
@inproceedings{wei2019eda,
  title={EDA: Easy Data Augmentation Techniques for Boosting Performance on Text Classification Tasks},
  author={Wei, Jason and Zou, Kai},
  booktitle={Proceedings of the 2019 Conference on Empirical Methods in Natural Language Processing and the 9th International Joint Conference on Natural Language Processing (EMNLP-IJCNLP)},
  pages={6382--6388},
  year={2019}
}
@article{karimi2021aeda,
  title={AEDA: An Easier Data Augmentation Technique for Text Classification},
  author={Karimi, Akbar and Rossi, Leonardo and Prati, Andrea},
  journal={Findings of the Association for Computational Linguistics: EMNLP 2021},
  year={2021},
  publisher={Association for Computational Linguistics}
}
@article{devries2017improved,
  title={Improved regularization of convolutional neural networks with cutout},
  author={DeVries, Terrance and Taylor, Graham W},
  journal={arXiv preprint arXiv:1708.04552},
  year={2017}
}
@inproceedings{cubuk2019autoaugment,
  title={Autoaugment: Learning augmentation strategies from data},
  author={Cubuk, Ekin D and Zoph, Barret and Mane, Dandelion and Vasudevan, Vijay and Le, Quoc V},
  booktitle={Proceedings of the IEEE/CVF conference on computer vision and pattern recognition},
  pages={113--123},
  year={2019}
}
@inproceedings{chu2022augmentation,
  title={Augmentation strategy optimization for language understanding},
  author={Chu, Chang-Ting and Rohmatillah, Mahdin and Lee, Ching-Hsien and Chien, Jen-Tzung},
  booktitle={ICASSP 2022-2022 IEEE International Conference on Acoustics, Speech and Signal Processing (ICASSP)},
  pages={7952--7956},
  year={2022},
  organization={IEEE}
}
@article{kingma2014adam,
  title={Adam: A method for stochastic optimization},
  author={Kingma, Diederik P and Ba, Jimmy},
  journal={arXiv preprint arXiv:1412.6980},
  year={2014}
}
@article{prakash2016neural,
  title={Neural paraphrase generation with stacked residual LSTM networks},
  author={Prakash, Aaditya and Hasan, Sadid A and Lee, Kathy and Datla, Vivek and Qadir, Ashequl and Liu, Joey and Farri, Oladimeji},
  journal={arXiv preprint arXiv:1610.03098},
  year={2016}
}
@article{bowman2015generating,
  title={Generating sentences from a continuous space},
  author={Bowman, Samuel R and Vilnis, Luke and Vinyals, Oriol and Dai, Andrew M and Jozefowicz, Rafal and Bengio, Samy},
  journal={arXiv preprint arXiv:1511.06349},
  year={2015}
}
@article{zhou2017mojitalk,
  title={Mojitalk: Generating emotional responses at scale},
  author={Zhou, Xianda and Wang, William Yang},
  journal={arXiv preprint arXiv:1711.04090},
  year={2017}
}
@article{radford2018improving,
  title={Improving language understanding by generative pre-training},
  author={Radford, Alec and Narasimhan, Karthik and Salimans, Tim and Sutskever, Ilya and others},
  year={2018},
  publisher={OpenAI}
}
@inproceedings{min2020syntactic,
  title={Syntactic Data Augmentation Increases Robustness to Inference Heuristics},
  author={Min, Junghyun and McCoy, R Thomas and Das, Dipanjan and Pitler, Emily and Linzen, Tal},
  booktitle={Proceedings of the 58th Annual Meeting of the Association for Computational Linguistics},
  pages={2339--2352},
  year={2020}
}
@article{sennrich2015improving,
  title={Improving neural machine translation models with monolingual data},
  author={Sennrich, Rico},
  journal={arXiv preprint arXiv:1511.06709},
  year={2015}
}
@InProceedings{TiedemannThottingal:EAMT2020,
  author = {J{\"o}rg Tiedemann and Santhosh Thottingal},
  title = {{OPUS-MT} — {B}uilding open translation services for the {W}orld},
  booktitle = {Proceedings of the 22nd Annual Conferenec of the European Association for Machine Translation (EAMT)},
  year = {2020},
  address = {Lisbon, Portugal}
 }

@article{dubey2024llama,
  title={The llama 3 herd of models},
  author={Dubey, Abhimanyu and Jauhri, Abhinav and Pandey, Abhinav and Kadian, Abhishek and Al-Dahle, Ahmad and Letman, Aiesha and Mathur, Akhil and Schelten, Alan and Yang, Amy and Fan, Angela and others},
  journal={arXiv preprint arXiv:2407.21783},
  year={2024}
}

@article{zheng2024llamafactory,
  title={Llamafactory: Unified efficient fine-tuning of 100+ language models},
  author={Zheng, Yaowei and Zhang, Richong and Zhang, Junhao and Ye, Yanhan and Luo, Zheyan and Feng, Zhangchi and Ma, Yongqiang},
  journal={arXiv preprint arXiv:2403.13372},
  year={2024}
}
@inproceedings{anaby2020not,
  title={Do not have enough data? Deep learning to the rescue!},
  author={Anaby-Tavor, Ateret and Carmeli, Boaz and Goldbraich, Esther and Kantor, Amir and Kour, George and Shlomov, Segev and Tepper, Naama and Zwerdling, Naama},
  booktitle={Proceedings of the AAAI Conference on Artificial Intelligence},
  volume={34},
  number={05},
  pages={7383--7390},
  year={2020}
}
@inproceedings{quteineh2020textual,
  title={Textual data augmentation for efficient active learning on tiny datasets},
  author={Quteineh, Husam and Samothrakis, Spyridon and Sutcliffe, Richard},
  booktitle={Proceedings of the 2020 Conference on Empirical Methods in Natural Language Processing (EMNLP)},
  pages={7400--7410},
  year={2020}
}
@inproceedings{yang2020generative,
  title={Generative Data Augmentation for Commonsense Reasoning},
  author={Yang, Yiben and Malaviya, Chaitanya and Fernandez, Jared and Swayamdipta, Swabha and Le Bras, Ronan and Wang, Ji-Ping and Bhagavatula, Chandra and Choi, Yejin and Downey, Doug},
  booktitle={Findings of the Association for Computational Linguistics: EMNLP 2020},
  pages={1008--1025},
  year={2020}
}
@inproceedings{edwards2022guiding,
  title={Guiding Generative Language Models for Data Augmentation in Few-Shot Text Classification},
  author={Edwards, Aleksandra and Ushio, Asahi and Camacho-Collados, Jose and Ribaupierre, Helene and Preece, Alun},
  booktitle={Proceedings of the Fourth Workshop on Data Science with Human-in-the-Loop (Language Advances)},
  pages={51--63},
  year={2022}
}
@inproceedings{liu2020data,
  title={Data Boost: Text Data Augmentation Through Reinforcement Learning Guided Conditional Generation},
  author={Liu, Ruibo and Xu, Guangxuan and Jia, Chenyan and Ma, Weicheng and Wang, Lili and Vosoughi, Soroush},
  booktitle={Proceedings of the 2020 Conference on Empirical Methods in Natural Language Processing (EMNLP)},
  pages={9031--9041},
  year={2020}
}
@article{balkus2022improving,
  title={Improving short text classification with augmented data using GPT-3},
  author={Balkus, Salvador V and Yan, Donghui},
  journal={Natural Language Engineering},
  pages={1--30},
  year={2022}
}
@inproceedings{cochran2023improving,
  title={Improving Automated Evaluation of Student Text Responses Using GPT-3.5 for Text Data Augmentation},
  author={Cochran, Keith and Cohn, Clayton and Rouet, Jean Francois and Hastings, Peter},
  booktitle={International Conference on Artificial Intelligence in Education},
  pages={217--228},
  year={2023},
  organization={Springer}
}
@inproceedings{yu2022can,
  title={Can data diversity enhance learning generalization?},
  author={Yu, Yu and Khadivi, Shahram and Xu, Jia},
  booktitle={Proceedings of the 29th international conference on computational linguistics},
  pages={4933--4945},
  year={2022}
}
@article{rafailov2024direct,
  title={Direct preference optimization: Your language model is secretly a reward model},
  author={Rafailov, Rafael and Sharma, Archit and Mitchell, Eric and Manning, Christopher D and Ermon, Stefano and Finn, Chelsea},
  journal={Advances in Neural Information Processing Systems},
  volume={36},
  year={2024}
}
@article{achiam2023gpt,
  title={Gpt-4 technical report},
  author={Achiam, Josh and Adler, Steven and Agarwal, Sandhini and Ahmad, Lama and Akkaya, Ilge and Aleman, Florencia Leoni and Almeida, Diogo and Altenschmidt, Janko and Altman, Sam and Anadkat, Shyamal and others},
  journal={arXiv preprint arXiv:2303.08774},
  year={2023}
}
@article{team2023gemini,
  title={Gemini: a family of highly capable multimodal models},
  author={Team, Gemini and Anil, Rohan and Borgeaud, Sebastian and Alayrac, Jean-Baptiste and Yu, Jiahui and Soricut, Radu and Schalkwyk, Johan and Dai, Andrew M and Hauth, Anja and Millican, Katie and others},
  journal={arXiv preprint arXiv:2312.11805},
  year={2023}
}
@article{hu2021lora,
  title={Lora: Low-rank adaptation of large language models},
  author={Hu, Edward J and Shen, Yelong and Wallis, Phillip and Allen-Zhu, Zeyuan and Li, Yuanzhi and Wang, Shean and Wang, Lu and Chen, Weizhu},
  journal={arXiv preprint arXiv:2106.09685},
  year={2021}
}
@article{coleman2019selection,
  title={Selection via proxy: Efficient data selection for deep learning},
  author={Coleman, Cody and Yeh, Christopher and Mussmann, Stephen and Mirzasoleiman, Baharan and Bailis, Peter and Liang, Percy and Leskovec, Jure and Zaharia, Matei},
  journal={arXiv preprint arXiv:1906.11829},
  year={2019}
}
@article{paul2021deep,
  title={Deep Learning on a Data Diet: Finding Important Examples Early in Training},
  author={Paul, Mansheej and Ganguli, Surya and Dziugaite, Gintare Karolina},
  journal={arXiv preprint arXiv:2107.07075},
  year={2021}
}
@article{swayamdipta2020dataset,
  title={Dataset cartography: Mapping and diagnosing datasets with training dynamics},
  author={Swayamdipta, Swabha and Schwartz, Roy and Lourie, Nicholas and Wang, Yizhong and Hajishirzi, Hannaneh and Smith, Noah A and Choi, Yejin},
  journal={arXiv preprint arXiv:2009.10795},
  year={2020}
}
@article{pleiss2020identifying,
  title={Identifying Mislabeled Data using the Area Under the Margin Ranking},
  author={Pleiss, Geoff and Zhang, Tianyi and Elenberg, Ethan R and Weinberger, Kilian Q},
  journal={arXiv preprint arXiv:2001.10528},
  year={2020}
}
@article{zheng2022coverage,
  title={Coverage-centric coreset selection for high pruning rates},
  author={Zheng, Haizhong and Liu, Rui and Lai, Fan and Prakash, Atul},
  journal={arXiv preprint arXiv:2210.15809},
  year={2022}
}
@article{radford2019language,
  title={Language models are unsupervised multitask learners},
  author={Radford, Alec and Wu, Jeffrey and Child, Rewon and Luan, David and Amodei, Dario and Sutskever, Ilya and others},
  journal={OpenAI blog},
  volume={1},
  number={8},
  pages={9},
  year={2019}
}
@article{zhang2024prototypical,
  title={Prototypical Reward Network for Data-Efficient RLHF},
  author={Zhang, Jinghan and Wang, Xiting and Jin, Yiqiao and Chen, Changyu and Zhang, Xinhao and Liu, Kunpeng},
  journal={arXiv preprint arXiv:2406.06606},
  year={2024}
}
@article{cegin2024effects,
  title={Effects of diversity incentives on sample diversity and downstream model performance in LLM-based text augmentation},
  author={Cegin, Jan and Pecher, Branislav and Simko, Jakub and Srba, Ivan and Bielikova, Maria and Brusilovsky, Peter},
  journal={arXiv preprint arXiv:2401.06643},
  year={2024}
}
@article{cegin2023chatgpt,
  title={Chatgpt to replace crowdsourcing of paraphrases for intent classification: Higher diversity and comparable model robustness},
  author={Cegin, Jan and Simko, Jakub and Brusilovsky, Peter},
  journal={arXiv preprint arXiv:2305.12947},
  year={2023}
}
@misc{qwen2.5,
    title = {Qwen2.5: A Party of Foundation Models},
    url = {https://qwenlm.github.io/blog/qwen2.5/},
    author = {Qwen Team},
    month = {September},
    year = {2024}
}
@inproceedings{belinkov2018synthetic,
  title={Synthetic and Natural Noise Both Break Neural Machine Translation},
  author={Belinkov, Yonatan and Bisk, Yonatan},
  booktitle={International Conference on Learning Representations},
  year={2018}
}
@article{kumar2020data,
  title={Data augmentation using pre-trained transformer models},
  author={Kumar, Varun and Choudhary, Ashutosh and Cho, Eunah},
  journal={arXiv preprint arXiv:2003.02245},
  year={2020}
}
@inproceedings{li2024empowering,
    title = "Empowering Large Language Models for Textual Data Augmentation",
    author = "Li, Yichuan  and
      Ding, Kaize  and
      Wang, Jianling  and
      Lee, Kyumin",
    booktitle = "Findings of the Association for Computational Linguistics: ACL 2024",
    month = aug,
    year = "2024",
    address = "Bangkok, Thailand",
    publisher = "Association for Computational Linguistics",
    url = "https://aclanthology.org/2024.findings-acl.756/",
    doi = "10.18653/v1/2024.findings-acl.756",
    pages = "12734--12751",
}
@inproceedings{ding2024data,
  title={Data augmentation using llms: Data perspectives, learning paradigms and challenges},
  author={Ding, Bosheng and Qin, Chengwei and Zhao, Ruochen and Luo, Tianze and Li, Xinze and Chen, Guizhen and Xia, Wenhan and Hu, Junjie and Tuan, Luu Anh and Joty, Shafiq},
  booktitle={Findings of the Association for Computational Linguistics ACL 2024},
  pages={1679--1705},
  year={2024}
}
@article{wang2024survey,
  title={A survey on data synthesis and augmentation for large language models},
  author={Wang, Ke and Zhu, Jiahui and Ren, Minjie and Liu, Zeming and Li, Shiwei and Zhang, Zongye and Zhang, Chenkai and Wu, Xiaoyu and Zhan, Qiqi and Liu, Qingjie and others},
  journal={arXiv preprint arXiv:2410.12896},
  year={2024}
}

