@misc{IB_BASE,
      title={The information bottleneck method}, 
      author={Naftali Tishby and Fernando C. Pereira and William Bialek},
      year={2000},
      eprint={physics/0004057},
      archivePrefix={arXiv},
      primaryClass={physics.data-an}
}

@INPROCEEDINGS{IB_NN,
  author={Tishby, Naftali and Zaslavsky, Noga},
  booktitle={2015 IEEE Information Theory Workshop (ITW)}, 
  title={Deep learning and the information bottleneck principle}, 
  year={2015},
  volume={},
  number={},
  pages={1-5},
  keywords={Distortion;Complexity theory;Mutual information;Bifurcation;Computer architecture;Feature extraction;Training},
  doi={10.1109/ITW.2015.7133169}
}

@inproceedings{caron2021emerging,
  title={Emerging properties in self-supervised vision transformers},
  author={Caron, Mathilde and Touvron, Hugo and Misra, Ishan and J{\'e}gou, Herv{\'e} and Mairal, Julien and Bojanowski, Piotr and Joulin, Armand},
  booktitle={Proceedings of the IEEE/CVF international conference on computer vision},
  pages={9650--9660},
  year={2021}
}

@inproceedings{chen2020simple,
  title={A simple framework for contrastive learning of visual representations},
  author={Chen, Ting and Kornblith, Simon and Norouzi, Mohammad and Hinton, Geoffrey},
  booktitle={International conference on machine learning},
  pages={1597--1607},
  year={2020},
  organization={PMLR}
}

@inproceedings{chen2021empirical,
  title={An empirical study of training self-supervised vision transformers},
  author={Chen, Xinlei and Xie, Saining and He, Kaiming},
  booktitle={Proceedings of the IEEE/CVF international conference on computer vision},
  pages={9640--9649},
  year={2021}
}

@inproceedings{chen2021exploring,
  title={Exploring simple siamese representation learning},
  author={Chen, Xinlei and He, Kaiming},
  booktitle={Proceedings of the IEEE/CVF conference on computer vision and pattern recognition},
  pages={15750--15758},
  year={2021}
}

@inproceedings{chen2023mixed,
  title={Mixed autoencoder for self-supervised visual representation learning},
  author={Chen, Kai and Liu, Zhili and Hong, Lanqing and Xu, Hang and Li, Zhenguo and Yeung, Dit-Yan},
  booktitle={Proceedings of the IEEE/CVF conference on computer vision and pattern recognition},
  pages={22742--22751},
  year={2023}
}

@inproceedings{devlin2019bert,
    title = "{BERT}: Pre-training of Deep Bidirectional Transformers for Language Understanding",
    author = "Devlin, Jacob  and
      Chang, Ming-Wei  and
      Lee, Kenton  and
      Toutanova, Kristina",
    editor = "Burstein, Jill  and
      Doran, Christy  and
      Solorio, Thamar",
    booktitle = "Proceedings of the 2019 Conference of the North {A}merican Chapter of the Association for Computational Linguistics: Human Language Technologies, Volume 1 (Long and Short Papers)",
    month = jun,
    year = "2019",
    address = "Minneapolis, Minnesota",
    publisher = "Association for Computational Linguistics",
    url = "https://aclanthology.org/N19-1423",
    doi = "10.18653/v1/N19-1423",
    pages = "4171--4186",
    abstract = "We introduce a new language representation model called BERT, which stands for Bidirectional Encoder Representations from Transformers. Unlike recent language representation models (Peters et al., 2018a; Radford et al., 2018), BERT is designed to pre-train deep bidirectional representations from unlabeled text by jointly conditioning on both left and right context in all layers. As a result, the pre-trained BERT model can be fine-tuned with just one additional output layer to create state-of-the-art models for a wide range of tasks, such as question answering and language inference, without substantial task-specific architecture modifications. BERT is conceptually simple and empirically powerful. It obtains new state-of-the-art results on eleven natural language processing tasks, including pushing the GLUE score to 80.5 (7.7 point absolute improvement), MultiNLI accuracy to 86.7{\%} (4.6{\%} absolute improvement), SQuAD v1.1 question answering Test F1 to 93.2 (1.5 point absolute improvement) and SQuAD v2.0 Test F1 to 83.1 (5.1 point absolute improvement).",
}

@article{grill2020bootstrap,
  title={Bootstrap your own latent-a new approach to self-supervised learning},
  author={Grill, Jean-Bastien and Strub, Florian and Altch{\'e}, Florent and Tallec, Corentin and Richemond, Pierre and Buchatskaya, Elena and Doersch, Carl and Avila Pires, Bernardo and Guo, Zhaohan and Gheshlaghi Azar, Mohammad and others},
  journal={Advances in neural information processing systems},
  volume={33},
  pages={21271--21284},
  year={2020}
}

@inproceedings{he2020momentum,
  title={Momentum contrast for unsupervised visual representation learning},
  author={He, Kaiming and Fan, Haoqi and Wu, Yuxin and Xie, Saining and Girshick, Ross},
  booktitle={Proceedings of the IEEE/CVF conference on computer vision and pattern recognition},
  pages={9729--9738},
  year={2020}
}

@inproceedings{he2022masked,
  title={Masked autoencoders are scalable vision learners},
  author={He, Kaiming and Chen, Xinlei and Xie, Saining and Li, Yanghao and Doll{\'a}r, Piotr and Girshick, Ross},
  booktitle={Proceedings of the IEEE/CVF conference on computer vision and pattern recognition},
  pages={16000--16009},
  year={2022}
}

@article{huang2022green,
  title={Green hierarchical vision transformer for masked image modeling},
  author={Huang, Lang and You, Shan and Zheng, Mingkai and Wang, Fei and Qian, Chen and Yamasaki, Toshihiko},
  journal={Advances in Neural Information Processing Systems},
  volume={35},
  pages={19997--20010},
  year={2022}
}

@article{huang2023contrastive,
  title={Contrastive masked autoencoders are stronger vision learners},
  author={Huang, Zhicheng and Jin, Xiaojie and Lu, Chengze and Hou, Qibin and Cheng, Ming-Ming and Fu, Dongmei and Shen, Xiaohui and Feng, Jiashi},
  journal={IEEE Transactions on Pattern Analysis and Machine Intelligence},
  year={2023},
  publisher={IEEE}
}

@inproceedings{kong2023understanding,
  title={Understanding masked image modeling via learning occlusion invariant feature},
  author={Kong, Xiangwen and Zhang, Xiangyu},
  booktitle={Proceedings of the IEEE/CVF Conference on Computer Vision and Pattern Recognition},
  pages={6241--6251},
  year={2023}
}

@article{li2022semmae,
  title={Semmae: Semantic-guided masking for learning masked autoencoders},
  author={Li, Gang and Zheng, Heliang and Liu, Daqing and Wang, Chaoyue and Su, Bing and Zheng, Changwen},
  journal={Advances in Neural Information Processing Systems},
  volume={35},
  pages={14290--14302},
  year={2022}
}

@article{liu2019roberta,
  title={Roberta: A robustly optimized bert pretraining approach},
  author={Liu, Yinhan and Ott, Myle and Goyal, Naman and Du, Jingfei and Joshi, Mandar and Chen, Danqi and Levy, Omer and Lewis, Mike and Zettlemoyer, Luke and Stoyanov, Veselin},
  journal={arXiv preprint arXiv:1907.11692},
  year={2019}
}

@inproceedings{liu2021swin,
  title={Swin transformer: Hierarchical vision transformer using shifted windows},
  author={Liu, Ze and Lin, Yutong and Cao, Yue and Hu, Han and Wei, Yixuan and Zhang, Zheng and Lin, Stephen and Guo, Baining},
  booktitle={Proceedings of the IEEE/CVF international conference on computer vision},
  pages={10012--10022},
  year={2021}
}

@inproceedings{wang2023hard,
  title={Hard patches mining for masked image modeling},
  author={Wang, Haochen and Song, Kaiyou and Fan, Junsong and Wang, Yuxi and Xie, Jin and Zhang, Zhaoxiang},
  booktitle={Proceedings of the IEEE/CVF Conference on Computer Vision and Pattern Recognition},
  pages={10375--10385},
  year={2023}
}

@article{wang2024droppos,
  title={Droppos: Pre-training vision transformers by reconstructing dropped positions},
  author={Wang, Haochen and Fan, Junsong and Wang, Yuxi and Song, Kaiyou and Wang, Tong and ZHANG, ZHAO-XIANG},
  journal={Advances in Neural Information Processing Systems},
  volume={36},
  year={2024}
}

@inproceedings{woo2023convnext,
  title={Convnext v2: Co-designing and scaling convnets with masked autoencoders},
  author={Woo, Sanghyun and Debnath, Shoubhik and Hu, Ronghang and Chen, Xinlei and Liu, Zhuang and Kweon, In So and Xie, Saining},
  booktitle={Proceedings of the IEEE/CVF Conference on Computer Vision and Pattern Recognition},
  pages={16133--16142},
  year={2023}
}

@inproceedings{xie2022simmim,
  title={Simmim: A simple framework for masked image modeling},
  author={Xie, Zhenda and Zhang, Zheng and Cao, Yue and Lin, Yutong and Bao, Jianmin and Yao, Zhuliang and Dai, Qi and Hu, Han},
  booktitle={Proceedings of the IEEE/CVF conference on computer vision and pattern recognition},
  pages={9653--9663},
  year={2022}
}

@inproceedings{xie2023revealing,
  title={Revealing the dark secrets of masked image modeling},
  author={Xie, Zhenda and Geng, Zigang and Hu, Jingcheng and Zhang, Zheng and Hu, Han and Cao, Yue},
  booktitle={Proceedings of the IEEE/CVF conference on computer vision and pattern recognition},
  pages={14475--14485},
  year={2023}
}

@article{zhang2022mask,
  title={How mask matters: Towards theoretical understandings of masked autoencoders},
  author={Zhang, Qi and Wang, Yifei and Wang, Yisen},
  journal={Advances in Neural Information Processing Systems},
  volume={35},
  pages={27127--27139},
  year={2022}
}

