@misc{IB_BASE,
      title={The information bottleneck method}, 
      author={Naftali Tishby and Fernando C. Pereira and William Bialek},
      year={2000},
      eprint={physics/0004057},
      archivePrefix={arXiv},
      primaryClass={physics.data-an}
}

@INPROCEEDINGS{IB_NN,
  author={Tishby, Naftali and Zaslavsky, Noga},
  booktitle={2015 IEEE Information Theory Workshop (ITW)}, 
  title={Deep learning and the information bottleneck principle}, 
  year={2015},
  volume={},
  number={},
  pages={1-5},
  keywords={Distortion;Complexity theory;Mutual information;Bifurcation;Computer architecture;Feature extraction;Training},
  doi={10.1109/ITW.2015.7133169}
}


@article{IB_UB,
title = {Learning and generalization with the information bottleneck},
journal = {Theoretical Computer Science},
volume = {411},
number = {29},
pages = {2696-2711},
year = {2010},
note = {Algorithmic Learning Theory (ALT 2008)},
issn = {0304-3975},
doi = {https://doi.org/10.1016/j.tcs.2010.04.006},
url = {https://www.sciencedirect.com/science/article/pii/S030439751000201X},
author = {Ohad Shamir and Sivan Sabato and Naftali Tishby},
keywords = {Statistical learning theory, Information theory, Information bottleneck, Sufficient statistics},
}

@inproceedings{he2022masked,
  title={Masked autoencoders are scalable vision learners},
  author={He, Kaiming and Chen, Xinlei and Xie, Saining and Li, Yanghao and Doll{\'a}r, Piotr and Girshick, Ross},
  booktitle={Proceedings of the IEEE/CVF conference on computer vision and pattern recognition},
  pages={16000--16009},
  year={2022}
}

@inproceedings{liu2023improving,
  title={Improving pixel-based mim by reducing wasted modeling capability},
  author={Liu, Yuan and Zhang, Songyang and Chen, Jiacheng and Yu, Zhaohui and Chen, Kai and Lin, Dahua},
  booktitle={Proceedings of the IEEE/CVF International Conference on Computer Vision},
  pages={5361--5372},
  year={2023}
}

@inproceedings{
loshchilov2018decoupled,
title={Decoupled Weight Decay Regularization},
author={Ilya Loshchilov and Frank Hutter},
booktitle={International Conference on Learning Representations},
year={2019},
url={https://openreview.net/forum?id=Bkg6RiCqY7},
}

@inproceedings{cubuk2020randaugment,
  title={Randaugment: Practical automated data augmentation with a reduced search space},
  author={Cubuk, Ekin D and Zoph, Barret and Shlens, Jonathon and Le, Quoc V},
  booktitle={Proceedings of the IEEE/CVF conference on computer vision and pattern recognition workshops},
  pages={702--703},
  year={2020}
}

@inproceedings{szegedy2016rethinking,
  title={Rethinking the inception architecture for computer vision},
  author={Szegedy, Christian and Vanhoucke, Vincent and Ioffe, Sergey and Shlens, Jon and Wojna, Zbigniew},
  booktitle={Proceedings of the IEEE conference on computer vision and pattern recognition},
  pages={2818--2826},
  year={2016}
}

@inproceedings{
zhang2018mixup,
title={mixup: Beyond Empirical Risk Minimization},
author={Hongyi Zhang and Moustapha Cisse and Yann N. Dauphin and David Lopez-Paz},
booktitle={International Conference on Learning Representations},
year={2018},
url={https://openreview.net/forum?id=r1Ddp1-Rb},
}

@article{you2017large,
  title={Large batch training of convolutional networks},
  author={You, Yang and Gitman, Igor and Ginsburg, Boris},
  journal={arXiv preprint arXiv:1708.03888},
  year={2017}
}

@article{russakovsky2015imagenet,
  title={Imagenet large scale visual recognition challenge},
  author={Russakovsky, Olga and Deng, Jia and Su, Hao and Krause, Jonathan and Satheesh, Sanjeev and Ma, Sean and Huang, Zhiheng and Karpathy, Andrej and Khosla, Aditya and Bernstein, Michael and others},
  journal={International journal of computer vision},
  volume={115},
  pages={211--252},
  year={2015},
  publisher={Springer}
}

@inproceedings{
bao2022beit,
title={{BE}iT: {BERT} Pre-Training of Image Transformers},
author={Hangbo Bao and Li Dong and Songhao Piao and Furu Wei},
booktitle={International Conference on Learning Representations},
year={2022},
url={https://openreview.net/forum?id=p-BhZSz59o4}
}

@article{liu2019roberta,
  title={Roberta: A robustly optimized bert pretraining approach},
  author={Liu, Yinhan and Ott, Myle and Goyal, Naman and Du, Jingfei and Joshi, Mandar and Chen, Danqi and Levy, Omer and Lewis, Mike and Zettlemoyer, Luke and Stoyanov, Veselin},
  journal={arXiv preprint arXiv:1907.11692},
  year={2019}
}

@inproceedings{chen2023mixed,
  title={Mixed autoencoder for self-supervised visual representation learning},
  author={Chen, Kai and Liu, Zhili and Hong, Lanqing and Xu, Hang and Li, Zhenguo and Yeung, Dit-Yan},
  booktitle={Proceedings of the IEEE/CVF conference on computer vision and pattern recognition},
  pages={22742--22751},
  year={2023}
}

@inproceedings{wang2023hard,
  title={Hard patches mining for masked image modeling},
  author={Wang, Haochen and Song, Kaiyou and Fan, Junsong and Wang, Yuxi and Xie, Jin and Zhang, Zhaoxiang},
  booktitle={Proceedings of the IEEE/CVF Conference on Computer Vision and Pattern Recognition},
  pages={10375--10385},
  year={2023}
}

@article{huang2022green,
  title={Green hierarchical vision transformer for masked image modeling},
  author={Huang, Lang and You, Shan and Zheng, Mingkai and Wang, Fei and Qian, Chen and Yamasaki, Toshihiko},
  journal={Advances in Neural Information Processing Systems},
  volume={35},
  pages={19997--20010},
  year={2022}
}

@inproceedings{woo2023convnext,
  title={Convnext v2: Co-designing and scaling convnets with masked autoencoders},
  author={Woo, Sanghyun and Debnath, Shoubhik and Hu, Ronghang and Chen, Xinlei and Liu, Zhuang and Kweon, In So and Xie, Saining},
  booktitle={Proceedings of the IEEE/CVF Conference on Computer Vision and Pattern Recognition},
  pages={16133--16142},
  year={2023}
}

@article{wang2024droppos,
  title={Droppos: Pre-training vision transformers by reconstructing dropped positions},
  author={Wang, Haochen and Fan, Junsong and Wang, Yuxi and Song, Kaiyou and Wang, Tong and ZHANG, ZHAO-XIANG},
  journal={Advances in Neural Information Processing Systems},
  volume={36},
  year={2024}
}

@inproceedings{
fang2023corrupted,
title={Corrupted Image Modeling for Self-Supervised Visual Pre-Training},
author={Yuxin Fang and Li Dong and Hangbo Bao and Xinggang Wang and Furu Wei},
booktitle={The Eleventh International Conference on Learning Representations },
year={2023},
url={https://openreview.net/forum?id=09hVcSDkea}
}

@inproceedings{devlin2019bert,
    title = "{BERT}: Pre-training of Deep Bidirectional Transformers for Language Understanding",
    author = "Devlin, Jacob  and
      Chang, Ming-Wei  and
      Lee, Kenton  and
      Toutanova, Kristina",
    editor = "Burstein, Jill  and
      Doran, Christy  and
      Solorio, Thamar",
    booktitle = "Proceedings of the 2019 Conference of the North {A}merican Chapter of the Association for Computational Linguistics: Human Language Technologies, Volume 1 (Long and Short Papers)",
    month = jun,
    year = "2019",
    address = "Minneapolis, Minnesota",
    publisher = "Association for Computational Linguistics",
    url = "https://aclanthology.org/N19-1423",
    doi = "10.18653/v1/N19-1423",
    pages = "4171--4186",
    abstract = "We introduce a new language representation model called BERT, which stands for Bidirectional Encoder Representations from Transformers. Unlike recent language representation models (Peters et al., 2018a; Radford et al., 2018), BERT is designed to pre-train deep bidirectional representations from unlabeled text by jointly conditioning on both left and right context in all layers. As a result, the pre-trained BERT model can be fine-tuned with just one additional output layer to create state-of-the-art models for a wide range of tasks, such as question answering and language inference, without substantial task-specific architecture modifications. BERT is conceptually simple and empirically powerful. It obtains new state-of-the-art results on eleven natural language processing tasks, including pushing the GLUE score to 80.5 (7.7 point absolute improvement), MultiNLI accuracy to 86.7{\%} (4.6{\%} absolute improvement), SQuAD v1.1 question answering Test F1 to 93.2 (1.5 point absolute improvement) and SQuAD v2.0 Test F1 to 83.1 (5.1 point absolute improvement).",
}

@inproceedings{xie2022simmim,
  title={Simmim: A simple framework for masked image modeling},
  author={Xie, Zhenda and Zhang, Zheng and Cao, Yue and Lin, Yutong and Bao, Jianmin and Yao, Zhuliang and Dai, Qi and Hu, Han},
  booktitle={Proceedings of the IEEE/CVF conference on computer vision and pattern recognition},
  pages={9653--9663},
  year={2022}
}

@inproceedings{liu2021swin,
  title={Swin transformer: Hierarchical vision transformer using shifted windows},
  author={Liu, Ze and Lin, Yutong and Cao, Yue and Hu, Han and Wei, Yixuan and Zhang, Zheng and Lin, Stephen and Guo, Baining},
  booktitle={Proceedings of the IEEE/CVF international conference on computer vision},
  pages={10012--10022},
  year={2021}
}

@inproceedings{lin2014microsoft,
  title={Microsoft coco: Common objects in context},
  author={Lin, Tsung-Yi and Maire, Michael and Belongie, Serge and Hays, James and Perona, Pietro and Ramanan, Deva and Doll{\'a}r, Piotr and Zitnick, C Lawrence},
  booktitle={Computer Vision--ECCV 2014: 13th European Conference, Zurich, Switzerland, September 6-12, 2014, Proceedings, Part V 13},
  pages={740--755},
  year={2014},
  organization={Springer}
}

@inproceedings{he2017mask,
  title={Mask r-cnn},
  author={He, Kaiming and Gkioxari, Georgia and Doll{\'a}r, Piotr and Girshick, Ross},
  booktitle={Proceedings of the IEEE international conference on computer vision},
  pages={2961--2969},
  year={2017}
}

@inproceedings{li2022exploring,
  title={Exploring plain vision transformer backbones for object detection},
  author={Li, Yanghao and Mao, Hanzi and Girshick, Ross and He, Kaiming},
  booktitle={European Conference on Computer Vision},
  pages={280--296},
  year={2022},
  organization={Springer}
}

@inproceedings{kirillov2023segment,
  title={Segment anything},
  author={Kirillov, Alexander and Mintun, Eric and Ravi, Nikhila and Mao, Hanzi and Rolland, Chloe and Gustafson, Laura and Xiao, Tete and Whitehead, Spencer and Berg, Alexander C and Lo, Wan-Yen and others},
  booktitle={Proceedings of the IEEE/CVF International Conference on Computer Vision},
  pages={4015--4026},
  year={2023}
}

@article{tong2022videomae,
  title={Videomae: Masked autoencoders are data-efficient learners for self-supervised video pre-training},
  author={Tong, Zhan and Song, Yibing and Wang, Jue and Wang, Limin},
  journal={Advances in neural information processing systems},
  volume={35},
  pages={10078--10093},
  year={2022}
}

@article{kingma2013auto,
  title={Auto-encoding variational bayes},
  author={Kingma, Diederik P and Welling, Max},
  journal={arXiv preprint arXiv:1312.6114},
  year={2013}
}

@inproceedings{belghazi2018mutual,
  title={Mutual information neural estimation},
  author={Belghazi, Mohamed Ishmael and Baratin, Aristide and Rajeshwar, Sai and Ozair, Sherjil and Bengio, Yoshua and Courville, Aaron and Hjelm, Devon},
  booktitle={International conference on machine learning},
  pages={531--540},
  year={2018},
  organization={PMLR}
}

@inproceedings{fang2023eva,
  title={Eva: Exploring the limits of masked visual representation learning at scale},
  author={Fang, Yuxin and Wang, Wen and Xie, Binhui and Sun, Quan and Wu, Ledell and Wang, Xinggang and Huang, Tiejun and Wang, Xinlong and Cao, Yue},
  booktitle={Proceedings of the IEEE/CVF Conference on Computer Vision and Pattern Recognition},
  pages={19358--19369},
  year={2023}
}

@inproceedings{zhou2017scene,
  title={Scene parsing through ade20k dataset},
  author={Zhou, Bolei and Zhao, Hang and Puig, Xavier and Fidler, Sanja and Barriuso, Adela and Torralba, Antonio},
  booktitle={Proceedings of the IEEE conference on computer vision and pattern recognition},
  pages={633--641},
  year={2017}
}

@inproceedings{
dosovitskiy2021an,
title={An Image is Worth 16x16 Words: Transformers for Image Recognition at Scale},
author={Alexey Dosovitskiy and Lucas Beyer and Alexander Kolesnikov and Dirk Weissenborn and Xiaohua Zhai and Thomas Unterthiner and Mostafa Dehghani and Matthias Minderer and Georg Heigold and Sylvain Gelly and Jakob Uszkoreit and Neil Houlsby},
booktitle={International Conference on Learning Representations},
year={2021},
url={https://openreview.net/forum?id=YicbFdNTTy}
}

@article{pu2016variational,
  title={Variational autoencoder for deep learning of images, labels and captions},
  author={Pu, Yunchen and Gan, Zhe and Henao, Ricardo and Yuan, Xin and Li, Chunyuan and Stevens, Andrew and Carin, Lawrence},
  journal={Advances in neural information processing systems},
  volume={29},
  year={2016}
}

@inproceedings{xiao2018unified,
  title={Unified perceptual parsing for scene understanding},
  author={Xiao, Tete and Liu, Yingcheng and Zhou, Bolei and Jiang, Yuning and Sun, Jian},
  booktitle={Proceedings of the European conference on computer vision (ECCV)},
  pages={418--434},
  year={2018}
}

@inproceedings{kong2023understanding,
  title={Understanding masked image modeling via learning occlusion invariant feature},
  author={Kong, Xiangwen and Zhang, Xiangyu},
  booktitle={Proceedings of the IEEE/CVF Conference on Computer Vision and Pattern Recognition},
  pages={6241--6251},
  year={2023}
}

@article{yue2023understanding,
  title={Understanding Masked Autoencoders From a Local Contrastive Perspective},
  author={Yue, Xiaoyu and Bai, Lei and Wei, Meng and Pang, Jiangmiao and Liu, Xihui and Zhou, Luping and Ouyang, Wanli},
  journal={arXiv preprint arXiv:2310.01994},
  year={2023}
}

@inproceedings{chen2021exploring,
  title={Exploring simple siamese representation learning},
  author={Chen, Xinlei and He, Kaiming},
  booktitle={Proceedings of the IEEE/CVF conference on computer vision and pattern recognition},
  pages={15750--15758},
  year={2021}
}

@article{grill2020bootstrap,
  title={Bootstrap your own latent-a new approach to self-supervised learning},
  author={Grill, Jean-Bastien and Strub, Florian and Altch{\'e}, Florent and Tallec, Corentin and Richemond, Pierre and Buchatskaya, Elena and Doersch, Carl and Avila Pires, Bernardo and Guo, Zhaohan and Gheshlaghi Azar, Mohammad and others},
  journal={Advances in neural information processing systems},
  volume={33},
  pages={21271--21284},
  year={2020}
}

@inproceedings{cheng2020club,
  title={Club: A contrastive log-ratio upper bound of mutual information},
  author={Cheng, Pengyu and Hao, Weituo and Dai, Shuyang and Liu, Jiachang and Gan, Zhe and Carin, Lawrence},
  booktitle={International conference on machine learning},
  pages={1779--1788},
  year={2020},
  organization={PMLR}
}

@inproceedings{chen2021empirical,
  title={An empirical study of training self-supervised vision transformers},
  author={Chen, Xinlei and Xie, Saining and He, Kaiming},
  booktitle={Proceedings of the IEEE/CVF international conference on computer vision},
  pages={9640--9649},
  year={2021}
}

@inproceedings{caron2021emerging,
  title={Emerging properties in self-supervised vision transformers},
  author={Caron, Mathilde and Touvron, Hugo and Misra, Ishan and J{\'e}gou, Herv{\'e} and Mairal, Julien and Bojanowski, Piotr and Joulin, Armand},
  booktitle={Proceedings of the IEEE/CVF international conference on computer vision},
  pages={9650--9660},
  year={2021}
}

@inproceedings{he2020momentum,
  title={Momentum contrast for unsupervised visual representation learning},
  author={He, Kaiming and Fan, Haoqi and Wu, Yuxin and Xie, Saining and Girshick, Ross},
  booktitle={Proceedings of the IEEE/CVF conference on computer vision and pattern recognition},
  pages={9729--9738},
  year={2020}
}

@inproceedings{chen2020simple,
  title={A simple framework for contrastive learning of visual representations},
  author={Chen, Ting and Kornblith, Simon and Norouzi, Mohammad and Hinton, Geoffrey},
  booktitle={International conference on machine learning},
  pages={1597--1607},
  year={2020},
  organization={PMLR}
}

@article{huang2023contrastive,
  title={Contrastive masked autoencoders are stronger vision learners},
  author={Huang, Zhicheng and Jin, Xiaojie and Lu, Chengze and Hou, Qibin and Cheng, Ming-Ming and Fu, Dongmei and Shen, Xiaohui and Feng, Jiashi},
  journal={IEEE Transactions on Pattern Analysis and Machine Intelligence},
  year={2023},
  publisher={IEEE}
}

@article{zhang2022mask,
  title={How mask matters: Towards theoretical understandings of masked autoencoders},
  author={Zhang, Qi and Wang, Yifei and Wang, Yisen},
  journal={Advances in Neural Information Processing Systems},
  volume={35},
  pages={27127--27139},
  year={2022}
}

@article{li2022semmae,
  title={Semmae: Semantic-guided masking for learning masked autoencoders},
  author={Li, Gang and Zheng, Heliang and Liu, Daqing and Wang, Chaoyue and Su, Bing and Zheng, Changwen},
  journal={Advances in Neural Information Processing Systems},
  volume={35},
  pages={14290--14302},
  year={2022}
}

@inproceedings{
pan2023towards,
title={Towards Understanding Why Mask Reconstruction Pretraining Helps in Downstream Tasks},
author={Jiachun Pan and Pan Zhou and Shuicheng YAN},
booktitle={The Eleventh International Conference on Learning Representations },
year={2023},
url={https://openreview.net/forum?id=PaEUQiY40Dk}
}

@article{
liu2024pixmim,
title={Pix{MIM}: Rethinking Pixel Reconstruction in Masked Image Modeling},
author={Yuan Liu and Songyang Zhang and Jiacheng Chen and Kai Chen and Dahua Lin},
journal={Transactions on Machine Learning Research},
issn={2835-8856},
year={2024},
url={https://openreview.net/forum?id=qyfz0QrkqP},
note={}
}

@inproceedings{xie2023revealing,
  title={Revealing the dark secrets of masked image modeling},
  author={Xie, Zhenda and Geng, Zigang and Hu, Jingcheng and Zhang, Zheng and Hu, Han and Cao, Yue},
  booktitle={Proceedings of the IEEE/CVF conference on computer vision and pattern recognition},
  pages={14475--14485},
  year={2023}
}

@article{oord2018representation,
  title={Representation learning with contrastive predictive coding},
  author={Oord, Aaron van den and Li, Yazhe and Vinyals, Oriol},
  journal={arXiv preprint arXiv:1807.03748},
  year={2018}
}

@article{hendrycks2019robustness,
  title={Benchmarking Neural Network Robustness to Common Corruptions and Perturbations},
  author={Dan Hendrycks and Thomas Dietterich},
  journal={Proceedings of the International Conference on Learning Representations},
  year={2019}
}

@article{hendrycks2021nae,
  title={Natural Adversarial Examples},
  author={Dan Hendrycks and Kevin Zhao and Steven Basart and Jacob Steinhardt and Dawn Song},
  journal={CVPR},
  year={2021}
}

@article{paninski2003estimation,
  title={Estimation of entropy and mutual information},
  author={Paninski, Liam},
  journal={Neural computation},
  volume={15},
  number={6},
  pages={1191--1253},
  year={2003},
  publisher={MIT Press}
}