@article{ghosh2023energy,
  title={Energy-efficient compressive sensing based data gathering and scheduling in wireless sensor networks},
  author={Ghosh, Nimisha and Banerjee, Indrajit},
  journal={Wireless Personal Communications},
  volume={128},
  number={4},
  pages={2589--2618},
  year={2023},
  publisher={Springer}
}

@article{hasan2023efficient,
  title={Efficient and secured mechanisms for data link in IoT WSNs: A literature review},
  author={Hasan, Muhammad Zulkifl and Mohd Hanapi, Zurina},
  journal={Electronics},
  volume={12},
  number={2},
  pages={458},
  year={2023},
  publisher={MDPI}
}

@article{jia2024low,
  title={Low Overhead Minimum Variance Time Synchronization for Time-Sensitive Wireless Sensor Networks},
  author={Jia, Zhian and Cui, Dongliang and Dai, Xuewu and Liu, Zhi-Wei and Liu, Shuxin and Chai, Tianyou},
  journal={IEEE Transactions on Automation Science and Engineering},
  year={2024},
  publisher={IEEE}
}

@article{li2020edge,
  title={Edge computing-enabled wireless sensor networks for multiple data collection tasks in smart agriculture},
  author={Li, Xiaomin and Zhu, Lixue and Chu, Xuan and Fu, Han},
  journal={Journal of Sensors},
  volume={2020},
  number={1},
  pages={4398061},
  year={2020},
  publisher={Wiley Online Library}
}

@article{lloret2021wireless,
  title={A wireless sensor network deployment for soil moisture monitoring in precision agriculture},
  author={Lloret, Jaime and Sendra, Sandra and Garcia, Laura and Jimenez, Jose M},
  journal={Sensors},
  volume={21},
  number={21},
  pages={7243},
  year={2021},
  publisher={MDPI}
}

@article{lubken2024adaptive,
  title={An Adaptive Approach to Time Synchronization for Wireless Sensors Under Extreme Conditions},
  author={L{\"u}bken, Andre and F{\"o}rster, Anna},
  journal={IEEE Sensors Journal},
  year={2024},
  publisher={IEEE}
}

@article{muzafarov2019wireless,
  title={Wireless sensor network based monitoring system for precision agriculture in Uzbekistan},
  author={Muzafarov, Farruh and Eshmuradov, Abdimurod},
  journal={Telkomnika (Telecommunication Computing Electronics and Control)},
  volume={17},
  number={3},
  pages={1071--1080},
  year={2019}
}

@article{rodriguez2020autonomous,
  title={Autonomous sensor network for rural agriculture environments, low cost, and energy self-charge},
  author={Rodr{\'\i}guez-Robles, Javier and Martin, {\'A}lvaro and Martin, Sergio and Ruip{\'e}rez-Valiente, Jos{\'e} A and Castro, Manuel},
  journal={Sustainability},
  volume={12},
  number={15},
  pages={5913},
  year={2020},
  publisher={MDPI}
}

@article{saqib2020low,
  title={A low-cost information monitoring system for smart farming applications},
  author={Saqib, Muhammad and Almohamad, Tarik Adnan and Mehmood, Raja Majid},
  journal={Sensors},
  volume={20},
  number={8},
  pages={2367},
  year={2020},
  publisher={MDPI}
}

@article{senoo2023monitoring,
  title={Monitoring and control framework for iot, implemented for smart agriculture},
  author={Senoo, Elisha Elikem Kofi and Akansah, Ebenezer and Mendon{\c{c}}a, Israel and Aritsugi, Masayoshi},
  journal={Sensors},
  volume={23},
  number={5},
  pages={2714},
  year={2023},
  publisher={MDPI}
}

@article{shafi2019precision,
  title={Precision agriculture techniques and practices: From considerations to applications},
  author={Shafi, Uferah and Mumtaz, Rafia and Garc{\'\i}a-Nieto, Jos{\'e} and Hassan, Syed Ali and Zaidi, Syed Ali Raza and Iqbal, Naveed},
  journal={Sensors},
  volume={19},
  number={17},
  pages={3796},
  year={2019},
  publisher={MDPI}
}

@inproceedings{sichitiu2003simple,
  title={Simple, accurate time synchronization for wireless sensor networks},
  author={Sichitiu, Mihail L and Veerarittiphan, Chanchai},
  booktitle={2003 IEEE Wireless Communications and Networking, 2003. WCNC 2003.},
  volume={2},
  pages={1266--1273},
  year={2003},
  organization={IEEE}
}

@article{skiadopoulos2019synchronization,
  title={Synchronization of data measurements in wireless sensor networks for IoT applications},
  author={Skiadopoulos, Konstantinos and Tsipis, Athanasios and Giannakis, Konstantinos and Koufoudakis, George and Christopoulou, Eleni and Oikonomou, Konstantinos and Kormentzas, George and Stavrakakis, Ioannis},
  journal={Ad Hoc Networks},
  volume={89},
  pages={47--57},
  year={2019},
  publisher={Elsevier}
}

@article{tagarakis2021low,
  title={Low-cost wireless sensing system for precision agriculture applications in orchards},
  author={Tagarakis, Aristotelis C and Kateris, Dimitrios and Berruto, Remigio and Bochtis, Dionysis},
  journal={Applied Sciences},
  volume={11},
  number={13},
  pages={5858},
  year={2021},
  publisher={MDPI}
}

@article{thakur2019applicability,
  title={Applicability of wireless sensor networks in precision agriculture: A review},
  author={Thakur, Divyansh and Kumar, Yugal and Kumar, Arvind and Singh, Pradeep Kumar},
  journal={Wireless Personal Communications},
  volume={107},
  pages={471--512},
  year={2019},
  publisher={Springer}
}

@article{tiglao2020agrinex,
  title={Agrinex: A low-cost wireless mesh-based smart irrigation system},
  author={Tiglao, Nestor Michael and Alipio, Melchizedek and Balanay, Jezy Verence and Saldivar, Eunice and Tiston, Jean Louise},
  journal={Measurement},
  volume={161},
  pages={107874},
  year={2020},
  publisher={Elsevier}
}

@article{wajgi2024localization,
  title={Localization in wireless sensor networks and wireless multimedia sensor networks using clustering techniques},
  author={Wajgi, Dipak W and Tembhurne, Jitendra V},
  journal={Multimedia Tools and Applications},
  volume={83},
  number={3},
  pages={6829--6879},
  year={2024},
  publisher={Springer}
}

@article{wang2023clock,
  title={Clock synchronization with partial timestamp information for wireless sensor networks},
  author={Wang, Heng and Lu, Rui and Peng, Zhengcen and Li, Min},
  journal={Signal Processing},
  volume={209},
  pages={109036},
  year={2023},
  publisher={Elsevier}
}

@article{zervopoulos2020wireless,
  title={Wireless sensor network synchronization for precision agriculture applications},
  author={Zervopoulos, Alexandros and Tsipis, Athanasios and Alvanou, Aikaterini Georgia and Bezas, Konstantinos and Papamichail, Asterios and Vergis, Spiridon and Stylidou, Andreana and Tsoumanis, Georgios and Komianos, Vasileios and Koufoudakis, George and others},
  journal={Agriculture},
  volume={10},
  number={3},
  pages={89},
  year={2020},
  publisher={MDPI}
}

@article{zuev2023wireless,
  title={Wireless sensor synchronization method for monitoring short-term events},
  author={Zuev, Andrey and Karaman, Dmytro and Olshevskiy, Andrey},
  journal={Advanced Information Systems},
  volume={7},
  number={4},
  pages={33--40},
  year={2023}
}

