@article{Ammu2013,
 title={Big data challenges},
author={Nrusimham Ammu and Mohd Irfanuddin and others},
journal={International Journal of Advanced Trends in Computer Science and Engineering},
volume={2},
number={1},
pages={613--615},
year={2013},
publisher={Citeseer}
}

@article{Bayram2023,
title={DQSOps: Data Quality Scoring Operations Framework for Data-Driven Applications},
journal={arXiv preprint arXiv:2303.15068},
year={2023},
author={Firas Bayram and Bestoun S Ahmed and Erik Hallin and Anton Engman}
}

@ARTICLE{Byabazaire2022,
author={John Byabazaire and Gregory M.P. O’Hare and Declan T. Delaney},
journal={IEEE Sensors Journal}, 
title={End-to-End Data Quality Assessment Using Trust for Data Shared IoT Deployments}, 
year={2022},
volume={22},
number={20},
pages={19995-20009},
doi={10.1109/JSEN.2022.3203853}
}

@inproceedings{Chen2019,
title={A practical framework for evaluating the quality of knowledge graph},
booktitle={Knowledge Graph and Semantic Computing: Knowledge Computing and Language Understanding: 4th China Conference, CCKS 2019, Hangzhou, China, August 24--27, 2019, Revised Selected Papers 4},
pages={111--122},
year={2019},
organization={Springer},
author={Haihua Chen and Gaohui Cao and Jiangping Chen and Junhua Ding}
}

@ARTICLE{Chen2021,
author={Haihua Chen and Jiangping Chen and Junhua Ding},
journal={IEEE Transactions on Reliability}, 
title={Data Evaluation and Enhancement for Quality Improvement of Machine Learning}, 
year={2021},
volume={70},
number={2},
pages={831-847},
doi={10.1109/TR.2021.3070863}
}

@ARTICLE{Cichy2019,
author={Corinna Cichy and Stefan Rass},
journal={IEEE Access}, 
title={An Overview of Data Quality Frameworks}, 
year={2019},
volume={7},
number={},
pages={24634-24648},
doi={10.1109/ACCESS.2019.2899751}
}

@Article{Corrales2018,
TITLE = {From Theory to Practice: A Data Quality Framework for Classification Tasks},
JOURNAL = {Symmetry},
VOLUME = {10},
YEAR = {2018},
NUMBER = {7},
ARTICLE-NUMBER = {248},
URL = {https://www.mdpi.com/2073-8994/10/7/248},
ISSN = {2073-8994},
DOI = {10.3390/sym10070248},
AUTHOR = {David Camilo Corrales and Agapito Ledezma and Juan Carlos Corrales}
}

@article{Ding2019,
title={A case study of the augmentation and evaluation of training data for deep learning},
journal={Journal of Data and Information Quality (JDIQ)},
volume={11},
number={4},
pages={1--22},
year={2019},
publisher={ACM New York, NY, USA},
author={Junhua Ding and Xinchuan Li and Xiaojun Kang and Venkat N Gudivada}
}

@article{ENMARK2022,
title = {Building machine-learning-based models for retention time and resolution predictions in ion pair chromatography of oligonucleotides},
journal = {Journal of Chromatography A},
volume = {1671},
pages = {462999},
year = {2022},
issn = {0021-9673},
doi = {https://doi.org/10.1016/j.chroma.2022.462999},
url = {https://www.sciencedirect.com/science/article/pii/S0021967322001972},
author = {Martin Enmark and Jakob Häggström and Jörgen Samuelsson and Torgny Fornstedt}
}

@article{FORNSTEDT2023,
title = {Separation of therapeutic oligonucleotides using ion-pair reversed-phase chromatography based on fundamental separation science},
journal = {Journal of Chromatography Open},
volume = {3},
pages = {100079},
year = {2023},
issn = {2772-3917},
doi = {https://doi.org/10.1016/j.jcoa.2023.100079},
url = {https://www.sciencedirect.com/science/article/pii/S2772391723000038},
author = {Torgny Fornstedt and Martin Enmark} 
}

@article{Fan2014,
author = {Jianqing Fan and Fang Han and Han Liu},
title = {Challenges of Big Data analysis},
journal = {National Science Review},
volume = {1},
number = {2},
pages = {293-314},
year = {2014},
month = {02},
issn = {2095--5138},
doi = {10.1093/nsr/nwt032},
url = {https://doi.org/10.1093/nsr/nwt032}
}

@incollection{Felinger1998,
title = {1 Introduction},
editor = {Attila Felinger},
series = {Data Handling in Science and Technology},
publisher = {Elsevier},
volume = {21},
pages = {1--3},
year = {1998},
booktitle = {Data Analysis and Signal Processing in Chromatography},
issn = {0922-3487},
doi = {https://doi.org/10.1016/S0922-3487(98)80020-8},
url = {https://www.sciencedirect.com/science/article/pii/S0922348798800208}
}

@article{Firmani2016,
year = {2016},
month = {03},
pages = {},
title = {On the Meaningfulness of “Big Data Quality” (Invited Paper)},
volume = {1},
journal = {Data Science and Engineering},
doi = {10.1007/s41019-015-0004-7},
author = {Donatella Firmani and Massimo Mecella and Monica Scannapieco and Carlo Batini}
}

@inproceedings{Foidl2019,
title = {Risk-Based Data Validation in Machine Learning-Based Software Systems},
year = {2019},
isbn = {9781450368551},
publisher = {Association for Computing Machinery},
address = {New York, NY, USA},
url = {https://doi.org/10.1145/3340482.3342743},
doi = {10.1145/3340482.3342743},
booktitle = {Proceedings of the 3rd ACM SIGSOFT International Workshop on Machine Learning Techniques for Software Quality Evaluation},
pages = {13--18},
numpages = {6},
location = {Tallinn, Estonia},
series = {MaLTeSQuE 2019},
author = {Harald Foidl and Michael Felderer}
}

@article{Gudivada2017,
year = {2017},
month = {07},
pages = {1--20},
title = {Data Quality Considerations for Big Data and Machine Learning: Going Beyond Data Cleaning and Transformations},
volume = {10},
journal = {International Journal on Advances in Software},
author = {Venkat N. Gudivada and Amy Apon and and Junhua Ding}
}

@article{JOHNSEN2017,
title = {Gas chromatography – mass spectrometry data processing made easy},
journal = {Journal of Chromatography A},
volume = {1503},
pages = {57-64},
year = {2017},
issn = {0021--9673},
doi = {https://doi.org/10.1016/j.chroma.2017.04.052},
url = {https://www.sciencedirect.com/science/article/pii/S0021967317306489},
author = {Lea G. Johnsen and Peter B. Skou and Bekzod Khakimov and Rasmus Bro}
}

@INPROCEEDINGS{Juneja2019,
author={Ashish Juneja and Nripendra Narayan Das},
booktitle={2019 International Conference on Machine Learning, Big Data, Cloud and Parallel Computing (COMITCon)}, 
title={Big Data Quality Framework: Pre-Processing Data in Weather Monitoring Application}, 
year={2019},
volume={},
number={},
pages={559-563},
doi={10.1109/COMITCon.2019.8862267}
}

@inproceedings{Katal2013,
title={Big data: issues, challenges, tools and good practices},
booktitle={2013 Sixth international conference on contemporary computing (IC3)},
pages={404--409},
year={2013},
organization={IEEE},
author={Avita Katal and Mohammad Wazid and Rayan H Goudar}
}

@article{Krasikov2023,
 title = {A Method to Screen, Assess, and Prepare Open Data for Use: A Method to Screen, Assess, and Prepare Open Data for Use},
 year = {2023},
 issue_date = {December 2023},
 publisher = {Association for Computing Machinery},
 address = {New York, NY, USA},
 volume = {15},
 number = {4},
 issn = {1936-1955},
 url = {https://doi.org/10.1145/3603708},
 doi = {10.1145/3603708},
 journal = {J. Data and Information Quality},
 month = {nov},
 articleno = {43},
 numpages = {25},
 author = {Krasikov, Pavel and Legner, Christine},
}

@Article{Liebal2020,
TITLE = {Machine Learning Applications for Mass Spectrometry-Based Metabolomics},
JOURNAL = {Metabolites},
VOLUME = {10},
YEAR = {2020},
NUMBER = {6},
ARTICLE-NUMBER = {243},
URL = {https://www.mdpi.com/2218-1989/10/6/243},
PubMedID = {32545768},
ISSN = {2218-1989},
DOI = {10.3390/metabo10060243},
AUTHOR = { Ulf W. Liebal and An N. T. Phan and Malvika Sudhakar and Karthik Raman and Lars M. Blank},
}

@article{Luzzu2016,
 title = {Luzzu—A Methodology and Framework for Linked Data Quality Assessment},
 year = {2016},
 issue_date = {November 2016},
 publisher = {Association for Computing Machinery},
 address = {New York, NY, USA},
 volume = {8},
 number = {1},
 issn = {1936-1955},
 url = {https://doi.org/10.1145/2992786},
 doi = {10.1145/2992786},
 journal = {J. Data and Information Quality},
 month = {oct},
 articleno = {4},
 numpages = {32},
 author = {Debattista, Jeremy and Auer, S\"{O}ren and Lange, Christoph}
}

@article{Nayak2021,
  title={(Linked) Data Quality Assessment: An Ontological Approach},
  year={2021},
  publisher={Technological University Dublin},
  author={Nayak, Aparna and Bozic, Bojan and Longo, Luca}
}

@article{Patel2023,
  title={A data centric AI framework for automating exploratory data analysis and data quality tasks},
  journal={ACM Journal of Data and Information Quality},
  year={2023},
  publisher={ACM New York, NY},
  author={Patel, Hima and Guttula, Shanmukha and Gupta, Nitin and Hans, Sandeep and Mittal, Ruhi Sharma and N, Lokesh}
}

@INPROCEEDINGS{Poon2021,
booktitle={2021 IEEE International Conference on Big Data (Big Data)}, 
title={Unsupervised Anomaly Detection in Data Quality Control}, 
year={2021},
volume={},
number={},
pages={2327-2336},
doi={10.1109/BigData52589.2021.9671672},
author={Lex Poon and Siamak Farshidi and Na Li and Zhiming Zhao}
}

@article{RISUM2019,
title = {Using deep learning to evaluate peaks in chromatographic data},
journal = {Talanta},
volume = {204},
pages = {255--260},
year = {2019},
issn = {0039-9140},
doi = {https://doi.org/10.1016/j.talanta.2019.05.053},
url = {https://www.sciencedirect.com/science/article/pii/S0039914019305375},
author = {Anne Bech Risum and Rasmus Bro}
}

@article{Thabet2015,
title={Big data challenges},
journal={J Comput Eng Inf Technol 4: 3. doi: http://dx. doi. org/10.4172/2324},
volume={9307},
number={2},
year={2015},
author={Nasser Thabet and Tariq Rahim Soomro}
}

@article{Thakur2022,
title = {A perspective on oligonucleotide therapy: Approaches to patient customization},
journal = {Frontiers in Pharmacology},
volume = {13},
pages = {},
year = {2022},
issn = {1663-9812},
doi = {10.3389/fphar.2022.1006304},
url = {https://www.frontiersin.org/articles/10.3389/fphar.2022.1006304},
author = {Shikha Thakur and Apurba Sinhari and Priti Jain and Hemant R. Jadhav}
}

@article{Wand1996,
title = {Anchoring Data Quality Dimensions in Ontological Foundations},
year = {1996},
issue_date = {Nov. 1996},
publisher = {Association for Computing Machinery},
address = {New York, NY, USA},
volume = {39},
number = {11},
issn = {0001-0782},
url = {https://doi.org/10.1145/240455.240479},
doi = {10.1145/240455.240479},
journal = {Commun. ACM},
month = {nov},
pages = {86–95},
numpages = {10},
author = {Yair Wand and Richard Y. Wang}
}

@article{WangStrong1996,
title = {Beyond Accuracy: What Data Quality Means to Data Consumers},
journal = {Journal of Management Information Systems},
volume = {12},
number = {4},
pages = {5--33},
year  = {1996},
publisher = {Routledge},
doi = {10.1080/07421222.1996.11518099},
url = {https://doi.org/10.1080/07421222.1996.11518099},
author = {Richard Y. Wang and Diane M. Strong}
}

@article{YANG2019,
title = {Deep learning for vibrational spectral analysis: Recent progress and a practical guide},
journal = {Analytica Chimica Acta},
volume = {1081},
pages = {6--17},
year = {2019},
issn = {0003-2670},
doi = {https://doi.org/10.1016/j.aca.2019.06.012},
url = {https://www.sciencedirect.com/science/article/pii/S0003267019307342},
author = {Jie Yang and Jinfan Xu and Xiaolei Zhang and Chiyu Wu and Tao Lin and Yibin Ying}
}

@article{ZHANG2019,
title = {DeepSpectra: An end-to-end deep learning approach for quantitative spectral analysis},
journal = {Analytica Chimica Acta},
volume = {1058},
pages = {48-57},
year = {2019},
issn = {0003-2670},
doi = {https://doi.org/10.1016/j.aca.2019.01.002},
url = {https://www.sciencedirect.com/science/article/pii/S0003267019300169},
author = {Xiaolei Zhang and Tao Lin and Jinfan Xu and Xuan Luo and Yibin Ying}
}

@article{batini2009,
title={Methodologies for data quality assessment and improvement},
journal={ACM computing surveys (CSUR)},
volume={41},
number={3},
pages={1--52},
year={2009},
publisher={ACM New York, NY, USA},
author={Carlo Batini and Cinzia Cappiello and Chiara Francalanci and Andrea Maurino}
}

@article{nikiforova2020,
title={Definition and evaluation of data quality: User-oriented data object-driven approach to data quality assessment},
journal={Baltic Journal of Modern Computing},
volume={8},
number={3},
pages={391--432},
year={2020},
publisher={University of Latvia},
author={Anastasija Nikiforova} 
}

@article{taleb2021,
title={Big data quality framework: a holistic approach to continuous quality management},
journal={Journal of Big Data},
volume={8},
number={1},
pages={1--41},
year={2021},
publisher={SpringerOpen},
author={Ikbal Taleb and Mohamed Adel Serhani and Chafik Bouhaddioui and Rachida Dssouli}
}

