
% Journals

% First the Full Name is given, then the abbreviation used in the AMS Math
% Reviews, with an indication if it could not be found there.
% Note the 2nd overwrites the 1st, so swap them if you want the full name.

 %{AMS}
 @String{AMSTrans = "American Mathematical Society Translations" }
 @String{AMSTrans = "Amer. Math. Soc. Transl." }
 @String{BullAMS = "Bulletin of the American Mathematical Society" }
 @String{BullAMS = "Bull. Amer. Math. Soc." }
 @String{ProcAMS = "Proceedings of the American Mathematical Society" }
 @String{ProcAMS = "Proc. Amer. Math. Soc." }
 @String{TransAMS = "Transactions of the American Mathematical Society" }
 @String{TransAMS = "Trans. Amer. Math. Soc." }

 %ACM
 @String{CACM = "Communications of the {ACM}" }
 @String{CACM = "Commun. {ACM}" }
 @String{CompServ = "Comput. Surveys" }
 @String{JACM = "J. ACM" }
 @String{ACMMathSoft = "{ACM} Transactions on Mathematical Software" }
 @String{ACMMathSoft = "{ACM} Trans. Math. Software" }
 @String{SIGNUM = "{ACM} {SIGNUM} Newsletter" }
 @String{SIGNUM = "{ACM} {SIGNUM} Newslett." }

 @String{AmerSocio = "American Journal of Sociology" }
 @String{AmerStatAssoc = "Journal of the American Statistical Association" }
 @String{AmerStatAssoc = "J. Amer. Statist. Assoc." }
 @String{ApplMathComp = "Applied Mathematics and Computation" }
 @String{ApplMathComp = "Appl. Math. Comput." }
 @String{AmerMathMonthly = "American Mathematical Monthly" }
 @String{AmerMathMonthly = "Amer. Math. Monthly" }
 @String{BIT = "{BIT}" }
 @String{BritStatPsych = "British Journal of Mathematical and Statistical
          Psychology" }
 @String{BritStatPsych = "Brit. J. Math. Statist. Psych." }
 @String{CanMathBull = "Canadian Mathematical Bulletin" }
 @String{CanMathBull = "Canad. Math. Bull." }
 @String{CompApplMath = "Journal of Computational and Applied Mathematics" }
 @String{CompApplMath = "J. Comput. Appl. Math." }
 @String{CompPhys = "Journal of Computational Physics" }
 @String{CompPhys = "J. Comput. Phys." }
 @String{CompStruct = "Computers and Structures" }
 @String{CompStruct = "Comput. \& Structures" }
 @String{CompJour = "The Computer Journal" }
 @String{CompJour = "Comput. J." }
 @String{CompSysSci = "Journal of Computer and System Sciences" }
 @String{CompSysSci = "J. Comput. System Sci." }
 @String{Computing = "Computing" }
 @String{ContempMath = "Contemporary Mathematics" }
 @String{ContempMath = "Contemp. Math." }
 @String{Crelle = "Crelle's Journal" }
 @String{GiornaleMath = "Giornale di Mathematiche" }
 @String{GiornaleMath = "Giorn. Mat." } % didn't find in AMS MR., ibid.

 %IEEE
 @String{Computer = "{IEEE} Computer" }
 @String{IEEETransComp = "{IEEE} Transactions on Computers" }
 @String{IEEETransComp = "{IEEE} Trans. Comput." }
 @String{IEEETransAC = "{IEEE} Transactions on Automatic Control" }
 @String{IEEETransAC = "{IEEE} Trans. Automat. Control" }
 @String{IEEESpec = "{IEEE} Spectrum" } % didn't find in AMS MR
 @String{ProcIEEE = "Proceedings of the {IEEE}" }
 @String{ProcIEEE = "Proc. {IEEE}" } % didn't find in AMS MR
 @String{IEEETransAeroElec = "{IEEE} Transactions on Aerospace and Electronic
     Systems" }
 @String{IEEETransAeroElec = "{IEEE} Trans. Aerospace Electron. Systems" }

 @String{IMANumerAna = "{IMA} Journal of Numerical Analysis" }
 @String{IMANumerAna = "{IMA} J. Numer. Anal." }
 @String{InfProcLet = "Information Processing Letters" }
 @String{InfProcLet = "Inform. Process. Lett." }
 @String{InstMathApp = "Journal of the Institute of Mathematics and
     its Applications" }
 @String{InstMathApp = "J. Inst. Math. Appl." }
 @String{IntControl = "International Journal of Control" }
 @String{IntControl = "Internat. J. Control" }
 @String{IntNumerEng = "International Journal for Numerical Methods in
     Engineering" }
 @String{IntNumerEng = "Internat. J. Numer. Methods Engrg." }
 @String{IntSuper = "International Journal of Supercomputing Applications" }
 @String{IntSuper = "Internat. J. Supercomputing Applic." } % didn't find
%% in AMS MR
 @String{Kibernetika = "Kibernetika" }
 @String{JResNatBurStand = "Journal of Research of the National Bureau
     of Standards" }
 @String{JResNatBurStand = "J. Res. Nat. Bur. Standards" }
 @String{LinAlgApp = "Linear Algebra and its Applications" }
 @String{LinAlgApp = "Linear Algebra Appl." }
 @String{MathAnaAppl = "Journal of Mathematical Analysis and Applications" }
 @String{MathAnaAppl = "J. Math. Anal. Appl." }
 @String{MathAnnalen = "Mathematische Annalen" }
 @String{MathAnnalen = "Math. Ann." }
 @String{MathPhys = "Journal of Mathematical Physics" }
 @String{MathPhys = "J. Math. Phys." }
 @String{MathComp = "Mathematics of Computation" }
 @String{MathComp = "Math. Comp." }
 @String{MathScand = "Mathematica Scandinavica" }
 @String{MathScand = "Math. Scand." }
 @String{TablesAidsComp = "Mathematical Tables and Other Aids to Computation" }
 @String{TablesAidsComp = "Math. Tables Aids Comput." }
 @String{NumerMath = "Numerische Mathematik" }
 @String{NumerMath = "Numer. Math." }
 @String{PacificMath = "Pacific Journal of Mathematics" }
 @String{PacificMath = "Pacific J. Math." }
 @String{ParDistComp = "Journal of Parallel and Distributed Computing" }
 @String{ParDistComp = "J. Parallel and Distrib. Comput." } % didn't find
%% in AMS MR
 @String{ParComputing = "Parallel Computing" }
 @String{ParComputing = "Parallel Comput." }
 @String{PhilMag = "Philosophical Magazine" }
 @String{PhilMag = "Philos. Mag." }
 @String{ProcNAS = "Proceedings of the National Academy of Sciences
                    of the USA" }
 @String{ProcNAS = "Proc. Nat. Acad. Sci. U. S. A." }
 @String{Psychometrika = "Psychometrika" }
 @String{QuartMath = "Quarterly Journal of Mathematics, Oxford, Series (2)" }
 @String{QuartMath = "Quart. J. Math. Oxford Ser. (2)" }
 @String{QuartApplMath = "Quarterly of Applied Mathematics" }
 @String{QuartApplMath = "Quart. Appl. Math." }
 @String{RevueInstStat = "Review of the International Statisical Institute" }
 @String{RevueInstStat = "Rev. Inst. Internat. Statist." }

 %SIAM
 @String{JSIAM = "Journal of the Society for Industrial and Applied
     Mathematics" }
 @String{JSIAM = "J. Soc. Indust. Appl. Math." }
 @String{JSIAMB = "Journal of the Society for Industrial and Applied
     Mathematics, Series B, Numerical Analysis" }
 @String{JSIAMB = "J. Soc. Indust. Appl. Math. Ser. B Numer. Anal." }
 @String{SIAMAlgMeth = "{SIAM} Journal on Algebraic and Discrete Methods" }
 @String{SIAMAlgMeth = "{SIAM} J. Algebraic Discrete Methods" }
 @String{SIAMAppMath = "{SIAM} Journal on Applied Mathematics" }
 @String{SIAMAppMath = "{SIAM} J. Appl. Math." }
 @String{SIAMComp = "{SIAM} Journal on Computing" }
 @String{SIAMComp = "{SIAM} J. Comput." }
 @String{SIAMMatrix = "{SIAM} Journal on Matrix Analysis and Applications" }
 @String{SIAMMatrix = "{SIAM} J. Matrix Anal. Appl." }
 @String{SIAMNumAnal = "{SIAM} Journal on Numerical Analysis" }
 @String{SIAMNumAnal = "{SIAM} J. Numer. Anal." }
 @String{SIAMReview = "{SIAM} Review" }
 @String{SIAMReview = "{SIAM} Rev." }
 @String{SIAMSciStat = "{SIAM} Journal on Scientific and Statistical
     Computing" }
 @String{SIAMSciStat = "{SIAM} J. Sci. Statist. Comput." }

 @String{SoftPracExp = "Software Practice and Experience" }
 @String{SoftPracExp = "Software Prac. Experience" } % didn't find in AMS MR
 @String{StatScience = "Statistical Science" }
 @String{StatScience = "Statist. Sci." }
 @String{Techno = "Technometrics" }
 @String{USSRCompMathPhys = "{USSR} Computational Mathematics and Mathematical
     Physics" }
 @String{USSRCompMathPhys = "{U. S. S. R.} Comput. Math. and Math. Phys." }
 @String{VLSICompSys = "Journal of {VLSI} and Computer Systems" }
 @String{VLSICompSys = "J. {VLSI} Comput. Syst." }
 @String{ZAngewMathMech = "Zeitschrift fur Angewandte Mathematik und
     Mechanik" }
 @String{ZAngewMathMech = "Z. Angew. Math. Mech." }
 @String{ZAngewMathPhys = "Zeitschrift fur Angewandte Mathematik und Physik" }
 @String{ZAngewMathPhys = "Z. Angew. Math. Phys." }

% Publishers % ================================================= |

 @String{Academic = "Academic Press" }
 @String{ACMPress = "{ACM} Press" }
 @String{AdamHilger = "Adam Hilger" }
 @String{AddisonWesley = "Addison-Wesley" }
 @String{AllynBacon = "Allyn and Bacon" }
 @String{AMS = "American Mathematical Society" }
 @String{Birkhauser = "Birkha{\"u}ser" }
 @String{CambridgePress = "Cambridge University Press" }
 @String{Chelsea = "Chelsea" }
 @String{ClaredonPress = "Claredon Press" }
 @String{DoverPub = "Dover Publications" }
 @String{Eyolles = "Eyolles" }
 @String{HoltRinehartWinston = "Holt, Rinehart and Winston" }
 @String{Interscience = "Interscience" }
 @String{JohnsHopkinsPress = "The Johns Hopkins University Press" }
 @String{JohnWileySons = "John Wiley and Sons" }
 @String{Macmillan = "Macmillan" }
 @String{MathWorks = "The Math Works Inc." }
 @String{McGrawHill = "McGraw-Hill" }
 @String{NatBurStd = "National Bureau of Standards" }
 @String{NorthHolland = "North-Holland" }
 @String{OxfordPress = "Oxford University Press" }  %address Oxford or London?
 @String{PergamonPress = "Pergamon Press" }
 @String{PlenumPress = "Plenum Press" }
 @String{PrenticeHall = "Prentice-Hall" }
 @String{SIAMPub = "{SIAM} Publications" }
 @String{Springer = "Springer-Verlag" }
 @String{TexasPress = "University of Texas Press" }
 @String{VanNostrand = "Van Nostrand" }
 @String{WHFreeman = "W. H. Freeman and Co." }

%Entries
@article{Janik1975,
title = {What Is the Best Measure of the Detector Signal: The Peak Area or the Peak Height?},
journal = {Journal of Chromatographic Science},
volume = {13},
number = {2},
pages = {93-96},
year = {1975},
month = {02},
issn = {0021-9665},
doi = {10.1093/chromsci/13.2.93},
url = {https://doi.org/10.1093/chromsci/13.2.93},
eprint = {https://academic.oup.com/chromsci/article-pdf/13/2/93/1102560/13-2-93.pdf},
author = {AleksanderJanik}
}

@incollection{POOLE1991,
title = {CHAPTER 1 - FUNDAMENTAL RELATIONSHIPS OF CHROMATOGRAPHY},
editor = {Colin F. Poole and Salwa K. Poole},
booktitle = {Chromatography Today (Fifth Edition)},
publisher = {Elsevier},
edition = {Fifth Edition},
address = {Amsterdam},
pages = {1--103},
year = {1991},
isbn = {978-0-444-89161-7},
doi = {https://doi.org/10.1016/B978-0-444-88492-3.50004-8},
url = {https://www.sciencedirect.com/science/article/pii/B9780444884923500048},
author = {Colin F. Poole and Salwa K. Poole}
}

@article{Wand1996,
title = {Anchoring Data Quality Dimensions in Ontological Foundations},
year = {1996},
issue_date = {Nov. 1996},
publisher = {Association for Computing Machinery},
address = {New York, NY, USA},
volume = {39},
number = {11},
issn = {0001-0782},
url = {https://doi.org/10.1145/240455.240479},
doi = {10.1145/240455.240479},
journal = {Commun. ACM},
month = {nov},
pages = {86–95},
numpages = {10},
author = {Yair Wand and Richard Y. Wang}
}

@article{WangStrong1996,
title = {Beyond Accuracy: What Data Quality Means to Data Consumers},
journal = {Journal of Management Information Systems},
volume = {12},
number = {4},
pages = {5--33},
year  = {1996},
publisher = {Routledge},
doi = {10.1080/07421222.1996.11518099},
url = {https://doi.org/10.1080/07421222.1996.11518099},
author = {Richard Y. Wang and Diane M. Strong}
}

@incollection{Felinger1998,
title = {1 Introduction},
editor = {Attila Felinger},
series = {Data Handling in Science and Technology},
publisher = {Elsevier},
volume = {21},
pages = {1--3},
year = {1998},
booktitle = {Data Analysis and Signal Processing in Chromatography},
issn = {0922-3487},
doi = {https://doi.org/10.1016/S0922-3487(98)80020-8},
url = {https://www.sciencedirect.com/science/article/pii/S0922348798800208}
}

@INPROCEEDINGS{Stefano2002,
booktitle={14th IEEE International Conference on Tools with Artificial Intelligence, 2002. (ICTAI 2002). Proceedings.}, 
title={Machine learning for software engineering: case studies in software reuse}, 
year={2002},
volume={},
number={},
pages={246--251},
doi={10.1109/TAI.2002.1180811},
author={Di Stefano, J.S. and Menzies, T.}
}

@article{Papai2002,
title={Analysis of peak asymmetry in chromatography},
journal={Journal of Chromatography A},
volume={953},
number={1-2},
pages={31--38},
year={2002},
publisher={Elsevier},
author={Zsuzsa Pápai and Tamás L. Páp}
}

@article{Zhang2003,
title={Machine Learning and Software Engineering},
year={2003},
journal={Software Quality Journal},
pages={87--119},
volume={11},
url={https://doi.org/10.1023/A:1023760326768},
doi={10.1023/A:1023760326768},
author={Du Zhang and Jeffrey J.P. Tsai }
}

@inproceedings{Ding2004k,
  title={K-means clustering via principal component analysis},
  booktitle={Proceedings of the twenty-first international conference on Machine learning},
  pages={29},
  year={2004},
  author={Ding, Chris and He, Xiaofeng},
}

@book{Sommerville2004,
author = {Ian Sommerville},
title = {Software Engineering},
year = {2004},
isbn = {0321210263},
publisher = {Pearson Addison Wesley},
edition = {7th.}
}

@article{Zhang2005,
title = {Data pre-processing in liquid chromatography–mass spectrometry-based proteomics},
journal = {Bioinformatics},
volume = {21},
number = {21},
pages = {4054--4059},
year = {2005},
month = {09},
issn = {1367-4803},
doi = {10.1093/bioinformatics/bti660},
url = {https://doi.org/10.1093/bioinformatics/bti660},
eprint = {https://academic.oup.com/bioinformatics/article-pdf/21/21/4054/610193/bti660.pdf},
author = {Xiang Zhang and John M. Asara and Jiri Adamec and Mourad Ouzzani and Ahmed K. Elmagarmid}
}

@article{batini2009,
title={Methodologies for data quality assessment and improvement},
journal={ACM computing surveys (CSUR)},
volume={41},
number={3},
pages={1--52},
year={2009},
publisher={ACM New York, NY, USA},
author={Carlo Batini and Cinzia Cappiello and Chiara Francalanci and Andrea Maurino}
}

@article{Abdi2010,
title = {Principal component analysis},
journal = {WIREs Computational Statistics},
volume = {2},
number = {4},
pages = {433-459},
keywords = {singular and eigen value decomposition, bilinear decomposition, factor scores and loadings, RESS PRESS, multiple factor analysis},
doi = {https://doi.org/10.1002/wics.101},
url = {https://wires.onlinelibrary.wiley.com/doi/abs/10.1002/wics.101},
eprint = {https://wires.onlinelibrary.wiley.com/doi/pdf/10.1002/wics.101},
year = {2010},
author = {Hervé Abdi and Lynne J. Williams}
}

@article{Jain2010,
title = {Data clustering: 50 years beyond K-means},
journal = {Pattern Recognition Letters},
volume = {31},
number = {8},
pages = {651--666},
year = {2010},
note = {Award winning papers from the 19th International Conference on Pattern Recognition (ICPR)},
issn = {0167-8655},
doi = {https://doi.org/10.1016/j.patrec.2009.09.011},
url = {https://www.sciencedirect.com/science/article/pii/S0167865509002323},
author = {Anil K. Jain}
}

@article{Atla2011,
title={Sensitivity of different machine learning algorithms to noise},
journal={Journal of Computing Sciences in Colleges},
volume={26},
number={5},
pages={96--103},
year={2011},
publisher={Consortium for Computing Sciences in Colleges},
author={Abhinav Atla and Rahul Tada and Victor Sheng and Naveen Singireddy}
}

@article{Ammu2013,
 title={Big data challenges},
author={Nrusimham Ammu and Mohd Irfanuddin and others},
journal={International Journal of Advanced Trends in Computer Science and Engineering},
volume={2},
number={1},
pages={613--615},
year={2013},
publisher={Citeseer}
}

@inproceedings{Katal2013,
title={Big data: issues, challenges, tools and good practices},
booktitle={2013 Sixth international conference on contemporary computing (IC3)},
pages={404--409},
year={2013},
organization={IEEE},
author={Avita Katal and Mohammad Wazid and Rayan H Goudar}
}

@article{Fan2014,
author = {Jianqing Fan and Fang Han and Han Liu},
title = {Challenges of Big Data analysis},
journal = {National Science Review},
volume = {1},
number = {2},
pages = {293-314},
year = {2014},
month = {02},
issn = {2095--5138},
doi = {10.1093/nsr/nwt032},
url = {https://doi.org/10.1093/nsr/nwt032}
}

@article{Thabet2015,
title={Big data challenges},
journal={J Comput Eng Inf Technol 4: 3. doi: http://dx. doi. org/10.4172/2324},
volume={9307},
number={2},
year={2015},
author={Nasser Thabet and Tariq Rahim Soomro}
}

@article{Patrik2015,
title={Basic HPLC theory and definitions: retention, thermodynamics, selectivity, zone spreading, kinetics, and resolution},
journal={Anal. Sep. Sci. 5 Vol. Set},
volume={2},
pages={1--22},
year={2015},
author={Torgny Fornstedt and Patrik Forss{\'e}n and Douglas Westerlund}
}

@article{Firmani2016,
year = {2016},
month = {03},
pages = {},
title = {On the Meaningfulness of “Big Data Quality” (Invited Paper)},
volume = {1},
journal = {Data Science and Engineering},
doi = {10.1007/s41019-015-0004-7},
author = {Donatella Firmani and Massimo Mecella and Monica Scannapieco and Carlo Batini}
}

@article{Luzzu2016,
 title = {Luzzu—A Methodology and Framework for Linked Data Quality Assessment},
 year = {2016},
 issue_date = {November 2016},
 publisher = {Association for Computing Machinery},
 address = {New York, NY, USA},
 volume = {8},
 number = {1},
 issn = {1936-1955},
 url = {https://doi.org/10.1145/2992786},
 doi = {10.1145/2992786},
 journal = {J. Data and Information Quality},
 month = {oct},
 articleno = {4},
 numpages = {32},
 author = {Debattista, Jeremy and Auer, S\"{O}ren and Lange, Christoph}
}

@article{Gudivada2017,
year = {2017},
month = {07},
pages = {1--20},
title = {Data Quality Considerations for Big Data and Machine Learning: Going Beyond Data Cleaning and Transformations},
volume = {10},
journal = {International Journal on Advances in Software},
author = {Venkat N. Gudivada and Amy Apon and and Junhua Ding}
}

@inproceedings{Feinberg2017,
title = {A Design Perspective on Data},
year = {2017},
isbn = {9781450346559},
publisher = {Association for Computing Machinery},
address = {New York, NY, USA},
url = {https://doi.org/10.1145/3025453.3025837},
doi = {10.1145/3025453.3025837},
booktitle = {Proceedings of the 2017 CHI Conference on Human Factors in Computing Systems},
pages = {2952–2963},
numpages = {12},
series = {CHI '17},
author = {Melanie Feinberg}
}

@article{JOHNSEN2017,
title = {Gas chromatography – mass spectrometry data processing made easy},
journal = {Journal of Chromatography A},
volume = {1503},
pages = {57-64},
year = {2017},
issn = {0021--9673},
doi = {https://doi.org/10.1016/j.chroma.2017.04.052},
url = {https://www.sciencedirect.com/science/article/pii/S0021967317306489},
author = {Lea G. Johnsen and Peter B. Skou and Bekzod Khakimov and Rasmus Bro}
}

@inproceedings{Polyzotis2017,
author = {Neoklis Polyzotis and Sudip Roy and Steven Euijong Whang and Martin Zinkevich},
title = {Data Management Challenges in Production Machine Learning},
year = {2017},
isbn = {9781450341974},
publisher = {Association for Computing Machinery},
address = {New York, NY, USA},
url = {https://doi.org/10.1145/3035918.3054782},
doi = {10.1145/3035918.3054782},
booktitle = {Proceedings of the 2017 ACM International Conference on Management of Data},
pages = {1723--1726},
numpages = {4},
location = {Chicago, Illinois, USA},
series = {SIGMOD '17}
}

@Article{Corrales2018,
TITLE = {From Theory to Practice: A Data Quality Framework for Classification Tasks},
JOURNAL = {Symmetry},
VOLUME = {10},
YEAR = {2018},
NUMBER = {7},
ARTICLE-NUMBER = {248},
URL = {https://www.mdpi.com/2073-8994/10/7/248},
ISSN = {2073-8994},
DOI = {10.3390/sym10070248},
AUTHOR = {David Camilo Corrales and Agapito Ledezma and Juan Carlos Corrales}
}

@article{Khomh2018,
title={Software Engineering for Machine-Learning Applications: The Road Ahead},
journal={IEEE Software},
year={2018},
volume={35},
pages={81--84},
author={Foutse Khomh and Bram Adams and Jinghui Cheng and Marios Fokaefs and Giuliano Antoniol}
}

@inproceedings{Klas2018,
title={Uncertainty in Machine Learning Applications: A Practice-Driven Classification of Uncertainty},
booktitle={Computer Safety, Reliability, and Security},
publisher={Springer International Publishing},
year={2018},
volume={11094},
pages={431--438},
doi={10.1007/978-3-319-99229-7_36},
author={Michael Kläs & Anna Maria Vollmer}
} 

@inproceedings{Meinke2018,
title = {Machine Learning for Software Engineering: Models, Methods, and Applications},
year = {2018},
isbn = {9781450356633},
publisher = {Association for Computing Machinery},
address = {New York, NY, USA},
url = {https://doi.org/10.1145/3183440.3183461},
doi = {10.1145/3183440.3183461},
booktitle = {Proceedings of the 40th International Conference on Software Engineering: Companion Proceedings},
pages = {548--549},
numpages = {2},
location = {Gothenburg, Sweden},
series = {ICSE '18},
author = {Karl Meinke and AmelBennaceur},
}

@ARTICLE{Vaswani2018,
journal={Proceedings of the IEEE}, 
title={Static and Dynamic Robust PCA and Matrix Completion: A Review}, 
year={2018},
volume={106},
number={8},
pages={1359-1379},
doi={10.1109/JPROC.2018.2844126},
author={Namrata Vaswani and Praneeth Narayanamurthy}
  }

@InProceedings{Amershi2019,
title= {Software Engineering for Machine Learning: A Case Study},
booktitle= {2019 IEEE/ACM 41st International Conference on Software Engineering: Software Engineering in Practice (ICSE-SEIP)},
year= {2019},
pages= {291--300},
doi={10.1109/ICSE-SEIP.2019.00042},
author= {Saleema Amershi and Andrew Begel and Christian Bird and Robert DeLine and Harald Gall
  and Ece Kamar and Nachiappan Nagappan and Besmira Nushi and Thomas Zimmermann}
}

@ARTICLE{Cichy2019,
author={Corinna Cichy and Stefan Rass},
journal={IEEE Access}, 
title={An Overview of Data Quality Frameworks}, 
year={2019},
volume={7},
number={},
pages={24634-24648},
doi={10.1109/ACCESS.2019.2899751}
}

@inproceedings{Chen2019,
title={A practical framework for evaluating the quality of knowledge graph},
booktitle={Knowledge Graph and Semantic Computing: Knowledge Computing and Language Understanding: 4th China Conference, CCKS 2019, Hangzhou, China, August 24--27, 2019, Revised Selected Papers 4},
pages={111--122},
year={2019},
organization={Springer},
author={Haihua Chen and Gaohui Cao and Jiangping Chen and Junhua Ding}
}

@article{Ding2019,
title={A case study of the augmentation and evaluation of training data for deep learning},
journal={Journal of Data and Information Quality (JDIQ)},
volume={11},
number={4},
pages={1--22},
year={2019},
publisher={ACM New York, NY, USA},
author={Junhua Ding and Xinchuan Li and Xiaojun Kang and Venkat N Gudivada}
}

@inproceedings{Foidl2019,
title = {Risk-Based Data Validation in Machine Learning-Based Software Systems},
year = {2019},
isbn = {9781450368551},
publisher = {Association for Computing Machinery},
address = {New York, NY, USA},
url = {https://doi.org/10.1145/3340482.3342743},
doi = {10.1145/3340482.3342743},
booktitle = {Proceedings of the 3rd ACM SIGSOFT International Workshop on Machine Learning Techniques for Software Quality Evaluation},
pages = {13--18},
numpages = {6},
location = {Tallinn, Estonia},
series = {MaLTeSQuE 2019},
author = {Harald Foidl and Michael Felderer}
}

@INPROCEEDINGS{Hesenius2019,
booktitle={2019 IEEE/ACM 7th International Workshop on Realizing Artificial Intelligence Synergies in Software Engineering (RAISE)}, 
title={Towards a Software Engineering Process for Developing Data-Driven Applications}, 
year={2019},
volume={},
number={},
pages={35--41},
doi={10.1109/RAISE.2019.00014},
author={Marc Hesenius and Nils Schwenzfeier and Ole Meyer and Wilhelm  Koop and Volker Gruhn}
}

@INPROCEEDINGS{Juneja2019,
author={Ashish Juneja and Nripendra Narayan Das},
booktitle={2019 International Conference on Machine Learning, Big Data, Cloud and Parallel Computing (COMITCon)}, 
title={Big Data Quality Framework: Pre-Processing Data in Weather Monitoring Application}, 
year={2019},
volume={},
number={},
pages={559-563},
doi={10.1109/COMITCon.2019.8862267}
}

@article{Kunft2019,
title = {An Intermediate Representation for Optimizing Machine Learning Pipelines},
year = {2019},
issue_date = {July 2019},
publisher = {VLDB Endowment},
volume = {12},
number = {11},
issn = {2150-8097},
url = {https://doi.org/10.14778/3342263.3342633},
doi = {10.14778/3342263.3342633},
journal = {Proc. VLDB Endow.},
month = {jul},
pages = {1553--1567},
numpages = {15},
author = {Andreas Kunft and Asterios Katsifodimos and Sebastian Schelter and Sebastian Breß and Tilmann Rabl and Volker Markl}
}

@article{Kolajo2019,
title= {Big data stream analysis: a systematic literature review},
journal= {Journal of Big Data},
article-number = {47},
volume={6},
year= {2019},
pages= {2196--1115},
url={https://doi.org/10.1186/s40537-019-0210-7},
doi={10.1186/s40537-019-0210-7},
author= {Taiwo Kolajo and Olawande Daramola and Ayodele Adebiyi }
}

@article{RISUM2019,
title = {Using deep learning to evaluate peaks in chromatographic data},
journal = {Talanta},
volume = {204},
pages = {255--260},
year = {2019},
issn = {0039-9140},
doi = {https://doi.org/10.1016/j.talanta.2019.05.053},
url = {https://www.sciencedirect.com/science/article/pii/S0039914019305375},
author = {Anne Bech Risum and Rasmus Bro}
}

@article{Schmidt2019,
title={Recent advances and applications of machine learning in solid-state materials science},
journal={npj Computational Materials},
volume={5},
number={1},
pages={83},
year={2019},
publisher={Nature Publishing Group UK London},
author={Jonathan Schmidt and Mário R. G. Marques and Silvana Botti and Miguel A. L. Marques }
}

@article{YANG2019,
title = {Deep learning for vibrational spectral analysis: Recent progress and a practical guide},
journal = {Analytica Chimica Acta},
volume = {1081},
pages = {6--17},
year = {2019},
issn = {0003-2670},
doi = {https://doi.org/10.1016/j.aca.2019.06.012},
url = {https://www.sciencedirect.com/science/article/pii/S0003267019307342},
author = {Jie Yang and Jinfan Xu and Xiaolei Zhang and Chiyu Wu and Tao Lin and Yibin Ying}
}

@article{ZHANG2019,
title = {DeepSpectra: An end-to-end deep learning approach for quantitative spectral analysis},
journal = {Analytica Chimica Acta},
volume = {1058},
pages = {48-57},
year = {2019},
issn = {0003-2670},
doi = {https://doi.org/10.1016/j.aca.2019.01.002},
url = {https://www.sciencedirect.com/science/article/pii/S0003267019300169},
author = {Xiaolei Zhang and Tao Lin and Jinfan Xu and Xuan Luo and Yibin Ying}
}

@inproceedings{Jain2020,
title = {Overview and Importance of Data Quality for Machine Learning Tasks},
year = {2020},
isbn = {9781450379984},
publisher = {Association for Computing Machinery},
url = {https://doi.org/10.1145/3394486.3406477},
doi = {10.1145/3394486.3406477},
booktitle = {Proceedings of the 26th ACM SIGKDD International Conference on Knowledge Discovery and Data Mining},
pages = {3561--3562},
series = {KDD '20},
author = {Abhinav Jain and Hima Patel and Lokesh Nagalapatti and Nitin Gupta and Sameep Mehta and Shanmukha Guttula,
Shashank Mujumdar and Shazia Afzal and Ruhi Sharma Mittal and Vitobha Munigala}
}

@inproceedings{Kastner2020,
author = {Christian K\"{a}stner and Eunsuk Kang},
title = {Teaching Software Engineering for AI-Enabled Systems},
year = {2020},
pages = {45--48},
numpages = {4},
isbn = {9781450371247},
url = {https://doi.org/10.1145/3377814.3381714},
doi = {10.1145/3377814.3381714},
series = {ICSE-SEET '20}
}

@Article{Liebal2020,
TITLE = {Machine Learning Applications for Mass Spectrometry-Based Metabolomics},
JOURNAL = {Metabolites},
VOLUME = {10},
YEAR = {2020},
NUMBER = {6},
ARTICLE-NUMBER = {243},
URL = {https://www.mdpi.com/2218-1989/10/6/243},
PubMedID = {32545768},
ISSN = {2218-1989},
DOI = {10.3390/metabo10060243},
AUTHOR = { Ulf W. Liebal and An N. T. Phan and Malvika Sudhakar and Karthik Raman and Lars M. Blank},
}

@article{nikiforova2020,
title={Definition and evaluation of data quality: User-oriented data object-driven approach to data quality assessment},
journal={Baltic Journal of Modern Computing},
volume={8},
number={3},
pages={391--432},
year={2020},
publisher={University of Latvia},
author={Anastasija Nikiforova} 
}

@inproceedings{Serban2020,
title = {Adoption and Effects of Software Engineering Best Practices in Machine Learning},
year = {2020},
isbn = {9781450375801},
publisher = {Association for Computing Machinery},
address = {New York, NY, USA},
url = {https://doi.org/10.1145/3382494.3410681},
doi = {10.1145/3382494.3410681},
booktitle = {Proceedings of the 14th ACM / IEEE International Symposium on Empirical Software Engineering and Measurement (ESEM)},
articleno = {3},
numpages = {12},
location = {Bari, Italy},
series = {ESEM '20},
author = {Alex Serban and Koen van der Blom and Holger Hoos and Joost Visser}
}

@ARTICLE{Chen2021,
author={Haihua Chen and Jiangping Chen and Junhua Ding},
journal={IEEE Transactions on Reliability}, 
title={Data Evaluation and Enhancement for Quality Improvement of Machine Learning}, 
year={2021},
volume={70},
number={2},
pages={831-847},
doi={10.1109/TR.2021.3070863}
}

@article{Nayak2021,
  title={(Linked) Data Quality Assessment: An Ontological Approach},
  year={2021},
  publisher={Technological University Dublin},
  author={Nayak, Aparna and Bozic, Bojan and Longo, Luca}
}

@INPROCEEDINGS{Poon2021,
booktitle={2021 IEEE International Conference on Big Data (Big Data)}, 
title={Unsupervised Anomaly Detection in Data Quality Control}, 
year={2021},
volume={},
number={},
pages={2327-2336},
doi={10.1109/BigData52589.2021.9671672},
author={Lex Poon and Siamak Farshidi and Na Li and Zhiming Zhao}
}

@Inproceedings{Sambasivan2021,
title = {“Everyone wants to do the model work, not the data work”:
Data Cascades in High-Stakes AI},
booktitle = {Proceedings of the 2021 CHI Conference on Human Factors in Computing Systems (CHI '21)},
articleno = {Paper 39},
year = {2021},
publisher = {Association for Computing Machinery},
address = {New York, NY, USA},
pages = {1--15},
doi = {10.1145/3411764.3445518},
url =  {https://doi.org/10.1145/3411764.3445518},
author = {Nithya Sambasivan and Shivani Kapania and Hannah Highfll and Diana Akrong and Praveen Paritosh and Lora Aroyo}
}

@article{taleb2021,
title={Big data quality framework: a holistic approach to continuous quality management},
journal={Journal of Big Data},
volume={8},
number={1},
pages={1--41},
year={2021},
publisher={SpringerOpen},
author={Ikbal Taleb and Mohamed Adel Serhani and Chafik Bouhaddioui and Rachida Dssouli}
}

@ARTICLE{Byabazaire2022,
author={John Byabazaire and Gregory M.P. O’Hare and Declan T. Delaney},
journal={IEEE Sensors Journal}, 
title={End-to-End Data Quality Assessment Using Trust for Data Shared IoT Deployments}, 
year={2022},
volume={22},
number={20},
pages={19995-20009},
doi={10.1109/JSEN.2022.3203853}
}

@article{ENMARK2022,
title = {Building machine-learning-based models for retention time and resolution predictions in ion pair chromatography of oligonucleotides},
journal = {Journal of Chromatography A},
volume = {1671},
pages = {462999},
year = {2022},
issn = {0021-9673},
doi = {https://doi.org/10.1016/j.chroma.2022.462999},
url = {https://www.sciencedirect.com/science/article/pii/S0021967322001972},
author = {Martin Enmark and Jakob Häggström and Jörgen Samuelsson and Torgny Fornstedt}
}

@article{RUPPRECHT2022,
title = {Automating LC–MS/MS mass chromatogram quantification: Wavelet transform based peak detection and automated estimation of peak boundaries and signal-to-noise ratio using signal processing methods.},
journal = {Biomedical Signal Processing and Control},
volume = {71},
pages = {103211},
year = {2022},
issn = {1746-8094},
doi = {https://doi.org/10.1016/j.bspc.2021.103211},
url = {https://www.sciencedirect.com/science/article/pii/S1746809421008089},
author = {Florian Rupprecht and Soren Enge and Kornelius Schmidt and Wei Gao and Robert Miller}
}

@article{Jia2022,
title = {Quantitative Method for Liquid Chromatography-Mass Spectrometry Based on Multi-Sliding Window and Noise Estimation},
journal = {Processes},
volume = {10},
year = {2022},
number = {6},
article-number = {1098},
url = {https://www.mdpi.com/2227-9717/10/6/1098},
issn = {2227-9717},
doi = {10.3390/pr10061098},
author = {Mingzheng Jia and Meng Wu and Yanjie Li and Baolin Xiong and Lei Wang and Xing Ling and Wenbo Cheng and Wen-Fei Dong}
}

@article{IKOTUN2022,
title = {K-means clustering algorithms: A comprehensive review, variants analysis, and advances in the era of big data},
journal = {Information Sciences},
volume = {622},
pages = {178-210},
year = {2022},
issn = {0020-0255},
doi = {https://doi.org/10.1016/j.ins.2022.11.139},
url = {https://www.sciencedirect.com/science/article/pii/S0020025522014633},
author = {Abiodun M. Ikotun and Absalom E. Ezugwu and Laith Abualigah and Belal Abuhaija and Jia Heming}
}

@article{Fernandez2022,
title = {Software Engineering for AI-Based Systems: A Survey},
journal = {ACM Trans. Softw. Eng. Methodol.},
month = {apr},
articleno = {37e},
numpages = {59},
year = {2022},
issue_date = {April 2022},
volume = {31},
number = {2},
issn = {1049-331X},
url = {https://doi.org/10.1145/3487043},
doi = {10.1145/3487043},
author = {Silverio Martínez-Fernández and Justus Bogner and Xavier Franch and Marc Oriol and Julien Siebert, Adam Trendowicz and Anna Maria Vollmer and Stefan Wagner},
}

@article{Thakur2022,
title = {A perspective on oligonucleotide therapy: Approaches to patient customization},
journal = {Frontiers in Pharmacology},
volume = {13},
pages = {},
year = {2022},
issn = {1663-9812},
doi = {10.3389/fphar.2022.1006304},
url = {https://www.frontiersin.org/articles/10.3389/fphar.2022.1006304},
author = {Shikha Thakur and Apurba Sinhari and Priti Jain and Hemant R. Jadhav}
}

@article{Pepe2022,
title = {AI4SE and SE4AI: Setting the Roadmap toward Human-Machine Co-Learning},
journal = {INSIGHT},
volume = {25},
number = {4},
pages = {80-84},
doi = {https://doi.org/10.1002/inst.12417},
url = {https://incose.onlinelibrary.wiley.com/doi/abs/10.1002/inst.12417},
year = {2022},
author = {Kara Pepe and Nicole Hutchison}
}

@article{Bayram2023,
title={DQSOps: Data Quality Scoring Operations Framework for Data-Driven Applications},
journal={arXiv preprint arXiv:2303.15068},
year={2023},
author={Firas Bayram and Bestoun S Ahmed and Erik Hallin and Anton Engman}
}

@article{FORNSTEDT2023,
title = {Separation of therapeutic oligonucleotides using ion-pair reversed-phase chromatography based on fundamental separation science},
journal = {Journal of Chromatography Open},
volume = {3},
pages = {100079},
year = {2023},
issn = {2772-3917},
doi = {https://doi.org/10.1016/j.jcoa.2023.100079},
url = {https://www.sciencedirect.com/science/article/pii/S2772391723000038},
author = {Torgny Fornstedt and Martin Enmark} 
}

@article{Krasikov2023,
 title = {A Method to Screen, Assess, and Prepare Open Data for Use: A Method to Screen, Assess, and Prepare Open Data for Use},
 year = {2023},
 issue_date = {December 2023},
 publisher = {Association for Computing Machinery},
 address = {New York, NY, USA},
 volume = {15},
 number = {4},
 issn = {1936-1955},
 url = {https://doi.org/10.1145/3603708},
 doi = {10.1145/3603708},
 journal = {J. Data and Information Quality},
 month = {nov},
 articleno = {43},
 numpages = {25},
 author = {Krasikov, Pavel and Legner, Christine},
}

@article{Patel2023,
  title={A data centric AI framework for automating exploratory data analysis and data quality tasks},
  journal={ACM Journal of Data and Information Quality},
  year={2023},
  publisher={ACM New York, NY},
  author={Patel, Hima and Guttula, Shanmukha and Gupta, Nitin and Hans, Sandeep and Mittal, Ruhi Sharma and N, Lokesh}
}
