@article{OlivaresPerez2021VirtualAA,
  title={Virtual anatomy and point‐of‐care ultrasonography integration pilot for medical students},
  author={Marcus E Olivares-Perez and Sally Graglia and Derek J Harmon and Barbie A Klein},
  journal={Anatomical Sciences Education},
  year={2021},
  volume={15},
  pages={464 - 475},
  url={https://api.semanticscholar.org/CorpusID:243845963}
}

@inproceedings{SilvaJournalOE,
  title={Journal of Educational Evaluation for Health Professions Randomized Study of Effectiveness of Computerized Ultrasound Simulators for an Introductory Course for Residents in Brazil},
  author={Jack Philip Silva and Trevor Plescia and Nathan Molina and Ana Claudia De Oliveira Tonelli and Mark I. Langdorf and John Christian Fox},
  url={https://api.semanticscholar.org/CorpusID:16881885}
}

@article{SituLaCasse2021CanUN,
  title={Can ultrasound novices develop image acquisition skills after reviewing online ultrasound modules?},
  author={Elaine H Situ-LaCasse and Josie Acu{\~n}a and Dang Huynh and Richard Amini and Steven C Irving and Kara Samsel and Asad E. Patanwala and David E. Biffar and Srikar Adhikari},
  journal={BMC Medical Education},
  year={2021},
  volume={21},
  url={https://api.semanticscholar.org/CorpusID:232299456}
}

@article{Wang2023MGPAM,
  title={MGP: a monitoring-based VR interactive mode to support guided practice},
  author={Yu Wang and Hongqiu Luan and Lu-Lu Wang and Shengzun Song and Yulong Bian and Xiyu Bao and Ran Liu and Wei Gai and Gaorong Lv and Chenglei Yang},
  journal={The Visual Computer},
  year={2023},
  volume={39},
  pages={3387-3401},
  url={https://api.semanticscholar.org/CorpusID:259600172}
}

@article{ali2020simulator,
  title={Simulator-based ultrasound training for identification of endotracheal tube placement in a neonatal intensive care unit using point of care ultrasound},
  author={Ali, Khushboo Qaim and Soofi, Sajid Bashir and Hussain, Ali Shabbir and Ansari, Uzair and Morris, Shaun and Tessaro, Mark Oliver and Ariff, Shabina and Merali, Hasan},
  journal={BMC Medical Education},
  volume={20},
  pages={1--11},
  year={2020},
  publisher={Springer}
}

@inproceedings{anderson2013youmove,
  title={YouMove: enhancing movement training with an augmented reality mirror},
  author={Anderson, Fraser and Grossman, Tovi and Matejka, Justin and Fitzmaurice, George},
  booktitle={Proceedings of the 26th annual ACM symposium on User interface software and technology},
  pages={311--320},
  year={2013}
}

@misc{ar1,
  author = {Medivis},
  title = {Ultrasound AR: The next frontier in medical imaging.},
  howpublished = {\url{https://www.medivis.com/body-navigation}},
  note = {Accessed: 2024-09-10}
}

@article{atkinson2003aiding,
  title={Aiding Transfer in Statistics: Examining the Use of Conceptually Oriented Equations and Elaborations During Subgoal Learning.},
  author={Atkinson, Robert K and Catrambone, Richard and Merrill, Mary Margaret},
  journal={Journal of Educational Psychology},
  volume={95},
  number={4},
  pages={762},
  year={2003},
  publisher={American Psychological Association}
}

@article{austin1996goal,
  title={Goal constructs in psychology: Structure, process, and content.},
  author={Austin, James T and Vancouver, Jeffrey B},
  journal={Psychological bulletin},
  volume={120},
  number={3},
  pages={338},
  year={1996},
  publisher={American Psychological Association}
}

@article{ballard1992hand,
  title={Hand-eye coordination during sequential tasks},
  author={Ballard, Dana H and Hayhoe, Mary M and Li, Feng and Whitehead, Steven D},
  journal={Philosophical Transactions of the Royal Society of London. Series B: Biological Sciences},
  volume={337},
  number={1281},
  pages={331--339},
  year={1992},
  publisher={The Royal Society London}
}

@inproceedings{cao2020exploratory,
  title={An exploratory study of augmented reality presence for tutoring machine tasks},
  author={Cao, Yuanzhi and Qian, Xun and Wang, Tianyi and Lee, Rachel and Huo, Ke and Ramani, Karthik},
  booktitle={Proceedings of the 2020 CHI conference on human factors in computing systems},
  pages={1--13},
  year={2020}
}

@inproceedings{cao2022mobiletutar,
  title={Mobiletutar: A lightweight augmented reality tutorial system using spatially situated human segmentation videos},
  author={Cao, Yuanzhi and Fuste, Anna and Heun, Valentin},
  booktitle={CHI Conference on Human Factors in Computing Systems Extended Abstracts},
  pages={1--8},
  year={2022}
}

@article{catrambone1998subgoal,
  title={The subgoal learning model: Creating better examples so that students can solve novel problems.},
  author={Catrambone, Richard},
  journal={Journal of experimental psychology: General},
  volume={127},
  number={4},
  pages={355},
  year={1998},
  publisher={American Psychological Association}
}

@inproceedings{chidambaram2021processar,
  title={Processar: An augmented reality-based tool to create in-situ procedural 2d/3d ar instructions},
  author={Chidambaram, Subramanian and Huang, Hank and He, Fengming and Qian, Xun and Villanueva, Ana M and Redick, Thomas S and Stuerzlinger, Wolfgang and Ramani, Karthik},
  booktitle={Proceedings of the 2021 ACM Designing Interactive Systems Conference},
  pages={234--249},
  year={2021}
}

@inproceedings{chidambaram2022editar,
  title={EditAR: A Digital Twin Authoring Environment for Creation of AR/VR and Video Instructions from a Single Demonstration},
  author={Chidambaram, Subramanian and Reddy, Sai Swarup and Rumple, Matthew and Ipsita, Ananya and Villanueva, Ana and Redick, Thomas and Stuerzlinger, Wolfgang and Ramani, Karthik},
  booktitle={2022 IEEE International Symposium on Mixed and Augmented Reality (ISMAR)},
  pages={326--335},
  year={2022},
  organization={IEEE}
}

@inproceedings{choi2022algosolve,
  title={Algosolve: Supporting subgoal learning in algorithmic problem-solving with learnersourced microtasks},
  author={Choi, Kabdo and Shin, Hyungyu and Xia, Meng and Kim, Juho},
  booktitle={Proceedings of the 2022 CHI conference on human factors in computing systems},
  pages={1--16},
  year={2022}
}

@inproceedings{de2009teaching,
  title={Teaching and assessing programming strategies explicitly},
  author={De Raadt, Michael and Watson, Richard and Toleman, Mark},
  booktitle={Proceedings of the 11th Australasian Computing Education Conference (ACE 2009)},
  volume={95},
  pages={45--54},
  year={2009}
}

@article{evans2024product,
  title={A Product Evaluation of Augmented Reality Equipment Coupled to Diagnostic Medical Sonography: A Potential Equipment and Ergonomic Innovation},
  author={Evans, Kevin D and Bradbury, Peter and Bloom, Isaiah W and Xu, Menglin},
  journal={Journal of Diagnostic Medical Sonography},
  pages={87564793241268415},
  year={2024},
  publisher={SAGE Publications Sage CA: Los Angeles, CA}
}

@inproceedings{faridan2023chameleoncontrol,
  title={Chameleoncontrol: Teleoperating real human surrogates through mixed reality gestural guidance for remote hands-on classrooms},
  author={Faridan, Mehrad and Kumari, Bheesha and Suzuki, Ryo},
  booktitle={Proceedings of the 2023 CHI conference on human factors in computing systems},
  pages={1--13},
  year={2023}
}

@article{gao2017modeling,
  title={Modeling and evaluation of hand--eye coordination of surgical robotic system on task performance},
  author={Gao, Yuanqian and Wang, Shuxin and Li, Jianmin and Li, Aimin and Liu, Hongbin and Xing, Yuan},
  journal={The International Journal of Medical Robotics and Computer Assisted Surgery},
  volume={13},
  number={4},
  pages={e1829},
  year={2017},
  publisher={Wiley Online Library}
}

@article{guzdial1998supporting,
  title={Supporting programming and learning-to-program with an integrated CAD and scaffolding workbench},
  author={Guzdial, Mark and Hohmann, Luke and Konneman, Michael and Walton, Christopher and Soloway, Elliot},
  journal={Interactive Learning Environments},
  volume={6},
  number={1-2},
  pages={143--179},
  year={1998},
  publisher={Taylor \& Francis}
}

@article{horstmann2005target,
  title={Target selection in eye--hand coordination: Do we reach to where we look or do we look to where we reach?},
  author={Horstmann, Annette and Hoffmann, Klaus-Peter},
  journal={Experimental Brain Research},
  volume={167},
  pages={187--195},
  year={2005},
  publisher={Springer}
}

@inproceedings{hu2013process,
  title={A process for novice programming using goals and plans},
  author={Hu, Minjie and Winikoff, Michael and Cranefield, Stephen},
  booktitle={Proceedings of the Fifteenth Australasian Computing Education Conference-Volume 136},
  pages={3--12},
  year={2013}
}

@inproceedings{huang2012user,
  title={User see, user point: gaze and cursor alignment in web search},
  author={Huang, Jeff and White, Ryen and Buscher, Georg},
  booktitle={Proceedings of the sigchi conference on human factors in computing systems},
  pages={1341--1350},
  year={2012}
}

@ARTICLE{huang2019robotic,
  author={Huang, Qinghua and Lan, Jiulong and Li, Xuelong},
  journal={IEEE Transactions on Industrial Informatics}, 
  title={Robotic Arm Based Automatic Ultrasound Scanning for Three-Dimensional Imaging}, 
  year={2019},
  volume={15},
  number={2},
  pages={1173-1182},
  keywords={Three-dimensional displays;Probes;Manipulators;Robot kinematics;Imaging;Robot sensing systems;Automatic scanning;robotic 3-D ultrasound;robotic arm;scan path planning},
  doi={10.1109/TII.2018.2871864}}

@inproceedings{huang2021adaptutar,
  title={Adaptutar: An adaptive tutoring system for machine tasks in augmented reality},
  author={Huang, Gaoping and Qian, Xun and Wang, Tianyi and Patel, Fagun and Sreeram, Maitreya and Cao, Yuanzhi and Ramani, Karthik and Quinn, Alexander J},
  booktitle={Proceedings of the 2021 CHI Conference on Human Factors in Computing Systems},
  pages={1--15},
  year={2021}
}

@inproceedings{ipsita2022welding,
  title={Towards modeling of virtual reality welding simulators to promote accessible and scalable training},
  author={Ipsita, Ananya and Erickson, Levi and Dong, Yangzi and Huang, Joey and Bushinski, Alexa K and Saradhi, Sraven and Villanueva, Ana M and Peppler, Kylie A and Redick, Thomas S and Ramani, Karthik},
  booktitle={Proceedings of the 2022 CHI conference on human factors in computing systems},
  pages={1--21},
  year={2022}
}

@article{jin2024codetree,
  title={CodeTree: A System for Learnersourcing Subgoal Hierarchies in Code Examples},
  author={Jin, Hyoungwook and Kim, Juho},
  journal={Proceedings of the ACM on Human-Computer Interaction},
  volume={8},
  number={CSCW1},
  pages={1--37},
  year={2024},
  publisher={ACM New York, NY, USA}
}

@article{kochan2021point,
  title={Point-of-care ultrasound to confirm umbilical line placement: Impact of a simulation enhanced curriculum on neonatal Intensive Care Unit provider competency},
  author={Kochan, Michael J and Kim, Jane S and Hoffman, Suma B and Mola, Sara J and Kim, Jae H and Viscardi, Rose M},
  journal={Simulation in Healthcare},
  volume={16},
  number={5},
  pages={303--310},
  year={2021},
  publisher={LWW}
}

@inproceedings{koedinger2013using,
  title={Using data-driven discovery of better student models to improve student learning},
  author={Koedinger, Kenneth R and Stamper, John C and McLaughlin, Elizabeth A and Nixon, Tristan},
  booktitle={Artificial Intelligence in Education: 16th International Conference, AIED 2013, Memphis, TN, USA, July 9-13, 2013. Proceedings 16},
  pages={421--430},
  year={2013},
  organization={Springer}
}

@article{krakauer2011human,
  title={Human sensorimotor learning: adaptation, skill, and beyond},
  author={Krakauer, John W and Mazzoni, Pietro},
  journal={Current opinion in neurobiology},
  volume={21},
  number={4},
  pages={636--644},
  year={2011},
  publisher={Elsevier}
}

@article{lachman1997learning,
  title={Learning is a process: Toward an improved definition of learning},
  author={Lachman, Sheldon J},
  journal={The Journal of psychology},
  volume={131},
  number={5},
  pages={477--480},
  year={1997},
  publisher={Taylor \& Francis}
}

@inproceedings{liu2023instrumentar,
  title={Instrumentar: Auto-generation of augmented reality tutorials for operating digital instruments through recording embodied demonstration},
  author={Liu, Ziyi and Zhu, Zhengzhe and Jiang, Enze and Huang, Feichi and Villanueva, Ana M and Qian, Xun and Wang, Tianyi and Ramani, Karthik},
  booktitle={Proceedings of the 2023 CHI Conference on Human Factors in Computing Systems},
  pages={1--17},
  year={2023}
}

@article{mackay2018can,
  title={Can you teach yourself point-of-care ultrasound to a level of clinical competency? Evaluation of a self-directed simulation-based training program},
  author={Mackay, Fraser D and Zhou, Felix and Lewis, David and Fraser, Jacqueline and Atkinson, Paul R},
  journal={Cureus},
  volume={10},
  number={9},
  year={2018},
  publisher={Cureus Inc.}
}

@inproceedings{margulieux2012subgoal,
  title={Subgoal-labeled instructional material improves performance and transfer in learning to develop mobile applications},
  author={Margulieux, Lauren E and Guzdial, Mark and Catrambone, Richard},
  booktitle={Proceedings of the ninth annual international conference on International computing education research},
  pages={71--78},
  year={2012}
}

@article{margulieux2018varying,
  title={Varying effects of subgoal labeled expository text in programming, chemistry, and statistics},
  author={Margulieux, Lauren E and Catrambone, Richard and Schaeffer, Laura M},
  journal={Instructional Science},
  volume={46},
  pages={707--722},
  year={2018},
  publisher={Springer}
}

@article{margulieux2019finding,
  title={Finding the best types of guidance for constructing self-explanations of subgoals in programming},
  author={Margulieux, Lauren E and Catrambone, Richard},
  journal={Journal of the Learning Sciences},
  volume={28},
  number={1},
  pages={108--151},
  year={2019},
  publisher={Taylor \& Francis}
}

@inproceedings{monteiro2023teachable,
  title={Teachable reality: Prototyping tangible augmented reality with everyday objects by leveraging interactive machine teaching},
  author={Monteiro, Kyzyl and Vatsal, Ritik and Chulpongsatorn, Neil and Parnami, Aman and Suzuki, Ryo},
  booktitle={Proceedings of the 2023 CHI Conference on Human Factors in Computing Systems},
  pages={1--15},
  year={2023}
}

@inproceedings{morrison2015subgoals,
  title={Subgoals, context, and worked examples in learning computing problem solving},
  author={Morrison, Briana B and Margulieux, Lauren E and Guzdial, Mark},
  booktitle={Proceedings of the eleventh annual international conference on international computing education research},
  pages={21--29},
  year={2015}
}

@article{morrison2020curious,
  title={The curious case of loops},
  author={Morrison, Briana B and Margulieux, Lauren E and Decker, Adrienne},
  journal={Computer Science Education},
  volume={30},
  number={2},
  pages={127--154},
  year={2020},
  publisher={Taylor \& Francis}
}

@article{okano2021outcomes,
  title={Outcomes of simulation-based education for vascular access: a systematic review and meta-analysis},
  author={Okano, Hiromu and Mayumi, Takuya and Kataoka, Yuki and Banno, Masahiro and Tsujimoto, Yasushi and Shiroshita, Akihiro and Taito, Shunsuke and Tokumine, Joho},
  journal={Cureus},
  volume={13},
  number={8},
  year={2021},
  publisher={Cureus Inc.}
}

@article{parks2013can,
  title={Can medical learners achieve point-of-care ultrasound competency using a high-fidelity ultrasound simulator?: a pilot study},
  author={Parks, Adam R and Atkinson, Paul and Verheul, Glenn and LeBlanc-Duchin, Denise},
  journal={Critical ultrasound journal},
  volume={5},
  pages={1--6},
  year={2013},
  publisher={Springer}
}

@article{sailer2005eye,
  title={Eye--hand coordination during learning of a novel visuomotor task},
  author={Sailer, Uta and Flanagan, J Randall and Johansson, Roland S},
  journal={Journal of Neuroscience},
  volume={25},
  number={39},
  pages={8833--8842},
  year={2005},
  publisher={Soc Neuroscience}
}

@inproceedings{semeraro2022visualizing,
  title={Visualizing instructions for physical training: Exploring visual cues to support movement learning from instructional videos},
  author={Semeraro, Alessandra and Turmo Vidal, Laia},
  booktitle={Proceedings of the 2022 CHI Conference on Human Factors in Computing Systems},
  pages={1--16},
  year={2022}
}

@online{sim1,
  author = {SonoMan},
  title = {SonoMan® Diagnostic Ultrasound Simulator},
  year = 2024,
  url = {https://simulab.com/products/sonoman-c2-ae-diagnostic-ultrasound-simulator},
  urldate = {2024-09-10}
}

@online{sim2,
  author = {Intelligent Ultrasound},
  title = {Simulation in Transvaginal (TV) and Transabdominal (TA) Ultrasound},
  year = 2024,
  url = {https://www.intelligentultrasound.com/scantrainer/},
  urldate = {2024-09-10}
}

@online{sim3,
  author = {SurgicalScience},
  title = {Ultrasound Mentorl},
  year = 2024,
  url = {https://surgicalscience.com/simulators/u-s-mentor/},
  urldate = {2024-09-10}
}

@inproceedings{smith2000hand,
  title={Hand eye coordination patterns in target selection},
  author={Smith, Barton A and Ho, Janet and Ark, Wendy and Zhai, Shumin},
  booktitle={Proceedings of the 2000 symposium on Eye tracking research \& applications},
  pages={117--122},
  year={2000}
}

@article{vascularsim,
author = {Srikar Adhikari and Charles Schmier and Jared Marx},
title ={Focused Simulation Training: Emergency Department Nurses’ Confidence and Comfort Level in Performing Ultrasound-Guided Vascular Access},
journal = {The Journal of Vascular Access},
volume = {16},
number = {6},
pages = {515-520},
year = {2015},
doi = {10.5301/jva.5000436},
note ={PMID: 26109540},
URL = {https://doi.org/10.5301/jva.5000436},
eprint = {https://doi.org/10.5301/jva.5000436}}

@misc{vr1,
  author = {SonoSimulator},
  title = {The SonoSimulator®: Scan Real Pathology on Virtual Patients},
  howpublished = {\url{https://sonosim.com/virtual-ultrasound-scanning-sonosimulator}},
  note = {Accessed: 2024-09-10}
}

@misc{vr2,
  author = {SurgicalScience},
  title = {VR Add-On for Ultrasound Mentor},
  howpublished = {\url{https://surgicalscience.com/simulators/u-s-mentor/vr-add-on/}},
  note = {Accessed: 2024-09-10}
}

@misc{vr3annotate,
  author = {3D Organon},
  title = {3D Organon Ultrasound VR Educational Simulator New Features},
  howpublished = {\url{https://www.3dorganon.com/3d-organon-ultrasound-vr-educational-simulator-new-features/}},
  note = {Accessed: 2024-09-10}
}

@inproceedings{wang2020capturar,
  title={CAPturAR: An augmented reality tool for authoring human-involved context-aware applications},
  author={Wang, Tianyi and Qian, Xun and He, Fengming and Hu, Xiyun and Huo, Ke and Cao, Yuanzhi and Ramani, Karthik},
  booktitle={Proceedings of the 33rd Annual ACM Symposium on User Interface Software and Technology},
  pages={328--341},
  year={2020}
}

@online{web1,
  author = {3B Scientific},
  title = {ULTRASOUND SIMULATION SOFTWARE},
  year = 2024,
  url = {https://www.3bscientific.com/us/ultrasound-simulation-software,pg_1626.html},
  urldate = {2024-09-10}
}

@online{web2,
  author = {Scanbooster},
  title = {Scanbooster Control},
  year = 2022,
  url = {https://www.scanbooster.com/},
  urldate = {2024-09-10}
}

@online{web3phoneinsimo,
  author = {InSimo},
  title = {Online ultrasound simulator},
  year = 2023,
  url = {https://www.insimo.com/display-ultrasound/},
  urldate = {2024-09-10}
}

@online{web4,
  author = {University of Toronto},
  title = {Online ultrasound simulator},
  year = 2008,
  url = {https://pie.med.utoronto.ca/POCUS/},
  urldate = {2024-09-10}
}

@inproceedings{whitlock2020authar,
  title={AuthAR: concurrent authoring of tutorials for AR assembly guidance},
  author={Whitlock, Matt and Fitzmaurice, George and Grossman, Tovi and Matejka, Justin},
  booktitle={Graphics Interface 2020},
  year={2020}
}

@inproceedings{yamaguchi2020video,
  title={Video-annotated augmented reality assembly tutorials},
  author={Yamaguchi, Masahiro and Mori, Shohei and Mohr, Peter and Tatzgern, Markus and Stanescu, Ana and Saito, Hideo and Kalkofen, Denis},
  booktitle={Proceedings of the 33rd annual ACM symposium on user interface software and technology},
  pages={1010--1022},
  year={2020}
}

@article{zhou2023method,
  title={Method of Electrical Muscle Stimulation for Training FPS Game Players in the Timing of Shots},
  author={Zhou, Shuo and Segawa, Norihisa},
  journal={Proceedings of the ACM on Human-Computer Interaction},
  volume={7},
  number={CHI PLAY},
  pages={1234--1252},
  year={2023},
  publisher={ACM New York, NY, USA}
}

@article{zhu2020hand,
  title={Hand-eye coordination-based implicit re-calibration method for gaze tracking on ultrasound machines: a statistical approach},
  author={Zhu, Hongzhi and Rohling, Robert N and Salcudean, Septimiu E},
  journal={International journal of computer assisted radiology and surgery},
  volume={15},
  number={5},
  pages={837--845},
  year={2020},
  publisher={Springer}
}

