@book{moggridge2007designing,
  title={Designing interactions},
  author={Moggridge, Bill and Atkinson, Bill},
  volume={17},
  year={2007},
  publisher={MIT press Cambridge}
}


% Journals

% First the Full Name is given, then the abbreviation used in the AMS Math
% Reviews, with an indication if it could not be found there.
% Note the 2nd overwrites the 1st, so swap them if you want the full name.

 %{AMS}
 @String{AMSTrans = "American Mathematical Society Translations" }
 @String{AMSTrans = "Amer. Math. Soc. Transl." }
 @String{BullAMS = "Bulletin of the American Mathematical Society" }
 @String{BullAMS = "Bull. Amer. Math. Soc." }
 @String{ProcAMS = "Proceedings of the American Mathematical Society" }
 @String{ProcAMS = "Proc. Amer. Math. Soc." }
 @String{TransAMS = "Transactions of the American Mathematical Society" }
 @String{TransAMS = "Trans. Amer. Math. Soc." }

 %ACM
 @String{CACM = "Communications of the {ACM}" }
 @String{CACM = "Commun. {ACM}" }
 @String{CompServ = "Comput. Surveys" }
 @String{JACM = "J. ACM" }
 @String{ACMMathSoft = "{ACM} Transactions on Mathematical Software" }
 @String{ACMMathSoft = "{ACM} Trans. Math. Software" }
 @String{SIGNUM = "{ACM} {SIGNUM} Newsletter" }
 @String{SIGNUM = "{ACM} {SIGNUM} Newslett." }

 @String{AmerSocio = "American Journal of Sociology" }
 @String{AmerStatAssoc = "Journal of the American Statistical Association" }
 @String{AmerStatAssoc = "J. Amer. Statist. Assoc." }
 @String{ApplMathComp = "Applied Mathematics and Computation" }
 @String{ApplMathComp = "Appl. Math. Comput." }
 @String{AmerMathMonthly = "American Mathematical Monthly" }
 @String{AmerMathMonthly = "Amer. Math. Monthly" }
 @String{BIT = "{BIT}" }
 @String{BritStatPsych = "British Journal of Mathematical and Statistical
          Psychology" }
 @String{BritStatPsych = "Brit. J. Math. Statist. Psych." }
 @String{CanMathBull = "Canadian Mathematical Bulletin" }
 @String{CanMathBull = "Canad. Math. Bull." }
 @String{CompApplMath = "Journal of Computational and Applied Mathematics" }
 @String{CompApplMath = "J. Comput. Appl. Math." }
 @String{CompPhys = "Journal of Computational Physics" }
 @String{CompPhys = "J. Comput. Phys." }
 @String{CompStruct = "Computers and Structures" }
 @String{CompStruct = "Comput. \& Structures" }
 @String{CompJour = "The Computer Journal" }
 @String{CompJour = "Comput. J." }
 @String{CompSysSci = "Journal of Computer and System Sciences" }
 @String{CompSysSci = "J. Comput. System Sci." }
 @String{Computing = "Computing" }
 @String{ContempMath = "Contemporary Mathematics" }
 @String{ContempMath = "Contemp. Math." }
 @String{Crelle = "Crelle's Journal" }
 @String{GiornaleMath = "Giornale di Mathematiche" }
 @String{GiornaleMath = "Giorn. Mat." } % didn't find in AMS MR., ibid.

 %IEEE
 @String{Computer = "{IEEE} Computer" }
 @String{IEEETransComp = "{IEEE} Transactions on Computers" }
 @String{IEEETransComp = "{IEEE} Trans. Comput." }
 @String{IEEETransAC = "{IEEE} Transactions on Automatic Control" }
 @String{IEEETransAC = "{IEEE} Trans. Automat. Control" }
 @String{IEEESpec = "{IEEE} Spectrum" } % didn't find in AMS MR
 @String{ProcIEEE = "Proceedings of the {IEEE}" }
 @String{ProcIEEE = "Proc. {IEEE}" } % didn't find in AMS MR
 @String{IEEETransAeroElec = "{IEEE} Transactions on Aerospace and Electronic
     Systems" }
 @String{IEEETransAeroElec = "{IEEE} Trans. Aerospace Electron. Systems" }

 @String{IMANumerAna = "{IMA} Journal of Numerical Analysis" }
 @String{IMANumerAna = "{IMA} J. Numer. Anal." }
 @String{InfProcLet = "Information Processing Letters" }
 @String{InfProcLet = "Inform. Process. Lett." }
 @String{InstMathApp = "Journal of the Institute of Mathematics and
     its Applications" }
 @String{InstMathApp = "J. Inst. Math. Appl." }
 @String{IntControl = "International Journal of Control" }
 @String{IntControl = "Internat. J. Control" }
 @String{IntNumerEng = "International Journal for Numerical Methods in
     Engineering" }
 @String{IntNumerEng = "Internat. J. Numer. Methods Engrg." }
 @String{IntSuper = "International Journal of Supercomputing Applications" }
 @String{IntSuper = "Internat. J. Supercomputing Applic." } % didn't find
%% in AMS MR
 @String{Kibernetika = "Kibernetika" }
 @String{JResNatBurStand = "Journal of Research of the National Bureau
     of Standards" }
 @String{JResNatBurStand = "J. Res. Nat. Bur. Standards" }
 @String{LinAlgApp = "Linear Algebra and its Applications" }
 @String{LinAlgApp = "Linear Algebra Appl." }
 @String{MathAnaAppl = "Journal of Mathematical Analysis and Applications" }
 @String{MathAnaAppl = "J. Math. Anal. Appl." }
 @String{MathAnnalen = "Mathematische Annalen" }
 @String{MathAnnalen = "Math. Ann." }
 @String{MathPhys = "Journal of Mathematical Physics" }
 @String{MathPhys = "J. Math. Phys." }
 @String{MathComp = "Mathematics of Computation" }
 @String{MathComp = "Math. Comp." }
 @String{MathScand = "Mathematica Scandinavica" }
 @String{MathScand = "Math. Scand." }
 @String{TablesAidsComp = "Mathematical Tables and Other Aids to Computation" }
 @String{TablesAidsComp = "Math. Tables Aids Comput." }
 @String{NumerMath = "Numerische Mathematik" }
 @String{NumerMath = "Numer. Math." }
 @String{PacificMath = "Pacific Journal of Mathematics" }
 @String{PacificMath = "Pacific J. Math." }
 @String{ParDistComp = "Journal of Parallel and Distributed Computing" }
 @String{ParDistComp = "J. Parallel and Distrib. Comput." } % didn't find
%% in AMS MR
 @String{ParComputing = "Parallel Computing" }
 @String{ParComputing = "Parallel Comput." }
 @String{PhilMag = "Philosophical Magazine" }
 @String{PhilMag = "Philos. Mag." }
 @String{ProcNAS = "Proceedings of the National Academy of Sciences
                    of the USA" }
 @String{ProcNAS = "Proc. Nat. Acad. Sci. U. S. A." }
 @String{Psychometrika = "Psychometrika" }
 @String{QuartMath = "Quarterly Journal of Mathematics, Oxford, Series (2)" }
 @String{QuartMath = "Quart. J. Math. Oxford Ser. (2)" }
 @String{QuartApplMath = "Quarterly of Applied Mathematics" }
 @String{QuartApplMath = "Quart. Appl. Math." }
 @String{RevueInstStat = "Review of the International Statisical Institute" }
 @String{RevueInstStat = "Rev. Inst. Internat. Statist." }

 %SIAM
 @String{JSIAM = "Journal of the Society for Industrial and Applied
     Mathematics" }
 @String{JSIAM = "J. Soc. Indust. Appl. Math." }
 @String{JSIAMB = "Journal of the Society for Industrial and Applied
     Mathematics, Series B, Numerical Analysis" }
 @String{JSIAMB = "J. Soc. Indust. Appl. Math. Ser. B Numer. Anal." }
 @String{SIAMAlgMeth = "{SIAM} Journal on Algebraic and Discrete Methods" }
 @String{SIAMAlgMeth = "{SIAM} J. Algebraic Discrete Methods" }
 @String{SIAMAppMath = "{SIAM} Journal on Applied Mathematics" }
 @String{SIAMAppMath = "{SIAM} J. Appl. Math." }
 @String{SIAMComp = "{SIAM} Journal on Computing" }
 @String{SIAMComp = "{SIAM} J. Comput." }
 @String{SIAMMatrix = "{SIAM} Journal on Matrix Analysis and Applications" }
 @String{SIAMMatrix = "{SIAM} J. Matrix Anal. Appl." }
 @String{SIAMNumAnal = "{SIAM} Journal on Numerical Analysis" }
 @String{SIAMNumAnal = "{SIAM} J. Numer. Anal." }
 @String{SIAMReview = "{SIAM} Review" }
 @String{SIAMReview = "{SIAM} Rev." }
 @String{SIAMSciStat = "{SIAM} Journal on Scientific and Statistical
     Computing" }
 @String{SIAMSciStat = "{SIAM} J. Sci. Statist. Comput." }

 @String{SoftPracExp = "Software Practice and Experience" }
 @String{SoftPracExp = "Software Prac. Experience" } % didn't find in AMS MR
 @String{StatScience = "Statistical Science" }
 @String{StatScience = "Statist. Sci." }
 @String{Techno = "Technometrics" }
 @String{USSRCompMathPhys = "{USSR} Computational Mathematics and Mathematical
     Physics" }
 @String{USSRCompMathPhys = "{U. S. S. R.} Comput. Math. and Math. Phys." }
 @String{VLSICompSys = "Journal of {VLSI} and Computer Systems" }
 @String{VLSICompSys = "J. {VLSI} Comput. Syst." }
 @String{ZAngewMathMech = "Zeitschrift fur Angewandte Mathematik und
     Mechanik" }
 @String{ZAngewMathMech = "Z. Angew. Math. Mech." }
 @String{ZAngewMathPhys = "Zeitschrift fur Angewandte Mathematik und Physik" }
 @String{ZAngewMathPhys = "Z. Angew. Math. Phys." }

% Publishers % ================================================= |

 @String{Academic = "Academic Press" }
 @String{ACMPress = "{ACM} Press" }
 @String{AdamHilger = "Adam Hilger" }
 @String{AddisonWesley = "Addison-Wesley" }
 @String{AllynBacon = "Allyn and Bacon" }
 @String{AMS = "American Mathematical Society" }
 @String{Birkhauser = "Birkha{\"u}ser" }
 @String{CambridgePress = "Cambridge University Press" }
 @String{Chelsea = "Chelsea" }
 @String{ClaredonPress = "Claredon Press" }
 @String{DoverPub = "Dover Publications" }
 @String{Eyolles = "Eyolles" }
 @String{HoltRinehartWinston = "Holt, Rinehart and Winston" }
 @String{Interscience = "Interscience" }
 @String{JohnsHopkinsPress = "The Johns Hopkins University Press" }
 @String{JohnWileySons = "John Wiley and Sons" }
 @String{Macmillan = "Macmillan" }
 @String{MathWorks = "The Math Works Inc." }
 @String{McGrawHill = "McGraw-Hill" }
 @String{NatBurStd = "National Bureau of Standards" }
 @String{NorthHolland = "North-Holland" }
 @String{OxfordPress = "Oxford University Press" }  %address Oxford or London?
 @String{PergamonPress = "Pergamon Press" }
 @String{PlenumPress = "Plenum Press" }
 @String{PrenticeHall = "Prentice-Hall" }
 @String{SIAMPub = "{SIAM} Publications" }
 @String{Springer = "Springer-Verlag" }
 @String{TexasPress = "University of Texas Press" }
 @String{VanNostrand = "Van Nostrand" }
 @String{WHFreeman = "W. H. Freeman and Co." }

%Entries

@article{CICCONE2004621,
title = {Cardiac ultrasound},
journal = {Emergency Medicine Clinics of North America},
volume = {22},
number = {3},
pages = {621-640},
year = {2004},
note = {Ultrasound in Emergency Medicine},
issn = {0733-8627},
doi = {https://doi.org/10.1016/j.emc.2004.04.012},
url = {https://www.sciencedirect.com/science/article/pii/S0733862704000434},
author = {Teriggi J. Ciccone and Shamai A. Grossman}
}
@article{devangam2023point,
  title={Point-of-care ultrasound: a moving picture is worth a thousand tests},
  author={Devangam, Suhas and Sigakis, Matthew and Palmer, Louisa J and Goeddel, Lee and Fiza, Babar},
  journal={Anesthesiology clinics},
  volume={41},
  number={1},
  pages={231--248},
  year={2023},
  publisher={Elsevier}
}

@article{russell2022parasternal,
  title={The Parasternal Long Axis View in Isolation: Is it Good Enough?},
  author={Russell, Frances M and Herbert, Audrey and Manring, David and Rutz, Matt A and Nti, Benjamin and Rood, Loren K and Ehrman, Robert R},
  journal={The Journal of Emergency Medicine},
  volume={62},
  number={6},
  pages={769--774},
  year={2022},
  publisher={Elsevier}
}

@article{gibson2020ensuring,
  title={Ensuring competency in focused cardiac ultrasound: a systematic review of training programs},
  author={Gibson, Lauren E and White-Dzuro, Gabrielle A and Lindsay, Patrick J and Berg, Sheri M and Bittner, Edward A and Chang, Marvin G},
  journal={Journal of Intensive Care},
  volume={8},
  pages={1--16},
  year={2020},
  publisher={Springer}
}

@book{van2017ten,
  title={Ten steps to complex learning: A systematic approach to four-component instructional design},
  author={Van Merri{\"e}nboer, Jeroen JG and Kirschner, Paul A},
  year={2017},
  publisher={Routledge}
}

@article{austin1996goal,
  title={Goal constructs in psychology: Structure, process, and content.},
  author={Austin, James T and Vancouver, Jeffrey B},
  journal={Psychological bulletin},
  volume={120},
  number={3},
  pages={338},
  year={1996},
  publisher={American Psychological Association}
}

@article{li2020perioperative,
  title={Perioperative point of care ultrasound (POCUS) for anesthesiologists: an overview},
  author={Li, Linda and Yong, R Jason and Kaye, Alan D and Urman, Richard D},
  journal={Current pain and headache reports},
  volume={24},
  pages={1--15},
  year={2020},
  publisher={Springer}
}

@book{alty2013practical,
  title={Practical ultrasound: an illustrated guide},
  author={Alty, Jane and Hoey, Edward},
  year={2013},
  publisher={CRC Press}
}

@article{nicholls2014psychomotor,
  title={Psychomotor skills in medical ultrasound imaging: an analysis of the core skill set},
  author={Nicholls, Delwyn and Sweet, Linda and Hyett, Jon},
  journal={Journal of Ultrasound in Medicine},
  volume={33},
  number={8},
  pages={1349--1352},
  year={2014},
  publisher={Wiley Online Library}
}

@article{situ2021can,
  title={Can ultrasound novices develop image acquisition skills after reviewing online ultrasound modules?},
  author={Situ-LaCasse, Elaine and Acu{\~n}a, Josie and Huynh, Dang and Amini, Richard and Irving, Steven and Samsel, Kara and Patanwala, Asad E and Biffar, David E and Adhikari, Srikar},
  journal={BMC Medical Education},
  volume={21},
  pages={1--7},
  year={2021},
  publisher={Springer}
}

@article{gunabushanam2019accessible,
  title={Accessible personal ultrasound training simulator},
  author={Gunabushanam, Gowthaman and Nautsch, Felix and Mills, Ian and Scoutt, Leslie M},
  journal={Journal of Ultrasound in Medicine},
  volume={38},
  number={6},
  pages={1425--1432},
  year={2019},
  publisher={Wiley Online Library}
}

@article{parks2013can,
  title={Can medical learners achieve point-of-care ultrasound competency using a high-fidelity ultrasound simulator?: a pilot study},
  author={Parks, Adam R and Atkinson, Paul and Verheul, Glenn and LeBlanc-Duchin, Denise},
  journal={Critical ultrasound journal},
  volume={5},
  pages={1--6},
  year={2013},
  publisher={Springer}
}

@article{mackay2018can,
  title={Can you teach yourself point-of-care ultrasound to a level of clinical competency? Evaluation of a self-directed simulation-based training program},
  author={Mackay, Fraser D and Zhou, Felix and Lewis, David and Fraser, Jacqueline and Atkinson, Paul R},
  journal={Cureus},
  volume={10},
  number={9},
  year={2018},
  publisher={Cureus Inc.}
}

@article{ali2020simulator,
  title={Simulator-based ultrasound training for identification of endotracheal tube placement in a neonatal intensive care unit using point of care ultrasound},
  author={Ali, Khushboo Qaim and Soofi, Sajid Bashir and Hussain, Ali Shabbir and Ansari, Uzair and Morris, Shaun and Tessaro, Mark Oliver and Ariff, Shabina and Merali, Hasan},
  journal={BMC Medical Education},
  volume={20},
  pages={1--11},
  year={2020},
  publisher={Springer}
}

@article{dietrich2017point,
  title={Point of care ultrasound: a WFUMB position paper},
  author={Dietrich, Christoph F and Goudie, Adrian and Chiorean, Liliana and Cui, Xin Wu and Gilja, Odd Helge and Dong, Yi and Abramowicz, Jacques S and Vinayak, Sudhir and Westerway, Susan Campbell and Nols{\o}e, Christian P{\'a}llson and others},
  journal={Ultrasound in medicine \& biology},
  volume={43},
  number={1},
  pages={49--58},
  year={2017},
  publisher={Elsevier}
}

@article{yoosaf2022role,
  title={Role of Handedness in Conducting an Ultrasound-Guided Procedure: A Comparative Study},
  author={Yoosaf, Shifa Shajahan and Umer Mohamed, Zubair and Sugashini, Veerasamy and Ravindran, Greeshma C and Kumar, Lakshmi},
  journal={Journal of Diagnostic Medical Sonography},
  volume={38},
  number={5},
  pages={438--445},
  year={2022},
  publisher={SAGE Publications Sage CA: Los Angeles, CA}
}

@article{kochan2021point,
  title={Point-of-care ultrasound to confirm umbilical line placement: Impact of a simulation enhanced curriculum on neonatal Intensive Care Unit provider competency},
  author={Kochan, Michael J and Kim, Jane S and Hoffman, Suma B and Mola, Sara J and Kim, Jae H and Viscardi, Rose M},
  journal={Simulation in Healthcare},
  volume={16},
  number={5},
  pages={303--310},
  year={2021},
  publisher={LWW}
}

@article{zhu2020hand,
  title={Hand-eye coordination-based implicit re-calibration method for gaze tracking on ultrasound machines: a statistical approach},
  author={Zhu, Hongzhi and Rohling, Robert N and Salcudean, Septimiu E},
  journal={International journal of computer assisted radiology and surgery},
  volume={15},
  number={5},
  pages={837--845},
  year={2020},
  publisher={Springer}
}

@article{ballard1992hand,
  title={Hand-eye coordination during sequential tasks},
  author={Ballard, Dana H and Hayhoe, Mary M and Li, Feng and Whitehead, Steven D},
  journal={Philosophical Transactions of the Royal Society of London. Series B: Biological Sciences},
  volume={337},
  number={1281},
  pages={331--339},
  year={1992},
  publisher={The Royal Society London}
}

@inproceedings{SilvaJournalOE,
  title={Journal of Educational Evaluation for Health Professions Randomized Study of Effectiveness of Computerized Ultrasound Simulators for an Introductory Course for Residents in Brazil},
  author={Jack Philip Silva and Trevor Plescia and Nathan Molina and Ana Claudia De Oliveira Tonelli and Mark I. Langdorf and John Christian Fox},
  url={https://api.semanticscholar.org/CorpusID:16881885}
}

@article{SituLaCasse2021CanUN,
  title={Can ultrasound novices develop image acquisition skills after reviewing online ultrasound modules?},
  author={Elaine H Situ-LaCasse and Josie Acu{\~n}a and Dang Huynh and Richard Amini and Steven C Irving and Kara Samsel and Asad E. Patanwala and David E. Biffar and Srikar Adhikari},
  journal={BMC Medical Education},
  year={2021},
  volume={21},
  url={https://api.semanticscholar.org/CorpusID:232299456}
}

@article{margulieux2020effect,
  title={Effect of Implementing Subgoals in Code. org's Intro to Programming Unit in Computer Science Principles},
  author={Margulieux, Lauren E and Morrison, Briana B and Franke, Baker and Ramilison, Harivololona},
  journal={ACM Transactions on Computing Education (TOCE)},
  volume={20},
  number={4},
  pages={1--24},
  year={2020},
  publisher={ACM New York, NY, USA}
}

@article{atkinson2003aiding,
  title={Aiding Transfer in Statistics: Examining the Use of Conceptually Oriented Equations and Elaborations During Subgoal Learning.},
  author={Atkinson, Robert K and Catrambone, Richard and Merrill, Mary Margaret},
  journal={Journal of Educational Psychology},
  volume={95},
  number={4},
  pages={762},
  year={2003},
  publisher={American Psychological Association}
}

@misc{ubcimpocusCardiacQuiz,
	author = {},
	title = {{C}ardiac {Q}uiz — {U}{B}{C} {I}{M} {P}{O}{C}{U}{S} --- ubcimpocus.com},
	howpublished = {\url{https://www.ubcimpocus.com/cardiac-quiz}},
	year = {},
	note = {[Accessed 12-09-2024]},
}

@article{catrambone1998subgoal,
  title={The subgoal learning model: Creating better examples so that students can solve novel problems.},
  author={Catrambone, Richard},
  journal={Journal of experimental psychology: General},
  volume={127},
  number={4},
  pages={355},
  year={1998},
  publisher={American Psychological Association}
}

@article{margulieux2019finding,
  title={Finding the best types of guidance for constructing self-explanations of subgoals in programming},
  author={Margulieux, Lauren E and Catrambone, Richard},
  journal={Journal of the Learning Sciences},
  volume={28},
  number={1},
  pages={108--151},
  year={2019},
  publisher={Taylor \& Francis}
}

@inproceedings{margulieux2012subgoal,
  title={Subgoal-labeled instructional material improves performance and transfer in learning to develop mobile applications},
  author={Margulieux, Lauren E and Guzdial, Mark and Catrambone, Richard},
  booktitle={Proceedings of the ninth annual international conference on International computing education research},
  pages={71--78},
  year={2012}
}

@article{morrison2020curious,
  title={The curious case of loops},
  author={Morrison, Briana B and Margulieux, Lauren E and Decker, Adrienne},
  journal={Computer Science Education},
  volume={30},
  number={2},
  pages={127--154},
  year={2020},
  publisher={Taylor \& Francis}
}

@inproceedings{morrison2015subgoals,
  title={Subgoals, context, and worked examples in learning computing problem solving},
  author={Morrison, Briana B and Margulieux, Lauren E and Guzdial, Mark},
  booktitle={Proceedings of the eleventh annual international conference on international computing education research},
  pages={21--29},
  year={2015}
}

@article{jin2024codetree,
  title={CodeTree: A System for Learnersourcing Subgoal Hierarchies in Code Examples},
  author={Jin, Hyoungwook and Kim, Juho},
  journal={Proceedings of the ACM on Human-Computer Interaction},
  volume={8},
  number={CSCW1},
  pages={1--37},
  year={2024},
  publisher={ACM New York, NY, USA}
}

@inproceedings{choi2022algosolve,
  title={Algosolve: Supporting subgoal learning in algorithmic problem-solving with learnersourced microtasks},
  author={Choi, Kabdo and Shin, Hyungyu and Xia, Meng and Kim, Juho},
  booktitle={Proceedings of the 2022 CHI conference on human factors in computing systems},
  pages={1--16},
  year={2022}
}

@inproceedings{wang2020capturar,
  title={CAPturAR: An augmented reality tool for authoring human-involved context-aware applications},
  author={Wang, Tianyi and Qian, Xun and He, Fengming and Hu, Xiyun and Huo, Ke and Cao, Yuanzhi and Ramani, Karthik},
  booktitle={Proceedings of the 33rd Annual ACM Symposium on User Interface Software and Technology},
  pages={328--341},
  year={2020}
}

@inproceedings{huang2021adaptutar,
  title={Adaptutar: An adaptive tutoring system for machine tasks in augmented reality},
  author={Huang, Gaoping and Qian, Xun and Wang, Tianyi and Patel, Fagun and Sreeram, Maitreya and Cao, Yuanzhi and Ramani, Karthik and Quinn, Alexander J},
  booktitle={Proceedings of the 2021 CHI Conference on Human Factors in Computing Systems},
  pages={1--15},
  year={2021}
}

@inproceedings{cao2022mobiletutar,
  title={Mobiletutar: A lightweight augmented reality tutorial system using spatially situated human segmentation videos},
  author={Cao, Yuanzhi and Fuste, Anna and Heun, Valentin},
  booktitle={CHI Conference on Human Factors in Computing Systems Extended Abstracts},
  pages={1--8},
  year={2022}
}

@inproceedings{chidambaram2022editar,
  title={EditAR: A Digital Twin Authoring Environment for Creation of AR/VR and Video Instructions from a Single Demonstration},
  author={Chidambaram, Subramanian and Reddy, Sai Swarup and Rumple, Matthew and Ipsita, Ananya and Villanueva, Ana and Redick, Thomas and Stuerzlinger, Wolfgang and Ramani, Karthik},
  booktitle={2022 IEEE International Symposium on Mixed and Augmented Reality (ISMAR)},
  pages={326--335},
  year={2022},
  organization={IEEE}
}

@inproceedings{liu2023instrumentar,
  title={Instrumentar: Auto-generation of augmented reality tutorials for operating digital instruments through recording embodied demonstration},
  author={Liu, Ziyi and Zhu, Zhengzhe and Jiang, Enze and Huang, Feichi and Villanueva, Ana M and Qian, Xun and Wang, Tianyi and Ramani, Karthik},
  booktitle={Proceedings of the 2023 CHI Conference on Human Factors in Computing Systems},
  pages={1--17},
  year={2023}
}

@inproceedings{johnson2023augmenting,
  title={Augmenting Welding Training: An XR Platform to Foster Muscle Memory and Mindfulness for Skills Development},
  author={Johnson, Tate and Li, Ann and Knowles, Andrew and Chen, Zhenfang and Yi, Semina and Zhuang, Yumeng and El-Zanfaly, Dina and Byrne, Daragh},
  booktitle={Companion Proceedings of the 2023 Conference on Interactive Surfaces and Spaces},
  pages={61--64},
  year={2023}
}

@online{web1,
  author = {3B Scientific},
  title = {ULTRASOUND SIMULATION SOFTWARE},
  year = 2024,
  url = {https://www.3bscientific.com/us/ultrasound-simulation-software,pg_1626.html},
  urldate = {2024-09-10}
}
@online{web2,
  author = {Scanbooster},
  title = {Scanbooster Control},
  year = 2022,
  url = {https://www.scanbooster.com/},
  urldate = {2024-09-10}
}
@online{web3phoneinsimo,
  author = {InSimo},
  title = {Online ultrasound simulator},
  year = 2023,
  url = {https://www.insimo.com/display-ultrasound/},
  urldate = {2024-09-10}
}

@online{web4,
  author = {University of Toronto},
  title = {Online ultrasound simulator},
  year = 2008,
  url = {https://pie.med.utoronto.ca/POCUS/},
  urldate = {2024-09-10}
}

@online{sim1,
  author = {SonoMan},
  title = {SonoMan® Diagnostic Ultrasound Simulator},
  year = 2024,
  url = {https://simulab.com/products/sonoman-c2-ae-diagnostic-ultrasound-simulator},
  urldate = {2024-09-10}
}

@online{sim2,
  author = {Intelligent Ultrasound},
  title = {Simulation in Transvaginal (TV) and Transabdominal (TA) Ultrasound},
  year = 2024,
  url = {https://www.intelligentultrasound.com/scantrainer/},
  urldate = {2024-09-10}
}

@online{sim3,
  author = {SurgicalScience},
  title = {Ultrasound Mentorl},
  year = 2024,
  url = {https://surgicalscience.com/simulators/u-s-mentor/},
  urldate = {2024-09-10}
}

@misc{vr1,
  author = {SonoSimulator},
  title = {The SonoSimulator®: Scan Real Pathology on Virtual Patients},
  howpublished = {\url{https://sonosim.com/virtual-ultrasound-scanning-sonosimulator}},
  note = {Accessed: 2024-09-10}
}

@misc{vr2,
  author = {SurgicalScience},
  title = {VR Add-On for Ultrasound Mentor},
  howpublished = {\url{https://surgicalscience.com/simulators/u-s-mentor/vr-add-on/}},
  note = {Accessed: 2024-09-10}
}

@misc{vr3annotate,
  author = {3D Organon},
  title = {3D Organon Ultrasound VR Educational Simulator New Features},
  howpublished = {\url{https://www.3dorganon.com/3d-organon-ultrasound-vr-educational-simulator-new-features/}},
  note = {Accessed: 2024-09-10}
}

@misc{ar1,
  author = {Medivis},
  title = {Ultrasound AR: The next frontier in medical imaging.},
  howpublished = {\url{https://www.medivis.com/body-navigation}},
  note = {Accessed: 2024-09-10}
}

@article{evans2024product,
  title={A Product Evaluation of Augmented Reality Equipment Coupled to Diagnostic Medical Sonography: A Potential Equipment and Ergonomic Innovation},
  author={Evans, Kevin D and Bradbury, Peter and Bloom, Isaiah W and Xu, Menglin},
  journal={Journal of Diagnostic Medical Sonography},
  pages={87564793241268415},
  year={2024},
  publisher={SAGE Publications Sage CA: Los Angeles, CA}
}

@article{OlivaresPerez2021VirtualAA,
  title={Virtual anatomy and point‐of‐care ultrasonography integration pilot for medical students},
  author={Marcus E Olivares-Perez and Sally Graglia and Derek J Harmon and Barbie A Klein},
  journal={Anatomical Sciences Education},
  year={2021},
  volume={15},
  pages={464 - 475},
  url={https://api.semanticscholar.org/CorpusID:243845963}
}

@inproceedings{ipsita2022welding,
  title={Towards modeling of virtual reality welding simulators to promote accessible and scalable training},
  author={Ipsita, Ananya and Erickson, Levi and Dong, Yangzi and Huang, Joey and Bushinski, Alexa K and Saradhi, Sraven and Villanueva, Ana M and Peppler, Kylie A and Redick, Thomas S and Ramani, Karthik},
  booktitle={Proceedings of the 2022 CHI conference on human factors in computing systems},
  pages={1--21},
  year={2022}
}

@inproceedings{cao2020exploratory,
  title={An exploratory study of augmented reality presence for tutoring machine tasks},
  author={Cao, Yuanzhi and Qian, Xun and Wang, Tianyi and Lee, Rachel and Huo, Ke and Ramani, Karthik},
  booktitle={Proceedings of the 2020 CHI conference on human factors in computing systems},
  pages={1--13},
  year={2020}
}

@inproceedings{chidambaram2021processar,
  title={Processar: An augmented reality-based tool to create in-situ procedural 2d/3d ar instructions},
  author={Chidambaram, Subramanian and Huang, Hank and He, Fengming and Qian, Xun and Villanueva, Ana M and Redick, Thomas S and Stuerzlinger, Wolfgang and Ramani, Karthik},
  booktitle={Proceedings of the 2021 ACM Designing Interactive Systems Conference},
  pages={234--249},
  year={2021}
}

@inproceedings{whitlock2020authar,
  title={AuthAR: concurrent authoring of tutorials for AR assembly guidance},
  author={Whitlock, Matt and Fitzmaurice, George and Grossman, Tovi and Matejka, Justin},
  booktitle={Graphics Interface 2020},
  year={2020}
}


@inproceedings{anderson2013youmove,
  title={YouMove: enhancing movement training with an augmented reality mirror},
  author={Anderson, Fraser and Grossman, Tovi and Matejka, Justin and Fitzmaurice, George},
  booktitle={Proceedings of the 26th annual ACM symposium on User interface software and technology},
  pages={311--320},
  year={2013}
}

@inproceedings{faridan2023chameleoncontrol,
  title={Chameleoncontrol: Teleoperating real human surrogates through mixed reality gestural guidance for remote hands-on classrooms},
  author={Faridan, Mehrad and Kumari, Bheesha and Suzuki, Ryo},
  booktitle={Proceedings of the 2023 CHI conference on human factors in computing systems},
  pages={1--13},
  year={2023}
}

@inproceedings{monteiro2023teachable,
  title={Teachable reality: Prototyping tangible augmented reality with everyday objects by leveraging interactive machine teaching},
  author={Monteiro, Kyzyl and Vatsal, Ritik and Chulpongsatorn, Neil and Parnami, Aman and Suzuki, Ryo},
  booktitle={Proceedings of the 2023 CHI Conference on Human Factors in Computing Systems},
  pages={1--15},
  year={2023}
}

@inproceedings{yamaguchi2020video,
  title={Video-annotated augmented reality assembly tutorials},
  author={Yamaguchi, Masahiro and Mori, Shohei and Mohr, Peter and Tatzgern, Markus and Stanescu, Ana and Saito, Hideo and Kalkofen, Denis},
  booktitle={Proceedings of the 33rd annual ACM symposium on user interface software and technology},
  pages={1010--1022},
  year={2020}
}

@inproceedings{semeraro2022visualizing,
  title={Visualizing instructions for physical training: Exploring visual cues to support movement learning from instructional videos},
  author={Semeraro, Alessandra and Turmo Vidal, Laia},
  booktitle={Proceedings of the 2022 CHI Conference on Human Factors in Computing Systems},
  pages={1--16},
  year={2022}
}

@inproceedings{smith2000hand,
  title={Hand eye coordination patterns in target selection},
  author={Smith, Barton A and Ho, Janet and Ark, Wendy and Zhai, Shumin},
  booktitle={Proceedings of the 2000 symposium on Eye tracking research \& applications},
  pages={117--122},
  year={2000}
}

@inproceedings{huang2012user,
  title={User see, user point: gaze and cursor alignment in web search},
  author={Huang, Jeff and White, Ryen and Buscher, Georg},
  booktitle={Proceedings of the sigchi conference on human factors in computing systems},
  pages={1341--1350},
  year={2012}
}

@article{sailer2005eye,
  title={Eye--hand coordination during learning of a novel visuomotor task},
  author={Sailer, Uta and Flanagan, J Randall and Johansson, Roland S},
  journal={Journal of Neuroscience},
  volume={25},
  number={39},
  pages={8833--8842},
  year={2005},
  publisher={Soc Neuroscience}
}

@article{gao2017modeling,
  title={Modeling and evaluation of hand--eye coordination of surgical robotic system on task performance},
  author={Gao, Yuanqian and Wang, Shuxin and Li, Jianmin and Li, Aimin and Liu, Hongbin and Xing, Yuan},
  journal={The International Journal of Medical Robotics and Computer Assisted Surgery},
  volume={13},
  number={4},
  pages={e1829},
  year={2017},
  publisher={Wiley Online Library}
}

@article{horstmann2005target,
  title={Target selection in eye--hand coordination: Do we reach to where we look or do we look to where we reach?},
  author={Horstmann, Annette and Hoffmann, Klaus-Peter},
  journal={Experimental Brain Research},
  volume={167},
  pages={187--195},
  year={2005},
  publisher={Springer}
}

@article{lachman1997learning,
  title={Learning is a process: Toward an improved definition of learning},
  author={Lachman, Sheldon J},
  journal={The Journal of psychology},
  volume={131},
  number={5},
  pages={477--480},
  year={1997},
  publisher={Taylor \& Francis}
}

@article{krakauer2011human,
  title={Human sensorimotor learning: adaptation, skill, and beyond},
  author={Krakauer, John W and Mazzoni, Pietro},
  journal={Current opinion in neurobiology},
  volume={21},
  number={4},
  pages={636--644},
  year={2011},
  publisher={Elsevier}
}

@article{zhou2023method,
  title={Method of Electrical Muscle Stimulation for Training FPS Game Players in the Timing of Shots},
  author={Zhou, Shuo and Segawa, Norihisa},
  journal={Proceedings of the ACM on Human-Computer Interaction},
  volume={7},
  number={CHI PLAY},
  pages={1234--1252},
  year={2023},
  publisher={ACM New York, NY, USA}
}

@ARTICLE{huang2019robotic,
  author={Huang, Qinghua and Lan, Jiulong and Li, Xuelong},
  journal={IEEE Transactions on Industrial Informatics}, 
  title={Robotic Arm Based Automatic Ultrasound Scanning for Three-Dimensional Imaging}, 
  year={2019},
  volume={15},
  number={2},
  pages={1173-1182},
  keywords={Three-dimensional displays;Probes;Manipulators;Robot kinematics;Imaging;Robot sensing systems;Automatic scanning;robotic 3-D ultrasound;robotic arm;scan path planning},
  doi={10.1109/TII.2018.2871864}}


@article{margulieux2018varying,
  title={Varying effects of subgoal labeled expository text in programming, chemistry, and statistics},
  author={Margulieux, Lauren E and Catrambone, Richard and Schaeffer, Laura M},
  journal={Instructional Science},
  volume={46},
  pages={707--722},
  year={2018},
  publisher={Springer}
}

@inproceedings{de2009teaching,
  title={Teaching and assessing programming strategies explicitly},
  author={De Raadt, Michael and Watson, Richard and Toleman, Mark},
  booktitle={Proceedings of the 11th Australasian Computing Education Conference (ACE 2009)},
  volume={95},
  pages={45--54},
  year={2009}
}

@article{guzdial1998supporting,
  title={Supporting programming and learning-to-program with an integrated CAD and scaffolding workbench},
  author={Guzdial, Mark and Hohmann, Luke and Konneman, Michael and Walton, Christopher and Soloway, Elliot},
  journal={Interactive Learning Environments},
  volume={6},
  number={1-2},
  pages={143--179},
  year={1998},
  publisher={Taylor \& Francis}
}

@inproceedings{hu2013process,
  title={A process for novice programming using goals and plans},
  author={Hu, Minjie and Winikoff, Michael and Cranefield, Stephen},
  booktitle={Proceedings of the Fifteenth Australasian Computing Education Conference-Volume 136},
  pages={3--12},
  year={2013}
}

@inproceedings{koedinger2013using,
  title={Using data-driven discovery of better student models to improve student learning},
  author={Koedinger, Kenneth R and Stamper, John C and McLaughlin, Elizabeth A and Nixon, Tristan},
  booktitle={Artificial Intelligence in Education: 16th International Conference, AIED 2013, Memphis, TN, USA, July 9-13, 2013. Proceedings 16},
  pages={421--430},
  year={2013},
  organization={Springer}
}
@article{boulger2021itsus,
  title={ITSUS: Integrated, tiered, self-directed ultrasound scanning for learning anatomy},
  author={Boulger, Creagh and Prats, Michael and Niku, Adam and Diaz, Martina and Bahner, David P},
  journal={Cureus},
  volume={13},
  number={7},
  year={2021},
  publisher={Cureus Inc.}
}


@phdthesis{kim2015learnersourcing,
  title={Learnersourcing: improving learning with collective learner activity},
  author={Kim, Juho and others},
  year={2015},
  school={Massachusetts Institute of Technology}
}

@inproceedings{wang2024surgment,
  title={Surgment: Segmentation-enabled Semantic Search and Creation of Visual Question and Feedback to Support Video-Based Surgery Learning},
  author={Wang, Jingying and Tang, Haoran and Kantor, Taylor and Soltani, Tandis and Popov, Vitaliy and Wang, Xu},
  booktitle={Proceedings of the CHI Conference on Human Factors in Computing Systems},
  pages={1--18},
  year={2024}
}

@article{vascularsim,
author = {Srikar Adhikari and Charles Schmier and Jared Marx},
title ={Focused Simulation Training: Emergency Department Nurses’ Confidence and Comfort Level in Performing Ultrasound-Guided Vascular Access},
journal = {The Journal of Vascular Access},
volume = {16},
number = {6},
pages = {515-520},
year = {2015},
doi = {10.5301/jva.5000436},
note ={PMID: 26109540},
URL = {https://doi.org/10.5301/jva.5000436},
eprint = {https://doi.org/10.5301/jva.5000436}}

@article{okano2021outcomes,
  title={Outcomes of simulation-based education for vascular access: a systematic review and meta-analysis},
  author={Okano, Hiromu and Mayumi, Takuya and Kataoka, Yuki and Banno, Masahiro and Tsujimoto, Yasushi and Shiroshita, Akihiro and Taito, Shunsuke and Tokumine, Joho},
  journal={Cureus},
  volume={13},
  number={8},
  year={2021},
  publisher={Cureus Inc.}
}

@article{Wang2023MGPAM,
  title={MGP: a monitoring-based VR interactive mode to support guided practice},
  author={Yu Wang and Hongqiu Luan and Lu-Lu Wang and Shengzun Song and Yulong Bian and Xiyu Bao and Ran Liu and Wei Gai and Gaorong Lv and Chenglei Yang},
  journal={The Visual Computer},
  year={2023},
  volume={39},
  pages={3387-3401},
  url={https://api.semanticscholar.org/CorpusID:259600172}
}

@article{merrill2002first,
  title={First principles of instruction},
  author={Merrill, M David},
  journal={Educational technology research and development},
  volume={50},
  pages={43--59},
  year={2002},
  publisher={Springer}
}

@article{mirjalili2019genetic,
  title={Genetic algorithm},
  author={Mirjalili, Seyedali and Mirjalili, Seyedali},
  journal={Evolutionary algorithms and neural networks: theory and applications},
  pages={43--55},
  year={2019},
  publisher={Springer}
}

@inproceedings{kennedy1995particle,
  title={Particle swarm optimization},
  author={Kennedy, James and Eberhart, Russell},
  booktitle={Proceedings of ICNN'95-international conference on neural networks},
  volume={4},
  pages={1942--1948},
  year={1995},
  organization={ieee}
}

@article{becker2022boosting,
  title={Boosting human decision-making with AI-generated decision aids},
  author={Becker, Frederic and Skirzy{\'n}ski, Julian and van Opheusden, Bas and Lieder, Falk},
  journal={Computational Brain \& Behavior},
  volume={5},
  number={4},
  pages={467--490},
  year={2022},
  publisher={Springer}
}

@article{falotico2015fleiss,
  title={Fleiss’ kappa statistic without paradoxes},
  author={Falotico, Rosa and Quatto, Piero},
  journal={Quality \& Quantity},
  volume={49},
  pages={463--470},
  year={2015},
  publisher={Springer}
}

@misc{gagne2005principles,
  title={Principles of instructional design},
  author={Gagne, Robert M and Wager, Walter W and Golas, Katharine C and Keller, John M and Russell, James D},
  year={2005},
  publisher={Wiley Online Library}
}

@book{SeltmanChapter9,
  author = {Howard Seltman},
  title = {Chapter 9: {Simple Linear Regression}},
  year = {2024},
  publisher = {Carnegie Mellon University},
  url = {https://www.stat.cmu.edu/~hseltman/309/Book/chapter9.pdf},
  note = {Accessed: December 10, 2024}
}