@inproceedings{10.1145/2381896.2381910,
author = {Singh, Anshuman and Walenstein, Andrew and Lakhotia, Arun},
title = {Tracking concept drift in malware families},
year = {2012},
booktitle = {Proceedings of the 5th ACM Workshop on Security and Artificial Intelligence},
pages = {81--92},
series = {AISec '12}
}

@inproceedings{9027485,
  author={Singhal, Siddharth and Chawla, Utkarsh and Shorey, Rajeev},
  booktitle={2020 International Conference on Communication Systems \& Networks},
  series={COMSNETS}, 
  title={Machine Learning \& Concept Drift based Approach for Malicious Website Detection}, 
  year={2020},
  pages={582--585},
}

@article{Alejandro,
title = {Concept drift and cross-device behavior: Challenges and implications for effective {A}ndroid malware detection},
journal = {Computers \& Security},
author ={Alejandro Guerra-Manzanares and Marcin Luckner and Hayretdin Bahsi},
volume = {120},
pages = {102757},
year = {2022},
}

@inproceedings{Chen,
 author={Chen, Zhi and Zhang, Zhenning and Kan, Zeliang and Yang, Limin and Cortellazzi, Jacopo and Pendlebury, Feargus 
 	and Pierazzi, Fabio and Cavallaro, Lorenzo and Wang, Gang},
  booktitle={2023 IEEE Security and Privacy Workshops},
  series={SPW}, 
  title={Is It Overkill? {A}nalyzing Feature-Space Concept Drift in Malware Detectors}, 
  year={2023},
  pages={21--28},
}

@article{Hinckley,
author={David V. Hinkley},
title={Inference about the change-point in a sequence of random variables},
journal={Biometrika},
volume={57},
number={1},
pages={1--17},
year={1970}
}

@InProceedings{Jog,
author={Jog, Anita
and Chandavale, Anjali A.},
editor={Bhalla, Subhash
and Bhateja, Vikrant
and Chandavale, Anjali A.
and Hiwale, Anil S.
and Satapathy, Suresh Chandra},
title={Implementation of Credit Card Fraud Detection System with Concept Drifts Adaptation},
booktitle={Intelligent Computing and Information and Communication},
year={2018},
pages={467--477},
}

@inproceedings{Kan,
author={Kan, Z. and Pendlebury, F. and Pierazzi, F. and Cavallaro, L.},
title={Investigating Labelless Drift Adaptation for Malware Detection},
booktitle={Proceedings of the 14th {ACM} Workshop on Artificial Intelligence and Security},
series={AISec '21},
year={2021},
pages={123--134}
}

@inproceedings{Karbab,
author = {Karbab, ElMouatez Billah and Debbabi, Mourad},
title = {{PetaDroid}: Adaptive {A}ndroid Malware Detection Using Deep Learning},
year = {2021},
booktitle = {Detection of Intrusions and Malware, and Vulnerability Assessment: 18th International Conference},
series={DIMVA},
pages = {319--340},
}

@incollection{Lolitha,
author={Tupadha, Lolitha Sresta
and Stamp, Mark},
editor={Stamp, Mark
and Aaron Visaggio, Corrado
and Mercaldo, Francesco
and Di Troia, Fabio},
title={Machine Learning for Malware Evolution Detection},
booktitle={Artificial Intelligence for Cybersecurity},
year={2022},
publisher={Springer},
pages={183--213},
}

@article{Mayuri,
title = {Detecting malware evolution using {S}upport {V}ector {M}achines},
journal = {Expert Systems with Applications},
volume = {143},
pages = {113022},
year = {2020},
author = {Mayuri Wadkar and Fabio {Di Troia} and Mark Stamp},
}

@article{Molina,
title = {Efficient concept drift handling for batch {A}ndroid malware detection models},
journal = {Pervasive and Mobile Computing},
volume = {96},
pages = {101849},
year = {2023},
author = {Borja Molina-Coronado and Usue Mori and Alexander Mendiburu and Jose Miguel-Alonso},
}

@article{Page,
author={Ewan S. Page},
title={Continuous inspection schemes},
journal={Biometrika}, 
volume={41},
number={1/2},
pages={100--115},
year={1954}
}

@article{Sharma_2014,
   title={Evolution and Detection of Polymorphic and Metamorphic Malwares: A Survey},
   volume={90},
   number={2},
   journal={International Journal of Computer Applications},
   author={Sharma, Ashu and K. Sahay, S.},
   year={2014},
   pages={7--11}
}

@incollection{Sunhera,
author={Paul, Sunhera and Stamp, Mark},
editor={Stamp, Mark and Alazab, Mamoun and Shalaginov, Andrii},
title={Word Embedding Techniques for Malware Evolution Detection},
booktitle={Malware Analysis Using Artificial Intelligence and Deep Learning},
year={2021},
publisher={Springer},
pages={321--343},
}

@inproceedings{Xu,
  author={Xu, Ke and Li, Yingjiu and Deng, Robert and Chen, Kai and Xu, Jiayun},
  booktitle={2019 IEEE European Symposium on Security and Privacy},
  series={EuroS\&P}, 
  title={{DroidEvolver}: Self-Evolving {A}ndroid Malware Detection System}, 
  year={2019},
  pages={47--62},
 }

