@inproceedings {Yizheng,
author = {Yizheng Chen and Zhoujie Ding and David Wagner},
title = {Continuous Learning for Android Malware Detection},
booktitle = {32nd {USENIX} Security Symposium},
series={USENIX Security 23},
year = {2023},
pages = {1127--1144},
}

@inproceedings{Kan,
author={Kan, Z. and Pendlebury, F. and Pierazzi, F. and Cavallaro, L.},
title={Investigating Labelless Drift Adaptation for Malware Detection},
booktitle={Proceedings of the 14th {ACM} Workshop on Artificial Intelligence and Security},
series={AISec '21},
year={2021},
pages={123--134}
}

@inproceedings{Xu,
  author={Xu, Ke and Li, Yingjiu and Deng, Robert and Chen, Kai and Xu, Jiayun},
  booktitle={2019 IEEE European Symposium on Security and Privacy},
  series={EuroS\&P}, 
  title={{DroidEvolver}: Self-Evolving {A}ndroid Malware Detection System}, 
  year={2019},
  pages={47--62},
 }

@inproceedings{Karbab,
author = {Karbab, ElMouatez Billah and Debbabi, Mourad},
title = {{PetaDroid}: Adaptive {A}ndroid Malware Detection Using Deep Learning},
year = {2021},
booktitle = {Detection of Intrusions and Malware, and Vulnerability Assessment: 18th International Conference},
series={DIMVA},
pages = {319--340},
}

@article{Hinckley,
author={David V. Hinkley},
title={Inference about the change-point in a sequence of random variables},
journal={Biometrika},
volume={57},
number={1},
pages={1--17},
year={1970}
}

@article{Page,
author={Ewan S. Page},
title={Continuous inspection schemes},
journal={Biometrika}, 
volume={41},
number={1/2},
pages={100--115},
year={1954}
}

@misc{github,
author={Alejandro Guerra Manzanares},
title={About the {K}ronodroid Dataset},
year={2024},
howpublished={\url{https://github.com/aleguma/kronodroid/blob/main/README.md}}
}

@article{Lin,
  author = {Da Lin and Mark Stamp},
  title        = {Hunting for undetectable metamorphic viruses},
  journal      = {Journal in Computer Virology},
  volume       = {7},
  number       = {3},
  pages        = {201--214},
  year         = {2011},
}

@article{bm,
author={Jean-Marie Borello and Ludovic M\'{e}},
title={Code obfuscation techniques for metamorphic viruses}, 
journal={Journal in Computer Virology}, 
volume={4},
number={3},
year={2008},
pages={211--220}
}

@incollection{Lolitha,
author={Tupadha, Lolitha Sresta
and Stamp, Mark},
editor={Stamp, Mark
and Aaron Visaggio, Corrado
and Mercaldo, Francesco
and Di Troia, Fabio},
title={Machine Learning for Malware Evolution Detection},
booktitle={Artificial Intelligence for Cybersecurity},
year={2022},
publisher={Springer},
pages={183--213},
}

@incollection{Sunhera,
author={Paul, Sunhera and Stamp, Mark},
editor={Stamp, Mark and Alazab, Mamoun and Shalaginov, Andrii},
title={Word Embedding Techniques for Malware Evolution Detection},
booktitle={Malware Analysis Using Artificial Intelligence and Deep Learning},
year={2021},
publisher={Springer},
pages={321--343},
}

@article{Lout2024,
  author = {Pavla Louthánová and Matouš Kozák and Martin Jureček and Mark Stamp and Fabio Di Troia},
  title = {A comparison of adversarial malware generators},
  journal = {Journal of Computer Virology and Hacking Techniques},
  year = {2024},
  volume = {20},
  number = {4},
  pages = {623--639},
}

@mastersthesis{Singh2023,
  author = {Inderpreet Singh},
  title = {Concept Drift Detection in {A}ndroid Malware},
  year = {2023},
  school = {San Jose State University},
  type = {Master's Project},
  number = {1274},
  note = {\url{https://scholarworks.sjsu.edu/etd_projects/1274}}
}

@misc{luomaaho2023analysis,
  author       = {Mika Luoma-aho},
  title        = {Analysis of Modern Malware: Obfuscation Techniques},
  year         = {2023},
  howpublished  = {\url{http://www.theseus.fi/handle/10024/798038}},
}

@article{Anupama2022,
  author    = {M. L. Anupama and P. Vinod and Corrado Aaron Visaggio and M. A. Arya 
  	and Josna Philomina and Rincy Raphael and Anson Pinhero and K. S. Ajith and P. Mathiyalagan},
  title     = {Detection and robustness evaluation of {A}ndroid malware classifiers},
  journal   = {Journal of Computer Virology and Hacking Techniques},
  year      = {2022},
  volume    = {18},
  number    = {3},
  pages     = {147--170},
}


@article{Alejandro,
title = {Concept drift and cross-device behavior: Challenges and implications for effective {A}ndroid malware detection},
journal = {Computers \& Security},
author ={Alejandro Guerra-Manzanares and Marcin Luckner and Hayretdin Bahsi},
volume = {120},
pages = {102757},
year = {2022},
}

@article{Mayuri,
title = {Detecting malware evolution using {S}upport {V}ector {M}achines},
journal = {Expert Systems with Applications},
volume = {143},
pages = {113022},
year = {2020},
author = {Mayuri Wadkar and Fabio {Di Troia} and Mark Stamp},
}

@inproceedings{Chen,
 author={Chen, Zhi and Zhang, Zhenning and Kan, Zeliang and Yang, Limin and Cortellazzi, Jacopo and Pendlebury, Feargus 
 	and Pierazzi, Fabio and Cavallaro, Lorenzo and Wang, Gang},
  booktitle={2023 IEEE Security and Privacy Workshops},
  series={SPW}, 
  title={Is It Overkill? {A}nalyzing Feature-Space Concept Drift in Malware Detectors}, 
  year={2023},
  pages={21--28},
}

@article{Amin,
title = {Cyber security and beyond: Detecting malware and concept drift in AI-based sensor data streams using statistical techniques},
journal = {Computers and Electrical Engineering},
volume = {108},
pages = {108702},
year = {2023},
author = {Muhammad Amin and Feras Al-Obeidat and Abdallah Tubaishat and Babar Shah and Sajid Anwar and Tamleek Ali Tanveer},
}

@InProceedings{Jog,
author={Jog, Anita
and Chandavale, Anjali A.},
editor={Bhalla, Subhash
and Bhateja, Vikrant
and Chandavale, Anjali A.
and Hiwale, Anil S.
and Satapathy, Suresh Chandra},
title={Implementation of Credit Card Fraud Detection System with Concept Drifts Adaptation},
booktitle={Intelligent Computing and Information and Communication},
year={2018},
pages={467--477},
}

@article{Molina,
title = {Efficient concept drift handling for batch {A}ndroid malware detection models},
journal = {Pervasive and Mobile Computing},
volume = {96},
pages = {101849},
year = {2023},
author = {Borja Molina-Coronado and Usue Mori and Alexander Mendiburu and Jose Miguel-Alonso},
}

@article{Rana,
author = {Rana, Md. Shohel and Sung, Andrew H.},
title = {Evaluation of Advanced Ensemble Learning Techniques for {A}ndroid Malware Detection},
journal = {Vietnam Journal of Computer Science},
volume = {7},
number = {2},
pages = {145--159},
year = {2020},
}

@article{Elsersy2022,
  author = {W. F. Elsersy and A. Feizollah and N. B. Anuar},
  title = {The rise of obfuscated {A}ndroid malware and impacts on detection methods},
  journal = {PeerJ Computer Science},
  year = {2022},
  volume = {8},
  pages = {e907},
}

@misc{AirPush,
  key = {F-Secure: Android/AirPush},
  title = {{F-Secure: Android/AirPush}},
  year = 2024,
  howpublished = {\url{https://www.f-secure.com/v-descs/trojan-android-airpush.shtml}},
}

@misc{SMSReg,
  key = {F-Secure: Android/SMSReg},
  title = {{F-Secure: Android/SMSReg}},
  year = 2024,
  howpublished = {\url{https://www.f-secure.com/sw-desc/riskware-android-smsreg.shtml}},
}

@misc{Boxer,
  key = {F-Secure: Android/Boxer},
  title = {{F-Secure: Android/Boxer}},
  year = 2024,
  howpublished = {\url{https://www.f-secure.com/v-descs/trojan-android-boxer.shtml}},
}

@misc{Agent,
  key = {F-Secure: Android/Agent},
  title = {{F-Secure: Android/Agent}},
  year = 2024,
  howpublished = {\url{https://www.f-secure.com/v-descs/agent.shtml}}
}

@misc{FakeInst,
  key = {F-Secure: Android/FakeInst},
  title = {{F-Secure: Android/FakeInst}},
  year = 2024,
  howpublished = {\url{https://www.f-secure.com/v-descs/trojan-android-fakeinst.shtml}}
}

@misc{SLocker,
  key = {F-Secure: Android/SLocker},
  title = {{F-Secure: Android/SLocker}},
  year = 2024,
  howpublished = {\url{https://www.f-secure.com/v-descs/trojan-android-slocker.shtml}}
}

@misc{BankBot,
  key = {Zimperium: BankBot},
  title = {Zimperium: {BankBot}},
  year = 2024,
  howpublished = {\url{https://www.zimperium.com/glossary/bankbot/}}
}

@misc{Dowgin,
  key = {F-Secure: Android/Dowgin},
  title = {{F-Secure: Android/Dowgin}},
  year = 2024,
  howpublished = {\url{https://www.f-secure.com/sw-desc/adware-android-dowgin.shtml}}
}

@misc{FakeApp,
  key = {Malwarebytes: Android/FakeApp},
  title = {Malwarebytes: {Android/FakeApp}},
  year = 2024,
  howpublished = {\url{https://www.malwarebytes.com/blog/detections/android-fakeapp}}
}

@article{Krono,
title = {KronoDroid: Time-based Hybrid-featured Dataset for Effective {A}ndroid Malware Detection and Characterization},
journal = {Computers \&\ Security},
volume = {110},
pages = {102399},
year = {2021},
author = {Alejandro Guerra-Manzanares and Hayretdin Bahsi and Sven Nõmm},
}

@misc{scikit-learn_mini_batch_kmeans,
  key       = {Scikit-learn Developers: sklearn.cluster.MiniBatchKMeans},
  title        = {Scikit-learn Developers: sklearn.cluster.MiniBatchKMeans},
  year         = {2024},
  howpublished = {\url{https://scikit-learn.org/dev/modules/generated/sklearn.cluster.MiniBatchKMeans.html}},
}

@misc{minibatch_k_means,
  author      = {Mithilesh Pradhan},
  title        = {TutorialsPoint: Mini Batch $K$-means clustering algorithm in Machine Learning},
  year         = {2023},
  howpublished = {\url{https://www.tutorialspoint.com/mini-batch-k-means-clustering-algorithm-in-machine-learning}},
}

@misc{scikit-learn_linear_svc,
  key       = {Scikit-learn Developers: sklearn.svm.LinearSVC},
  title        = {Scikit-learn Developers: sklearn.svm.LinearSVC},
  year         = {2024},
  howpublished = {\url{https://scikit-learn.org/dev/modules/generated/sklearn.svm.LinearSVC.html}},
}

@misc{scikit-learn_random_forest_classifier,
  key       = {Scikit-learn Developers: sklearn.ensemble.RandomForestClassifier},
  title        = {Scikit-learn Developers: sklearn.ensemble.RandomForestClassifier},
  year         = {2024},
  howpublished = {\url{https://scikit-learn.org/stable/modules/generated/sklearn.ensemble.RandomForestClassifier.html}},
}

@misc{scikit-learn_mlp_classifier,
  key       = {Scikit-learn Developers: sklearn.neural\_network.MLPClassifier},
  title        = {Scikit-learn Developers: sklearn.neural\_network.MLPClassifier},
  year         = {2024},
  howpublished = {\url{https://scikit-learn.org/dev/modules/generated/sklearn.neural\_network.MLPClassifier.html}},
}

@misc{xgboost_sklearn_estimator,
  key       = {XGBoost Developers},
  title        = {{XGBoost} Developers: {XGBoost} {Python} Sklearn Estimator},
  year         = {2024},
  howpublished = {\url{https://xgboost.readthedocs.io/en/latest/python/sklearn_estimator.html}},
}

@inproceedings{9027485,
  author={Singhal, Siddharth and Chawla, Utkarsh and Shorey, Rajeev},
  booktitle={2020 International Conference on Communication Systems \& Networks},
  series={COMSNETS}, 
  title={Machine Learning \& Concept Drift based Approach for Malicious Website Detection}, 
  year={2020},
  pages={582--585},
}

@inproceedings{10.1145/2381896.2381910,
author = {Singh, Anshuman and Walenstein, Andrew and Lakhotia, Arun},
title = {Tracking concept drift in malware families},
year = {2012},
booktitle = {Proceedings of the 5th ACM Workshop on Security and Artificial Intelligence},
pages = {81--92},
series = {AISec '12}
}

@article{Sharma_2014,
   title={Evolution and Detection of Polymorphic and Metamorphic Malwares: A Survey},
   volume={90},
   number={2},
   journal={International Journal of Computer Applications},
   author={Sharma, Ashu and K. Sahay, S.},
   year={2014},
   pages={7--11}
}

@inproceedings{10.1007/978-981-16-6636-0_49,
author={Mosharrat, Nazifa
and Sarker, Iqbal H.
and Anwar, Md Musfique
and Islam, Muhammad Nazrul
and Watters, Paul
and Hammoudeh, Mohammad},
editor={Arefin, Mohammad Shamsul
and Kaiser, M. Shamim
and Bandyopadhyay, Anirban
and Ahad, Md. Atiqur Rahman
and Ray, Kanad},
title={Automatic Malware Categorization Based on $K$-Means Clustering Technique},
booktitle={Proceedings of the International Conference on Big Data, {IoT}, and Machine Learning},
year={2022},
pages={653--664},
}

@article{Gibert,
title = {The rise of machine learning for detection and classification of malware: Research developments, trends and challenges},
journal = {Journal of Network and Computer Applications},
volume = {153},
pages = {102526},
year = {2020},
author = {Daniel Gibert and Carles Mateu and Jordi Planes},
}

@misc{ibm_svm,
  key       = {Support Vector Machine},
  title        = {{S}upport {V}ector {M}achine},
  year         = {2023},
  howpublished = {\url{https://www.ibm.com/topics/support-vector-machine}},
}

@misc{ibm_random_forest,
  key       = {What is Random Forest?},
  title        = {What is Random Forest?},
  howpublished = {\url{https://www.ibm.com/topics/random-forest}},
}

@misc{towardsdatascience_mlp,
  author       = {Aly El Gamal},
  title        = {Multilayer Perceptron Explained with a Real-Life Example and Python Code: Sentiment Analysis},
  year         = {2020},
  howpublished = {\url{https://towardsdatascience.com/multilayer-perceptron-explained-with-a-real-life-example-and-python-code-sentiment-analysis-cb408ee93141}},
}

@misc{ibm_xgboost,
  author       = {Eda Kavlakoglu and Erika Russi},
  title        = {What is {XGBoost}?},
  year         = {2024},
  howpublished = {\url{https://www.ibm.com/topics/xgboost}},
}

@misc{bhardwaj2020silhouette,
  author       = {Ashutosh Bhardwaj},
  title        = {Silhouette Coefficient: Validating Clustering Techniques},
  year         = {2020},
  day          = {6},
  url          = {https://towardsdatascience.com/silhouette-coefficient-validating-clustering-techniques-e976bb81d10c},
  howpublished = {Towards Data Science},
}
