@ARTICLE{10123085,
  author={Petrosino, Antonio and Piro, Giuseppe and Grieco, Luigi Alfredo and Boggia, Gennaro},
  journal={IEEE Trans. Netw. Service Manag.}, 
  title={{On the Optimal Deployment of Virtual Network Functions in Non-Terrestrial Segments}}, 
  year={2023},
  month=dec,
  volume={20},
  number={4},
  pages={4831-4845},
  keywords={Satellites;Delays;CubeSat;Optimization;Protocols;Low earth orbit satellites;Earth;6G;non-terrestrial network;virtual network functions;network optimization},
  doi={10.1109/TNSM.2023.3275248}}

@ARTICLE{10179962,
  author={Guo, Kuo and Chen, Jia and Dong, Ping and Zou, Tao and Zhu, Jun and Huang, Xu and Liu, Shang and Liao, Chenxi},
  journal={IEEE Trans. Cloud Comput.}, 
  title={{DTFL: A Digital Twin-Assisted Graph Neural Network Approach for Service Function Chains Failure Localization}}, 
  year={2023},
  month = Oct,
  volume={11},
  number={4},
  pages={3573-3590}}

@ARTICLE{10230313,
  author={Zhang, Le and Du, Ye and Sun, Zhengyang},
  journal={IEEE Trans. Network Sci. Eng.}, 
  title={{Modeling and Analysis of Cascading Failures in LEO Satellite Networks}}, 
  year={2024},
  month = jan,
  volume={11},
  number={1},
  pages={807-822},
  keywords={Satellites;Low earth orbit satellites;Power system protection;Power system faults;Satellite broadcasting;Logic gates;Load modeling;LEO satellite networks;cascading failures;robustness;cyber attacks;routing schemes},
  doi={10.1109/TNSE.2023.3308610}}

@ARTICLE{10398221,
  author={Jia, Min and Wu, Jian and Guo, Qing and Yang, Yang},
  journal={IEEE Network}, 
  title={{Service-Oriented SAGIN With Pervasive Intelligence for Resource-Constrained Users}}, 
  year={2024},
  month = mar,
  volume={38},
  number={2},
  pages={79-86}}

@ARTICLE{10533654,
  author={Nguyen, Dung H. P. and Lin, Chih-Chieh and Nguyen, Tu N. and Chu, Shao-I and Liu, Bing-Hong},
  journal={IEEE Trans. Cloud Comput.}, 
  title={{Service Recovery in NFV-Enabled Networks: Algorithm Design and Analysis}}, 
  year={2024},
  volume={12},
  number={2},
  pages={800-813},
  month=apr,
  doi={10.1109/TCC.2024.3402185}}

@ARTICLE{7898396,
  author={Shahriar, Nashid and Ahmed, Reaz and Chowdhury, Shihabur Rahman and Khan, Aimal and Boutaba, Raouf and Mitra, Jeebak},
  journal={IEEE Trans. Netw. Serv.}, 
  title={{Generalized Recovery From Node Failure in Virtual Network Embedding}}, 
  year={2017},
  month = jun,
  volume={14},
  number={2},
  pages={261-274}}

@INPROCEEDINGS{7987282,
  author={Soualah, Oussama and Mechtri, Marouen and Ghribi, Chaima and Zeghlache, Djamal},
  booktitle={2017 IFIP/IEEE Symposium on Integrated Network and Service Management (IM)}, 
  title={{A Link Failure Recovery Algorithm for Virtual Network Function Chaining}}, 
  year={2017},
  month = may,
  address = {Lisbon, Portugal},
  volume={},
  number={},
  pages={213-221}}

@ARTICLE{8463632,
  author={Fan, Jingyuan and Jiang, Meiling and Rottenstreich, Ori and Zhao, Yangming and Guan, Tong and Ramesh, Ram and Das, Sanjukta and Qiao, Chunming},
  journal={EEE J. Sel. Areas Commun.}, 
  title={{A Framework for Provisioning Availability of NFV in Data Center Networks}}, 
  year={2018},
  month = oct,
  volume={36},
  number={10},
  pages={2246-2259}}

@INPROCEEDINGS{8923413,
  author={Siasi, N. and Jaesim, A. and Aldalbahi, A. and Ghani, N.},
  booktitle={2019 International Conference on Wireless and Mobile Computing, Networking and Communications (WiMob)}, 
  title={{Link Failure Recovery in NFV for 5G and Beyond}}, 
  year={2019},
  month = oct,
  address = {Barcelona, Spain},
  volume={},
  number={},
  pages={144-148}}

@ARTICLE{9062531,
  author={Wang, Guangchao and Zhou, Sheng and Zhang, Shan and Niu, Zhisheng and Shen, Xuemin},
  journal={IEEE J. Sel. Areas Commun.}, 
  title={{SFC-Based Service Provisioning for Reconfigurable Space-Air-Ground Integrated Networks}}, 
  year={2020},
  month=jul,
  volume={38},
  number={7},
  pages={1478-1489},
  doi={10.1109/JSAC.2020.2986851}}

@ARTICLE{9296232,
  author={Bian, Simeng and Huang, Xi and Shao, Ziyu and Gao, Xin and Yang, Yang},
  journal={IEEE Trans. Netw. Serv.}, 
  title={{Service Chain Composition With Resource Failures in NFV Systems: A Game-Theoretic Perspective}}, 
  year={2021},
  month = mar,
  volume={18},
  number={1},
  pages={224-239}}

@ARTICLE{9351537,
  author={Li, Junling and Shi, Weisen and Wu, Huaqing and Zhang, Shan and Shen, Xuemin},
  journal={IEEE Internet Things J.}, 
  title={{Cost-Aware Dynamic SFC Mapping and Scheduling in SDN/NFV-Enabled Space-Air-Ground-Integrated Networks for Internet of Vehicles}}, 
  year={2022},
  month=apr,
  volume={9},
  number={8},
  pages={5824-5838},
  doi={10.1109/JIOT.2021.3058250}}

@ARTICLE{9585385,
  author={Cao, Haotong and Zhao, Haitao and Luo, Daniel Xiapu and Kumar, Neeraj and Yang, Longxiang},
  journal={IEEE Trans. Intell. Transp. Syst.}, 
  title={{Dynamic Virtual Resource Allocation Mechanism for Survivable Services in Emerging NFV-Enabled Vehicular Networks}}, 
  year={2022},
  month = nov,
  volume={23},
  number={11},
  pages={22492-22504}}

@ARTICLE{9749937,
  author={Zhang, Peiying and Yang, Pan and Kumar, Neeraj and Guizani, Mohsen},
  journal={IEEE Trans. Veh. Technol}, 
  title={{Space-Air-Ground Integrated Network Resource Allocation Based on Service Function Chain}}, 
  year={2022},
  month=jul,
  volume={71},
  number={7},
  pages={7730-7738},
  keywords={Delays;Resource management;Satellites;Internet of Things;Business;Task analysis;Delay effects;Space-air-ground integrated network;service function chain;delay sensitive;resource allocation},
  doi={10.1109/TVT.2022.3165145}}

@ARTICLE{9951143,
  author={Zhang, Peiying and Zhang, Yi and Kumar, Neeraj and Guizani, Mohsen},
  journal={IEEE Internet Things J.}, 
  title={{Dynamic SFC Embedding Algorithm Assisted by Federated Learning in Space-Air-Ground-Integrated Network Resource Allocation Scenario}}, 
  year={2023},
  month=jun,
  volume={10},
  number={11},
  pages={9308-9318},
  doi={10.1109/JIOT.2022.3222200}}

@article{AKYILDIZ2019134,
title = {{The Internet of Space Things/CubeSats: A ubiquitous cyber-physical system for the connected world}},
journal = {Comput. Networks},
volume = {150},
pages = {134-149},
year = {2019},
month=feb,
issn = {1389-1286},
doi = {https://doi.org/10.1016/j.comnet.2018.12.017},
author = {Ian F. Akyildiz and Ahan Kak},
}

@article{ZHANG2023109379,
  title = {{Cascading failure model and resilience enhancement scheme of space information networks}},
  journal = {Reliab. Eng. Syst. Safe.},
  volume = {237},
  pages = {109379},
  year = {2023},
  month = sept,
  issn = {0951-8320},
  author = {Le Zhang and Ye Du}}

@Article{fi16010027,
  AUTHOR = {Feng, Xu and He, Mengyang and Zhuang, Lei and Song, Yanrui and Peng, Rumeng},
  TITLE = {{Service Function Chain Deployment Algorithm Based on Deep Reinforcement Learning in Space-Air-Ground Integrated Network}},
  JOURNAL = {Future Internet},
  VOLUME = {16},
  YEAR = {2024},
  NUMBER = {1},
  month=jan,
  ARTICLE-NUMBER = {27},
  ISSN = {1999-5903}}

