@ARTICLE{8368236,
  author={Liu, Jiajia and Shi, Yongpeng and Fadlullah, Zubair Md. and Kato, Nei},
  journal={IEEE Commun. Surv. Tutor.}, 
  title={{Space-Air-Ground Integrated Network: A Survey}}, 
  year={2018},
  Month={Fourth quarter},
  volume={20},
  number={4},
  pages={2714-2741},
  doi={10.1109/COMST.2018.2841996}}


@ARTICLE{9839646,
  author={Colajanni, Gabriella and Daniele, Patrizia and Galluccio, Laura and Grasso, Christian and Schembra, Giovanni},
  journal={IEEE Commun. Mag.}, 
  title={{Service Chain Placement Optimization in 5G FANET-Based Network Edge}}, 
  year={2022},
  month=nov,
  volume={60},
  number={11},
  pages={60-65},
  doi={10.1109/MCOM.001.2200014}}


@INPROCEEDINGS{9637726,
  author={Xuan, Wenlu and Zhao, Zhongqi and Fan, Lei and Han, Zhu},
  booktitle={IEEE 18th International Conference on Mobile Ad Hoc and Smart Systems (MASS)}, 
  title={{Minimizing Delay in Network Function Visualization with Quantum Computing}}, 
  year={2021},
  month=oct,
  address={Denver, CO},
  volume={},
  number={},
  pages={108-116},
  doi={10.1109/MASS52906.2021.00022}}

@INPROCEEDINGS{10001236,
  author={Qin, Xiaohan and Ma, Ting and Tang, Zhixuan and Zhang, Xin and Liu, Xiaoyu and Zhou, Haibo},
  booktitle={GLOBECOM 2022 - 2022 IEEE Global Communications Conference}, 
  title={{SFC Enabled Data Delivery for Ultra-Dense LEO Satellite-Terrestrial Integrated Network}}, 
  year={2022},
  month=dec,
  volume={},
  number={},
  pages={668-673},
  doi={10.1109/GLOBECOM48099.2022.10001236}}

@ARTICLE{10025831,
  author={Zhang, Xiaoquan and Cui, Lin and Tso, Fung Po and Li, Zhetao and Jia, Weijia},
  journal={IEEE Trans. Serv. Comput.}, 
  title={{Dapper: Deploying Service Function Chains in the Programmable Data Plane Via Deep Reinforcement Learning}}, 
  year={2023},
  month=Jul,
  volume={16},
  number={4},
  pages={2532-2544},
  doi={10.1109/TSC.2023.3237244}}

@ARTICLE{9099505,
  author={Gu, Lin and Hu, Jie and Zeng, Deze and Guo, Song and Jin, Hai},
  journal={IEEE Trans. Network Sci. Eng.}, 
  title={{Service Function Chain Deployment and Network Flow Scheduling in Geo-Distributed Data Centers}}, 
  year={2020},
  month=Oct,
  volume={7},
  number={4},
  pages={2587-2597},
  doi={10.1109/TNSE.2020.2997376}}

@ARTICLE{9084136,
  author={Liu, Yicen and Lu, Yu and Li, Xi and Yao, Zhigang and Zhao, Donghao},
  journal={IEEE Internet Things J.}, 
  title={{On Dynamic Service Function Chain Reconfiguration in IoT Networks}}, 
  year={2020},
  month=nov,
  volume={7},
  number={11},
  pages={10969-10984},
  doi={10.1109/JIOT.2020.2991753}}

@ARTICLE{9785397,
  author={Abouaomar, Amine and Cherkaoui, Soumaya and Mlika, Zoubeir and Kobbane, Abdellatif},
  journal={IEEE Syst. J.}, 
  title={{Service Function Chaining in MEC: A Mean-Field Game and Reinforcement Learning Approach}}, 
  year={2022},
  month=dec,
  volume={16},
  number={4},
  pages={5357-5368},
  doi={10.1109/JSYST.2022.3171232}}

@ARTICLE{9951143,
  author={Zhang, Peiying and Zhang, Yi and Kumar, Neeraj and Guizani, Mohsen},
  journal={IEEE Internet Things J.}, 
  title={{Dynamic SFC Embedding Algorithm Assisted by Federated Learning in Space-Air-Ground-Integrated Network Resource Allocation Scenario}}, 
  year={2023},
  month=jun,
  volume={10},
  number={11},
  pages={9308-9318},
  doi={10.1109/JIOT.2022.3222200}}

@ARTICLE{9632419,
  author={Chen, Handi and Wang, Shupeng and Li, Guojun and Nie, Laisen and Wang, Xiaojie and Ning, Zhaolong},
  journal={IEEE Trans. Ind. Inform.}, 
  title={{Distributed Orchestration of Service Function Chains for Edge Intelligence in the Industrial Internet of Things}}, 
  year={2022},
  month=sep,
  volume={18},
  number={9},
  pages={6244-6254},
  doi={10.1109/TII.2021.3131757}}

@ARTICLE{9729637,
  author={Yang, Lei and Jia, Junzhong and Lin, Hongcai and Cao, Jiannong},
  journal={IEEE Trans. Mobile Comput.}, 
  title={{Reliable Dynamic Service Chain Scheduling in 5G Networks}}, 
  year={2023},
  month=aug,
  volume={22},
  number={8},
  pages={4898-4911},
  doi={10.1109/TMC.2022.3157312}}

@ARTICLE{9062531,
  author={Wang, Guangchao and Zhou, Sheng and Zhang, Shan and Niu, Zhisheng and Shen, Xuemin},
  journal={IEEE J. Sel. Areas Commun.}, 
  title={{SFC-Based Service Provisioning for Reconfigurable Space-Air-Ground Integrated Networks}}, 
  year={2020},
  month=jul,
  volume={38},
  number={7},
  pages={1478-1489},
  doi={10.1109/JSAC.2020.2986851}}

@ARTICLE{9122544,
  author={Ren, Bangbang and Gu, Siyuan and Guo, Deke and Tang, Guoming and Lin, Xu},
  journal={IEEE Trans. Cloud Comput.}, 
  title={{Joint Optimization of VNF Placement and Flow Scheduling in Mobile Core Network}}, 
  year={2022},
  month=Jul,
  volume={10},
  number={3},
  pages={1900-1912},
  doi={10.1109/TCC.2020.3004301}}

@article{AKYILDIZ2019134,
title = {{The Internet of Space Things/CubeSats: A ubiquitous cyber-physical system for the connected world}},
journal = {Comput. Networks},
volume = {150},
pages = {134-149},
year = {2019},
month=feb,
issn = {1389-1286},
doi = {https://doi.org/10.1016/j.comnet.2018.12.017},
author = {Ian F. Akyildiz and Ahan Kak},
}

@INPROCEEDINGS{9013347,
  author={Araniti, G. and Genovese, G. and Iera, A. and Molinaro, A. and Pizzi, S.},
  booktitle={IEEE Global Communications Conference (GLOBECOM)}, 
  title={{Virtualizing Nanosatellites in SDN/NFV Enabled Ground Segments to Enhance Service Orchestration}}, 
  year={2019},
  month=dec,
  address={Waikoloa, HI},
  volume={},
  number={},
  doi={10.1109/GLOBECOM38437.2019.9013347}}


@ARTICLE{7572068,
  author={Zeng, Yong and Zhang, Rui and Lim, Teng Joon},
  journal={IEEE Trans. Commun.}, 
  title={{Throughput Maximization for UAV-Enabled Mobile Relaying Systems}}, 
  year={2016},
  month=dec,
  volume={64},
  number={12},
  pages={4983-4996},
  doi={10.1109/TCOMM.2016.2611512}}

@ARTICLE{9453860,
  author={Wang, Yanmin and Feng, Wei and Wang, Jue and Quek, Tony Q. S.},
  journal={IEEE J. Sel. Areas Commun.}, 
  title={{Hybrid Satellite-UAV-Terrestrial Networks for 6G Ubiquitous Coverage: A Maritime Communications Perspective}}, 
  year={2021},
  volume={39},
  number={11},
  pages={3475-3490},
  doi={10.1109/JSAC.2021.3088692}}

@ARTICLE{9184929,
  author={Jia, Ziye and Sheng, Min and Li, Jiandong and Niyato, Dusit and Han, Zhu},
  journal={IEEE Internet Things J.}, 
  title={{LEO-Satellite-Assisted UAV: Joint Trajectory and Data Collection for Internet of Remote Things in 6G Aerial Access Networks}}, 
  year={2021},
  month=jun,
  volume={8},
  number={12},
  pages={9814-9826},
  doi={10.1109/JIOT.2020.3021255}}

@ARTICLE{9583591,
  author={Jia, Ziye and Sheng, Min and Li, Jiandong and Han, Zhu},
  journal={IEEE Internet Things J.}, 
  title={{Toward Data Collection and Transmission in 6G Space-Air-Ground Integrated Networks: Cooperative HAP and LEO Satellite Schemes}}, 
  year={2022},
  month=jul,
  volume={9},
  number={13},
  pages={10516-10528},
  doi={10.1109/JIOT.2021.3121760}}

@ARTICLE{9865119,
  author={Al-Habob, Ahmed A. and Dobre, Octavia A. and Muhaidat, Sami and Poor, H. Vincent},
  journal={IEEE Internet Things J.}, 
  title={{Energy-Efficient Information Placement and Delivery Using UAVs}}, 
  year={2023},
  month=jan,
  volume={10},
  number={1},
  pages={357-366},
  doi={10.1109/JIOT.2022.3200916}}

@ARTICLE{10048589,
  author={Chen, Wei-Kun and Liu, Ya-Feng and Liu, Fan and Dai, Yu-Hong and Luo, Zhi-Quan},
  journal={IEEE Trans. Signal Process.}, 
  title={{Towards Efficient Large-Scale Network Slicing: An LP Dynamic Rounding-and-Refinement Approach}}, 
  year={2023},
  volume={},
  number={},
  pages={1-16},
  doi={10.1109/TSP.2023.3244671}}

@ARTICLE{9075271,
  author={Li, Junling and Shi, Weisen and Zhang, Ning and Shen, Xuemin},
  journal={IEEE Trans. Cogn. Commun. Netw.}, 
  title={{Delay-Aware VNF Scheduling: A Reinforcement Learning Approach With Variable Action Set}}, 
  year={2021},
  month=mar,
  volume={7},
  number={1},
  pages={304-318},
  doi={10.1109/TCCN.2020.2988908}}

  @ARTICLE{9989360,
  author={Luo, Quyuan and Luan, Tom H. and Shi, Weisong and Fan, Pingzhi},
  journal={IEEE J. Sel. Areas Commun.}, 
  title={{Deep Reinforcement Learning Based Computation Offloading and Trajectory Planning for Multi-UAV Cooperative Target Search}}, 
  year={2023},
  month=feb,
  volume={41},
  number={2},
  pages={504-520},
  doi={10.1109/JSAC.2022.3228558}}

  @ARTICLE{9714482,
  author={Jia, Ziye and Wu, Qihui and Dong, Chao and Yuen, Chau and Han, Zhu},
  journal={IEEE Internet Things J.}, 
  title={{Hierarchical Aerial Computing for Internet of Things via Cooperation of HAPs and UAVs}}, 
  year={2023},
  month=apr,
  volume={10},
  number={7},
  pages={5676-5688},
  doi={10.1109/JIOT.2022.3151639}}

@ARTICLE{8353906,
  author={Zhou, Di and Sheng, Min and Liu, Runzi and Wang, Yu and Li, Jiandong},
  journal={IEEE J. Sel. Areas Commun.}, 
  title={{Channel-Aware Mission Scheduling in Broadband Data Relay Satellite Networks}}, 
  year={2018},
  month=may,
  volume={36},
  number={5},
  pages={1052-1064},
  doi={10.1109/JSAC.2018.2832779}}

  @ARTICLE{8594571,
  author={Zhang, Jiao and Zhou, Li and Tang, Qi and Ngai, Edith C.-H. and Hu, Xiping and Zhao, Haitao and Wei, Jibo},
  journal={IEEE Internet Things J.}, 
  title={{Stochastic Computation Offloading and Trajectory Scheduling for UAV-Assisted Mobile Edge Computing}}, 
  year={2019},
  month=apr,
  volume={6},
  number={2},
  pages={3688-3699},
  doi={10.1109/JIOT.2018.2890133}}

  @ARTICLE{8937793,
  author={Liu, Yuan and Xiong, Ke and Ni, Qiang and Fan, Pingyi and Letaief, Khaled Ben},
  journal={IEEE Internet Things J.}, 
  title={{UAV-Assisted Wireless Powered Cooperative Mobile Edge Computing: Joint Offloading, CPU Control, and Trajectory Optimization}}, 
  year={2020},
  month=apr,
  volume={7},
  number={4},
  pages={2777-2790},
  doi={10.1109/JIOT.2019.2958975}}

@Article{electronics11030385,
  AUTHOR = {Safwat, Nour El-Din and Hafez, Ismail Mohammed and Newagy, Fatma},
  TITLE = {{3D Placement of a New Tethered UAV to UAV Relay System for Coverage Maximization}},
  JOURNAL = {Electronics},
  VOLUME = {11},
  YEAR = {2022},
  month=jan,
  NUMBER = {3},
  pages = {385-398}}

@ARTICLE{8411465,
  author={Khuwaja, Aziz Altaf and Chen, Yunfei and Zhao, Nan and Alouini, Mohamed-Slim and Dobbins, Paul},
  journal={IEEE Commun. Surv. Tut.}, 
  title={{A Survey of Channel Modeling for UAV Communications}}, 
  year={2018},
  month = {Fourth quarter},
  volume={20},
  number={4},
  pages={2804-2821},
  keywords={Frequency measurement;Fading channels;Antenna measurements;Narrowband;Tutorials;Atmospheric modeling;Aerodynamics;Channel characterization;channel models;measurement campaigns;UAV communication},
  doi={10.1109/COMST.2018.2856587}}

@INPROCEEDINGS{7510942,
  author={Tani, Shigenori and Motoyoshi, Katsuyuki and Sano, Hiroyasu and Okamura, Atsushi and Nishiyama, Hiroki and Kato, Nei},
  booktitle={2016 IEEE International Conference on Communications (ICC)}, 
  title={{An adaptive beam control technique for diversity gain maximization in LEO satellite to ground transmissions}}, 
  year={2016},
  volume={},
  number={},
  pages={1-5},
  doi={10.1109/ICC.2016.7510942}}

@article{TheFederatedSatellite,
  author={Golkar,Alessandro and Lluch i Cruz,Ignasi},
  year={2015},
  month=Jun,
  title={{The Federated Satellite Systems paradigm: Concept and business case evaluation}},
  journal={Acta astronautica},
  volume={111},
  pages={230-248},
  isbn={0094-5765},
  language={English},
  }

@ARTICLE{10238738,
  author={Akbari, Mohammad and Syed, Aisha and Kennedy, W. Sean and Erol-Kantarci, Melike},
  journal={IEEE Trans. Mach. Learn. Commun. Netw.}, 
  title={{Constrained Federated Learning for AoI-Limited SFC in UAV-Aided MEC for Smart Agriculture}}, 
  year={2023},
  month=jan,
  number={},
  volume={1},
  pages={277-295},
  keywords={Internet of Things;Smart agriculture;Monitoring;Task analysis;Farming;Servers;Real-time systems;Internet of Things;network function virtualization;age of information;UAV-aided mobile edge computing (UAV-aided MEC);constraint MDP;federated reinforcement learning},
  doi={10.1109/TMLCN.2023.3311749}}

@Article{drones7020132,
  AUTHOR = {Wang, Yangang and Wang, Hai and Wei, Xianglin and Zhao, Kuang and Fan, Jianhua and Chen, Juan and Hu, Yongyang and Jia, Runa},
  TITLE = {{Service Function Chain Scheduling in Heterogeneous Multi-UAV Edge Computing}},
  JOURNAL = {Drones},
  VOLUME = {7},
  YEAR = {2023},
  month=feb,
  NUMBER = {2},
  ARTICLE-NUMBER = {132},
  ISSN = {2504-446X},
  DOI = {10.3390/drones7020132}}

@ARTICLE{9351537,
  author={Li, Junling and Shi, Weisen and Wu, Huaqing and Zhang, Shan and Shen, Xuemin},
  journal={IEEE Internet Things J.}, 
  title={{Cost-Aware Dynamic SFC Mapping and Scheduling in SDN/NFV-Enabled Space-Air-Ground-Integrated Networks for Internet of Vehicles}}, 
  year={2022},
  month=apr,
  volume={9},
  number={8},
  pages={5824-5838},
  doi={10.1109/JIOT.2021.3058250}}

@inproceedings{10.1145/3213526.3213534,
author = {Nogales, Borja and Sanchez-Aguero, Victor and Vidal, Ivan and Valera, Francisco and Garcia-Reinoso, Jaime},
title = {{A NFV system to support configurable and automated multi-UAV service deployments}},
booktitle = {Proceedings of the 4th ACM Workshop on Micro Aerial Vehicle Networks, Systems, and Applications (DroNet'18)},
year = {2018},
month=jun,
isbn = {9781450358392},
publisher = {Association for Computing Machinery},
address = {New York, NY, USA},
doi = {10.1145/3213526.3213534},
pages = {39-44},
numpages = {6},
keywords = {MANO, NFV, SUAV, Virtualization},
address = {Munich, Germany},
series = {DroNet'18}
}

@ARTICLE{9809985,
  author={Pourghasemian, Mohsen and Abedi, Mohammad Reza and Hosseini, Shima Salar and Mokari, Nader and Javan, Mohammad Reza and Jorswieck, Eduard A.},
  journal={IEEE Trans. Green Commun. Netw.}, 
  title={{AI-Based Mobility-Aware Energy Efficient Resource Allocation and Trajectory Design for NFV Enabled Aerial Networks}}, 
  year={2023},
  month=mar,
  volume={7},
  number={1},
  pages={281-297},
  keywords={Costs;Streaming media;Resource management;Delays;Trajectory;Space-air-ground integrated networks;Quality of service;UAVs' trajectory;energy efficiency;VNF placement and scheduling;VNF migration;deep reinforcement learning;hierarchical hybrid actions},
  doi={10.1109/TGCN.2022.3186911}}

@article{tipantuna2019nfv,
  title={{An NFV-based energy scheduling algorithm for a 5G enabled fleet of programmable unmanned aerial vehicles}},
  author={Tipantu{\~n}a, Christian and Hesselbach, Xavier and S{\'a}nchez-Aguero, Victor and Valera, Francisco and Vidal, Ivan and Nogales, Borja and others},
  journal={Wirel. Commun. Mob. Comput.},
  volume={2019},
  year={2019},
  month=feb,
  publisher={Hindawi}
}

@article{herrera2016resource,
  title={{Resource allocation in NFV: A comprehensive survey}},
  author={Herrera, Juliver Gil and Botero, Juan Felipe},
  journal={IEEE Trans. Netw. Serv. Manag.},
  volume={13},
  number={3},
  pages={518--532},
  year={2016},
  month=sep,
  publisher={IEEE}
}

@inproceedings{20233814771268,
title = {{SFC Deployment in Space-Air-Ground Integrated Networks Based on Matching Game}},
booktitle = {INFOCOM WKSHPS},
author = {Cao, Yilu and Jia, Ziye and Dong, Chao and Wang, Yanting and You, Jiahao and Wu, Qihui},
year = {2023},
month=may,
address = {Hoboken, NJ}
} 

@article{jia2021vnf,
  title={{VNF-Based Service Provision in Software Defined LEO Satellite Networks}},
  author={Jia, Ziye and Sheng, Min and Li, Jiandong and Zhou, Di and Han, Zhu},
  journal={IEEE Trans. Wireless Commun.},
  volume={20},
  number={9},
  pages={6139--6153},
  year={2021},
  month=sep,
  publisher={IEEE}
}

@ARTICLE{8612450,
  author={Kato, Nei and Fadlullah, Zubair Md. and Tang, Fengxiao and Mao, Bomin and Tani, Shigenori and Okamura, Atsushi and Liu, Jiajia},
  journal={IEEE Wireless Commun.}, 
  title={{Optimizing Space-Air-Ground Integrated Networks by Artificial Intelligence}}, 
  year={2019},
  month=aug,
  volume={26},
  number={4},
  pages={140-147},
  keywords={Deep learning;Satellite broadcasting;Satellites;Security;Delays;Quality of experience},
  doi={10.1109/MWC.2018.1800365}}


@article{cheng20226g,
  title={{6G Service-Oriented Space-Air-Ground Integrated Network: A Survey}},
  author={Cheng,Nan  and He,Jingchao  and Yin,Zhisheng and Zhou,Conghao and Wu, Huaqing and Lyu,Feng and Zhou, Haibo and Shen, Xuemin},
  journal={Chinese J Aeronaut.},
  volume={35},
  number={9},
  pages={1--18},
  year={2022},
  month=sep,
  publisher={Elsevier}
}

@ARTICLE{9722775,
  author={Cui, Huanxi and Zhang, Jun and Geng, Yuhui and Xiao, Zhenyu and Sun, Tao and Zhang, Ning and Liu, Jiajia and Wu, Qihui and Cao, Xianbin},
  journal={China Commun.}, 
  title={{Space-Air-Ground Integrated Network (SAGIN) for 6G: Requirements, Architecture and Challenges}}, 
  year={2022},
  month=feb,
  volume={19},
  number={2},
  pages={90-108},
  keywords={5G mobile communication;6G mobile communication;Industrial Internet of Things;Network architecture;Logic gates;Control systems;Protocols;6G;AI;DT;SAGIN;NTN;Network architecture},
  doi={10.23919/JCC.2022.02.008}}

  @inproceedings{van2016deep,
  title={{Deep reinforcement learning with double q-learning}},
  author={Van Hasselt, Hado and Guez, Arthur and Silver, David},
  booktitle={Proceedings of the AAAI conference on artificial intelligence},
  volume={30},
  number={1},
  year={2016}
}

@book{filar2012competitive,
  title={{Competitive Markov Decision Processes}},
  author={Filar, Jerzy and Vrieze, Koos},
  year={2012},
  publisher={Springer Science \& Business Media}
}

@article{arulkumaran2017deep,
  title={{Deep reinforcement learning: A brief survey}},
  author={Arulkumaran, Kai and Deisenroth, Marc Peter and Brundage, Miles and Bharath, Anil Anthony},
  journal={IEEE Signal Process. Mag.},
  volume={34},
  number={6},
  pages={26--38},
  year={2017},
  month=nov,
  publisher={IEEE}
}

@article{hasselt2010double,
  title={{Double Q-learning}},
  author={Hasselt, Hado},
  journal={Adv. Neural Inf. Process. Syst.},
  volume={23},
  year={2010}
}

@book{wolsey1999integer,
  title={{Integer and Combinatorial Optimization}},
  author={Wolsey, Laurence A and Nemhauser, George L},
  volume={55},
  year={1999},
  publisher={John Wiley \& Sons}
}

@ARTICLE{10440193,
  author={Huang, Chong and Chen, Gaojie and Xiao, Pei and Xiao, Yue and Han, Zhu and Chambers, Jonathon A.},
  journal={IEEE J. Sel. Areas Commun.}, 
  title={{Joint Offloading and Resource Allocation for Hybrid Cloud and Edge Computing in SAGINs: A Decision Assisted Hybrid Action Space Deep Reinforcement Learning Approach}}, 
  year={2024},
  note = {early access},
  keywords={Satellites;Resource management;Low earth orbit satellites;Cloud computing;Task analysis;Satellite broadcasting;Optimization;Space-air-ground integrated networks;edge computing;resource allocation;unmanned aerial vehicle;deep reinforcement learning},
  doi={10.1109/JSAC.2024.3365899}}

@book{vazirani2001approximation,
  title={Approximation algorithms},
  author={Vazirani, Vijay V},
  year={2001},
  publisher={Springer}
}

@ARTICLE{9749937,
  author={Zhang, Peiying and Yang, Pan and Kumar, Neeraj and Guizani, Mohsen},
  journal={IEEE Trans. Veh. Technol}, 
  title={{Space-Air-Ground Integrated Network Resource Allocation Based on Service Function Chain}}, 
  year={2022},
  month=jul,
  volume={71},
  number={7},
  pages={7730-7738},
  keywords={Delays;Resource management;Satellites;Internet of Things;Business;Task analysis;Delay effects;Space-air-ground integrated network;service function chain;delay sensitive;resource allocation},
  doi={10.1109/TVT.2022.3165145}}

  @INPROCEEDINGS{9652156,
  author={Kien, Nguyen Trung and Hoang Anh, Vu and Phong, Vu Dinh and Ngoc Minh, Nguyen and Thanh, Nguyen Huu},
  booktitle={31st International Telecommunication Networks and Applications Conference (ITNAC)}, 
  title={{Machine Learning-based Service Function Chain over UAVs: Resource Profiling and Framework}}, 
  year={2021},
  month=nov,
  address={Sydney, Australia},
  volume={},
  number={},
  pages={127-133},
  keywords={Performance evaluation;Power demand;Service function chaining;Image edge detection;Computational modeling;Quality of service;Computer architecture;Unmanned Aerial Vehicles (UAVs);Machine Learning;Artificial Intelligence (AI);edge - cloud computing;Network Function Virtualization (NFV);Internet of Things (IoT)},
  doi={10.1109/ITNAC53136.2021.9652156}}

  @ARTICLE{10032237,
  author={Qin, Xiaohan and Ma, Ting and Tang, Zhixuan and Zhang, Xin and Zhou, Haibo and Zhao, Lian},
  journal={IEEE Trans. Wireless Commun.}, 
  title={{Service-Aware Resource Orchestration in Ultra-Dense LEO Satellite-Terrestrial Integrated 6G: A Service Function Chain Approach}}, 
  year={2023},
  month=sep,
  volume={22},
  number={9},
  pages={6003-6017},
  keywords={Games;Low earth orbit satellites;Satellites;Heuristic algorithms;Noise measurement;Delays;Resource management;Ultra-dense LEO satellite-terrestrial integrated network;routing and downloading;multi-SFC embedding;weighted potential game},
  doi={10.1109/TWC.2023.3239080}}

  @article{qiao2022service,
  title={{A Service Function Chain Deployment Scheme of the Software Defined Satellite Network}},
  author={Qiao, Wenxin and Ni, Xianglong and Lu, Yu and Li, Xiongwei and Zhao, Donghao and Liu, Yicen and others},
  journal={Mob. Inf. Syst.},
  volume={2022},
  year={2022},
  month=mar,
  publisher={Hindawi}
}

@techreport{ITU-R-P618-8,
  author = {International Telecommunication Union},
  title = {Propagation Data and Prediction Methods Required for the Design of Earth-Space Telecommunication Systems},
  institution = {International Telecommunication Union},
  address = {Geneva, Switzerland},
  year = {2003},
  type = {Report},
  number = {P.618-8}
}

@manual{ITU-R-P618-14,
  title = {{Propagation data and prediction methods required for the design of Earth-space telecommunication systems}},
  organization = {document P.618-14 Rec. ITU-R},
  year = {2023},
}

@ARTICLE{7926921,
  author={Ordonez-Lucena, Jose and Ameigeiras, Pablo and Lopez, Diego and Ramos-Munoz, Juan J. and Lorca, Javier and Folgueira, Jesus},
  journal={IEEE Commun. Mag.}, 
  title={{Network Slicing for 5G with SDN/NFV: Concepts, Architectures, and Challenges}}, 
  year={2017},
  month=may,
  volume={55},
  number={5},
  pages={80-87},
  keywords={5G mobile communication;Wireless communication;Virtualization;Servers;Indium phosphide;III-V semiconductor materials;Software defined networking},
  doi={10.1109/MCOM.2017.1600935}}

@ARTICLE{10045716,
  author={Zhou, Di and Sheng, Min and Li, Jiandong and Han, Zhu},
  journal={IEEE Commun. Surveys Tuts.}, 
  title={{Aerospace Integrated Networks Innovation for Empowering 6G: A Survey and Future Challenges}}, 
  year={2023},
  month= {Second quarter},
  volume={25},
  number={2},
  pages={975-1019},
  keywords={6G mobile communication;Satellites;Satellite broadcasting;Orbits;Uplink;Downlink;Low earth orbit satellites;Surveys;Aerospace integrated networks in 6G;spaceair-ground integrated system architecture;enabling technologies of 6G;network dynamics modeling and performance analysis;system optimization},
  doi={10.1109/COMST.2023.3245614}}

@ARTICLE{10003078,
  author={Xiao, Zhenyu and Mao, Tianqi and Han, Zhu and Xia, Xiang-Gen},
  journal={IEEE Wireless Commun.}, 
  title={{Near Space Communications: A New Regime in Space-Air-Ground Integrated Networks}}, 
  year={2022},
  month = Dec,
  volume={29},
  number={6},
  pages={38-45},
  keywords={Technical requirements;Cellular networks;Technological innovation;Mesh networks;Space communications;Modulation;Space-air-ground integrated networks},
  doi={10.1109/MWC.001.2200142}}

@ARTICLE{9275613,
  author={Giordani, Marco and Zorzi, Michele},
  journal={IEEE Network}, 
  title={{Non-Terrestrial Networks in the 6G Era: Challenges and Opportunities}}, 
  year={2021},
  month=mar,
  volume={35},
  number={2},
  pages={244-251},
  keywords={6G mobile communication;Wireless networks;Millimeter wave technology;Ecosystems;Logic gates;Energy efficiency},
  doi={10.1109/MNET.011.2000493}}

@ARTICLE{9861699,
  author={Azari, M. Mahdi and Solanki, Sourabh and Chatzinotas, Symeon and Kodheli, Oltjon and Sallouha, Hazem and Colpaert, Achiel and Mendoza Montoya, Jesus Fabian and Pollin, Sofie and Haqiqatnejad, Alireza and Mostaani, Arsham and Lagunas, Eva and Ottersten, Bjorn},
  journal={IEEE Commun. Surv. Tutc.}, 
  title={{Evolution of Non-Terrestrial Networks From 5G to 6G: A Survey}}, 
  year={2022},
  month={Fourth quarter},
  volume={24},
  number={4},
  pages={2633-2672},
  doi={10.1109/COMST.2022.3199901}}

@INPROCEEDINGS{9771560,
  author={Maity, Ilora and Vu, Thang X. and Chatzinotas, Symeon and Minardi, Mario},
  booktitle={2022 IEEE Wireless Communications and Networking Conference (WCNC)}, 
  title={D-ViNE: Dynamic Virtual Network Embedding in Non-Terrestrial Networks}, 
  year={2022},
  month=apr,
  address={Austin, TX},
  volume={},
  number={},
  pages={166-171},
  keywords={Satellites;Costs;Network topology;Heuristic algorithms;Conferences;Benchmark testing;Dynamic scheduling;Software-Defined Networking (SDN);Network Function Virtualization (NFV);Virtual Network Embedding (VNE);VNF Mapping;Virtual Link;Satellite Networks},
  doi={10.1109/WCNC51071.2022.9771560}}

@ARTICLE{10123085,
  author={Petrosino, Antonio and Piro, Giuseppe and Grieco, Luigi Alfredo and Boggia, Gennaro},
  journal={IEEE Trans. Netw. Service Manag.}, 
  title={{On the Optimal Deployment of Virtual Network Functions in Non-Terrestrial Segments}}, 
  year={2023},
  month=dec,
  volume={20},
  number={4},
  pages={4831-4845},
  keywords={Satellites;Delays;CubeSat;Optimization;Protocols;Low earth orbit satellites;Earth;6G;non-terrestrial network;virtual network functions;network optimization},
  doi={10.1109/TNSM.2023.3275248}}

@INPROCEEDINGS{8911669,
  author={Bacco, Manlio and Davoli, Franco and Giambene, Giovanni and Gotta, Alberto and Luglio, Michele and Marchese, Mario and Patrone, Fabio and Roseti, Cesare},
  booktitle={IEEE 2nd 5G World Forum (5GWF)}, 
  title={{Networking Challenges for Non-Terrestrial Networks Exploitation in 5G}}, 
  year={2019},
  month=sep,
  address={Dresden, Germany},
  volume={},
  number={},
  pages={623-628},
  doi={10.1109/5GWF.2019.8911669}}

@ARTICLE{8424236,
  author={Chen, Yunfei and Zhao, Nan and Ding, Zhiguo and Alouini, Mohamed-Slim},
  journal={IEEE Trans. Wireless Commun.}, 
  title={{Multiple UAVs as Relays: Multi-Hop Single Link Versus Multiple Dual-Hop Links}}, 
  year={2018},
  month=sep,
  volume={17},
  number={9},
  pages={6348-6359},
  keywords={Relays;Meters;Protocols;Base stations;Signal to noise ratio;Unmanned aerial vehicles;Wireless communication;Placement;relaying;unmanned aerial vehicle},
  doi={10.1109/TWC.2018.2859394}}


@ARTICLE{8463632,
  author={Fan, Jingyuan and Jiang, Meiling and Rottenstreich, Ori and Zhao, Yangming and Guan, Tong and Ramesh, Ram and Das, Sanjukta and Qiao, Chunming},
  journal={EEE J. Sel. Areas Commun.}, 
  title={{A Framework for Provisioning Availability of NFV in Data Center Networks}}, 
  year={2018},
  month = oct,
  volume={36},
  number={10},
  pages={2246-2259}}

@INPROCEEDINGS{7987282,
  author={Soualah, Oussama and Mechtri, Marouen and Ghribi, Chaima and Zeghlache, Djamal},
  booktitle={2017 IFIP/IEEE Symposium on Integrated Network and Service Management (IM)}, 
  title={{A Link Failure Recovery Algorithm for Virtual Network Function Chaining}}, 
  year={2017},
  month = may,
  address = {Lisbon, Portugal},
  volume={},
  number={},
  pages={213-221}}

@ARTICLE{10179962,
  author={Guo, Kuo and Chen, Jia and Dong, Ping and Zou, Tao and Zhu, Jun and Huang, Xu and Liu, Shang and Liao, Chenxi},
  journal={IEEE Trans. Cloud Comput.}, 
  title={{DTFL: A Digital Twin-Assisted Graph Neural Network Approach for Service Function Chains Failure Localization}}, 
  year={2023},
  month = Oct,
  volume={11},
  number={4},
  pages={3573-3590}}

@ARTICLE{9585385,
  author={Cao, Haotong and Zhao, Haitao and Luo, Daniel Xiapu and Kumar, Neeraj and Yang, Longxiang},
  journal={IEEE Trans. Intell. Transp. Syst.}, 
  title={{Dynamic Virtual Resource Allocation Mechanism for Survivable Services in Emerging NFV-Enabled Vehicular Networks}}, 
  year={2022},
  month = nov,
  volume={23},
  number={11},
  pages={22492-22504}}

@ARTICLE{7898396,
  author={Shahriar, Nashid and Ahmed, Reaz and Chowdhury, Shihabur Rahman and Khan, Aimal and Boutaba, Raouf and Mitra, Jeebak},
  journal={IEEE Trans. Netw. Serv.}, 
  title={{Generalized Recovery From Node Failure in Virtual Network Embedding}}, 
  year={2017},
  month = jun,
  volume={14},
  number={2},
  pages={261-274}}

@INPROCEEDINGS{8923413,
  author={Siasi, N. and Jaesim, A. and Aldalbahi, A. and Ghani, N.},
  booktitle={2019 International Conference on Wireless and Mobile Computing, Networking and Communications (WiMob)}, 
  title={{Link Failure Recovery in NFV for 5G and Beyond}}, 
  year={2019},
  month = oct,
  address = {Barcelona, Spain},
  volume={},
  number={},
  pages={144-148}}

@article{ZHANG2023109379,
  title = {{Cascading failure model and resilience enhancement scheme of space information networks}},
  journal = {Reliab. Eng. Syst. Safe.},
  volume = {237},
  pages = {109379},
  year = {2023},
  month = sept,
  issn = {0951-8320},
  author = {Le Zhang and Ye Du}}

@ARTICLE{10230313,
  author={Zhang, Le and Du, Ye and Sun, Zhengyang},
  journal={IEEE Trans. Network Sci. Eng.}, 
  title={{Modeling and Analysis of Cascading Failures in LEO Satellite Networks}}, 
  year={2024},
  month = jan,
  volume={11},
  number={1},
  pages={807-822},
  keywords={Satellites;Low earth orbit satellites;Power system protection;Power system faults;Satellite broadcasting;Logic gates;Load modeling;LEO satellite networks;cascading failures;robustness;cyber attacks;routing schemes},
  doi={10.1109/TNSE.2023.3308610}}

@ARTICLE{9296232,
  author={Bian, Simeng and Huang, Xi and Shao, Ziyu and Gao, Xin and Yang, Yang},
  journal={IEEE Trans. Netw. Serv.}, 
  title={{Service Chain Composition With Resource Failures in NFV Systems: A Game-Theoretic Perspective}}, 
  year={2021},
  month = mar,
  volume={18},
  number={1},
  pages={224-239}}

@ARTICLE{10398221,
  author={Jia, Min and Wu, Jian and Guo, Qing and Yang, Yang},
  journal={IEEE Network}, 
  title={{Service-Oriented SAGIN With Pervasive Intelligence for Resource-Constrained Users}}, 
  year={2024},
  month = mar,
  volume={38},
  number={2},
  pages={79-86}}

  @Article{fi16010027,
  AUTHOR = {Feng, Xu and He, Mengyang and Zhuang, Lei and Song, Yanrui and Peng, Rumeng},
  TITLE = {{Service Function Chain Deployment Algorithm Based on Deep Reinforcement Learning in Space-Air-Ground Integrated Network}},
  JOURNAL = {Future Internet},
  VOLUME = {16},
  YEAR = {2024},
  NUMBER = {1},
  month=jan,
  ARTICLE-NUMBER = {27},
  ISSN = {1999-5903}}

@ARTICLE{6676813,
  author={Guo, Bingli and Qiao, Chunming and Wang, Jianping and Yu, Hongfang and Zuo, Yongxia and Li, Juhao and Chen, Zhangyuan and He, Yongqi},
  journal={J. Lightwave Technol.}, 
  title={{Survivable Virtual Network Design and Embedding to Survive a Facility Node Failure}}, 
  year={2014},
  month=feb,
  volume={32},
  number={3},
  pages={483-493}}

@ARTICLE{6773024,
  author={Shannon, C. E.},
  journal={The Bell System Technical Journal}, 
  title={{A mathematical theory of communication}}, 
  year={1948},
  month=jul,
  volume={27},
  number={3},
  pages={379-423}}

@article{doi:10.1287/mnsc.47.9.1252.9784,
  author = {Teo, Chung-Piaw and Sethuraman, Jay and Tan, Wee-Peng},
  title = {{Gale-Shapley Stable Marriage Problem Revisited: Strategic Issues and Applications}},
  journal = {Management Science},
  volume = {47},
  number = {9},
  pages = {1252-1267},
  year = {2001},
  month=sep}

@ARTICLE{10579820,
  author={Chen, Qian and Guo, Zheng and Meng, Weixiao and Han, Shuai and Li, Cheng and Quek, Tony Q. S.},
  journal={IEEE Commun. Surv. Tutorials}, 
  title={{A Survey on Resource Management in Joint Communication and Computing-Embedded SAGIN}}, 
  year={2024},
  note= {early access},
  keywords={Surveys;Resource management;Tutorials;Task analysis;Satellite broadcasting;Satellites;Computer architecture;Artificial intelligence;enabling technology;joint communication and computing;resource management;space-airground integrated networks},
  doi={10.1109/COMST.2024.3421523}}

@Inbook{Liu2023,
  author="Liu, Jianwei and Bai, Lin and Jiang, Chunxiao and Zhang, Wei",
  title="Introduction to SAGIN Security",
  bookTitle="Space-Air-Ground Integrated Network Security",
  year="2023",
  month=mar,
  publisher="Springer Nature",
  address="Singapore"}

@ARTICLE{7534741,
  author={Gil Herrera, Juliver and Botero, Juan Felipe},
  journal={IEEE Trans. Netw. Serv.}, 
  title={{Resource Allocation in NFV: A Comprehensive Survey}}, 
  year={2016},
  month=sep,
  volume={13},
  number={3},
  pages={518-532}}

@ARTICLE{6963800,
  author={Hawilo, Hassan and Shami, Abdallah and Mirahmadi, Maysam and Asal, Rasool},
  journal={IEEE Network}, 
  title={{NFV: State of the Art, Challenges, and Implementation in Next Generation Mobile Networks (vEPC)}}, 
  year={2014},
  month=nov,
  volume={28},
  number={6},
  pages={18-26},
  keywords={5G mobile communication;Next generation networking;Virtual machine monitors;Mobile communication;Mobile computing;Servers},
  doi={10.1109/MNET.2014.6963800}}

@misc{rfc7665,
  series =    {Request for Comments},
  number =    7665,
  howpublished =  {RFC 7665},
  publisher = {RFC Editor},
  doi =       {10.17487/RFC7665},
  url =       {https://www.rfc-editor.org/info/rfc7665},
  author =    {Joel M. Halpern and Carlos Pignataro},
  title =     {{Service Function Chaining (SFC) Architecture}},
  pagetotal = 32,
  year =      2015,
  month =     oct}

@article{BHAMARE2016138,
  title = {{A Survey on Service Function Chaining}},
  journal = {J. Netw. Comput. Appl.},
  volume = {75},
  pages = {138-155},
  year = {2016},
  month=nov,
  issn = {1084-8045},
  author = {Deval Bhamare and Raj Jain and Mohammed Samaka and Aiman Erbad},
  }

@ARTICLE{10572013,
  author={Zhang, Yalin and Gao, Xiaozheng and Yuan, Hang and Yang, Kai and Kang, Jiawen and Wang, Ping and Niyato, Dusit},
  journal={IEEE Internet Things J.}, 
  title={{Joint UAV Trajectory and Power Allocation With Hybrid FSO/RF for Secure Space-Air-Ground Communications}}, 
  year={2024},
  volume={},
  number={},
  pages={},
  note = {early access},
  keywords={Autonomous aerial vehicles;Trajectory;Radio frequency;Optimization;Wireless communication;Resource management;Jamming;SAGIN;physical layer security;hybrid FSO/RF links;secrecy rate constraints},
  doi={10.1109/JIOT.2024.3419264}}

@ARTICLE{9628162,
  author={Guo, Hongzhi and Li, Jingyi and Liu, Jiajia and Tian, Na and Kato, Nei},
  journal={IEEE Commun. Surv. Tutorials}, 
  title={{A Survey on Space-Air-Ground-Sea Integrated Network Security in 6G}}, 
  year={2022},
  volume={24},
  number={1},
  pages={53-87},
  month= jan,
  doi={10.1109/COMST.2021.3131332}}

@ARTICLE{10061634,
  author={Chin, Wen-Long and Ko, Hsin-An and Chen, Ning-Wen and Chen, Pin-Wei and Jiang, Tao},
  journal={IEEE Network}, 
  title={{Securing NFV/SDN IoT Using VNFs Over a Compute-Intensive Hardware Resource in NFVI}}, 
  year={2023},
  volume={37},
  number={6},
  pages={248-254},
  month = nov,
  doi={10.1109/MNET.135.2200558}}

@ARTICLE{10089243,
  author={Nguyen, Dung H. P. and Lien, Yu-Hui and Liu, Bing-Hong and Chu, Shao-I and Nguyen, Tu N.},
  journal={IEEE Syst. J.}, 
  title={{Virtual Network Function Placement for Serving Weighted Services in NFV-Enabled Networks}}, 
  year={2023},
  volume={17},
  number={4},
  pages={5648-5659},
  month=dec,
  doi={10.1109/JSYST.2023.3257776}}

  @Article{electronics12183843,
  AUTHOR = {Erbati, Mohammad Mohammadi and Tajiki, Mohammad Mahdi and Schiele, Gregor},
  TITLE = {{Service Function Chaining to Support Ultra-Low Latency Communication in NFV}},
  JOURNAL = {Electronics},
  VOLUME = {12},
  YEAR = {2023},
  NUMBER = {18},
  month=sep,
  ARTICLE-NUMBER = {3843},
  ISSN = {2079-9292},
  DOI = {10.3390/electronics12183843}}

@ARTICLE{10090468,
  author={Attaoui, Wissal and Sabir, Essaid and Elbiaze, Halima and Guizani, Mohsen},
  journal={IEEE Trans. Netw. Serv.}, 
  title={{VNF and CNF Placement in 5G: Recent Advances and Future Trends}}, 
  year={2023},
  volume={20},
  number={4},
  pages={4698-4733},
  month=dec,
  doi={10.1109/TNSM.2023.3264005}}

@ARTICLE{10533654,
  author={Nguyen, Dung H. P. and Lin, Chih-Chieh and Nguyen, Tu N. and Chu, Shao-I and Liu, Bing-Hong},
  journal={IEEE Trans. Cloud Comput.}, 
  title={{Service Recovery in NFV-Enabled Networks: Algorithm Design and Analysis}}, 
  year={2024},
  volume={12},
  number={2},
  pages={800-813},
  month=apr,
  doi={10.1109/TCC.2024.3402185}}

@ARTICLE{10587207,
  author={Li, Guoxin and Chen, Honglong and Wu, Liantao and Chi, Xuejian and Yao, Junmei and Xia, Feng and Yu, Jiguo},
  journal={IEEE Internet Things J.}, 
  title={{Efficient Deployment and Scheduling of Shared VNF Instances in Mobile Edge Computing Networks}}, 
  year={2024},
  volume={},
  number={},
  note={early access},
  doi={10.1109/JIOT.2024.3424575}}

@ARTICLE{8869709,
  author={Liu, Dianxiong and Xu, Yuhua and Wang, Jinlong and Xu, Yitao and Anpalagan, Alagan and Wu, Qihui and Wang, Hai and Shen, Liang},
  journal={IEEE Wireless Commun.}, 
  title={{Self-Organizing Relay Selection in UAV Communication Networks: A Matching Game Perspective}}, 
  year={2019},
  volume={26},
  number={6},
  month=dec,
  pages={102-110},
  keywords={Relays;Drones;Task analysis;Communication networks;Optimization},
  doi={10.1109/MWC.001.1700434}}

@article{gallo1988shortest,
  title={Shortest Path Algorithms},
  author={Gallo, Giorgio and Pallottino, Stefano},
  journal={Annals of operations research},
  volume={13},
  number={1},
  pages={1--79},
  month=dec,
  year={1988},
  publisher={Springer}
}

@article{benedek2023complexity,
  title={{The Complexity of Matching Games: A Survey}},
  author={Benedek, M{\'a}rton and Bir{\'o}, P{\'e}ter and Johnson, Matthew and Paulusma, Dani{\"e}l and Ye, Xin},
  journal={J. Artif. Intell. Res.},
  volume={77},
  pages={459--485},
  month=jun,
  year={2023}
}

@ARTICLE{10638237,
  author={Wu, Yao and Jia, Ziye and Wu, Qihui and Lu, Zhuo},
  journal={IEEE Trans. Network Sci. Eng.}, 
  title={{Adaptive QoE-Aware SFC Orchestration in UAV Networks: A Deep Reinforcement Learning Approach}}, 
  year={2024},
  volume={},
  number={},
  pages={1-14},
  note = {early access},
  doi={10.1109/TNSE.2024.3442857}}

@ARTICLE{10360859,
  author={Iacovelli, Giovanni and Grieco, Giovanni and Petrosino, Antonio and Grieco, Luigi Alfredo and Boggia, Gennaro},
  journal={IEEE Trans. Commun.}, 
  title={Fair Energy and Data Rate Maximization in UAV-Powered IoT-Satellite Integrated Networks}, 
  year={2024},
  month=apr,
  volume={72},
  number={4},
  pages={2457-2469},
  keywords={Autonomous aerial vehicles;Internet of Things;Antenna arrays;Drones;Trajectory;Wireless communication;Resource management;Unmanned aerial vehicle;Internet of Things;wireless power transfer;satellite;optimization},
  doi={10.1109/TCOMM.2023.3343417}}

@book{balanis1996antenna,
  title={Antenna Theory: Analysis and Design},
  author={Balanis, Constantine A},
  year={1996},
  address = {Hoboken, NJ, USA},
  publisher={Wiley}
}